3209 5392
627 685 787 751 lractstm
803 685 842 749 le
858 684 1133 766 appellavimus.

773 808 994 867 distinetione).

369 946 462 1031 ¹Sicut
478 938 668 1010 coinfirmacio
691 943 766 1009 lacit
785 943 973 1008 sentenciam
989 964 1058 1007 esse
1076 943 1114 1031 b)
1131 941 1234 1006 utilem
1251 942 1418 1012 eocarere,
1441 939 1489 1001 sic
1603 976 1604 993 2

282 1054 447 1137 appellacio
462 1053 616 1136 intercipit
627 1059 728 1118 actum
740 1073 826 1117 suum
840 1059 871 1116 et
886 1052 982 1136 ipsam
997 1052 1127 1116 transire
1144 1072 1204 1115 non
1216 1050 1365 1134 permittit
1377 1050 1410 1112 in
1421 1069 1489 1112 rem
1603 1044 1604 1115 J

278 1163 455 1246 judicatam.
487 1162 574 1227 Unde
597 1163 635 1225 de
657 1161 913 1245 appellacionibus
935 1160 1100 1224 videamus.
1123 1161 1296 1243 Appellatio
1319 1160 1489 1224 secundum

284 1272 359 1335 iuris
377 1271 592 1335 diffinicionem
605 1276 653 1334 est
668 1271 707 1334 ad
723 1270 895 1353 superiores
910 1269 1092 1353 provocacio
1110 1275 1141 1333 et
1155 1271 1218 1333 vult
1231 1269 1298 1334 davi
1312 1270 1491 1354 plerumque

282 1385 351 1444 ante
379 1380 560 1443 sentencias.
595 1378 758 1444 Sciendum
774 1384 892 1451 autem,
920 1380 1001 1462 qood
1027 1380 1193 1462 appellacio
1222 1379 1371 1462 gradatim
1396 1377 1491 1441 debet

283 1488 364 1561 fieri,
392 1488 509 1551 scilicet
536 1476 718 1570 aplebano,
740 1487 766 1550 si
783 1493 831 1552 est
848 1487 1070 1560 necessarium,
1093 1488 1132 1551 ad
1148 1487 1421 1571 archidyaconum,
1452 1484 1489 1548 alo

282 1598 495 1662 archidiacono
511 1596 549 1660 ad
566 1596 751 1680 episcopum,
767 1596 806 1660 ab
824 1597 967 1679 episcopo
984 1597 1024 1660 ad
1038 1597 1311 1681 archiepiscopum,
1328 1597 1367 1660 alo
1384 1597 1490 1660 archi-

286 1710 430 1791 episcopo
447 1707 485 1770 ad
499 1726 624 1789 papam,
642 1706 699 1769 nisi
716 1708 794 1770 sorte
811 1706 863 1769 fiat
879 1707 972 1768 saltas
990 1706 1029 1793 c)
1045 1706 1076 1767 in
1093 1704 1430 1793 quibusdamdcasihns,
1459 1713 1491 1770 ut

287 1817 312 1878 si
330 1819 408 1880 sorte
424 1815 532 1898 aliquis
547 1814 636 1878 iudex
658 1814 737 1878 inter
758 1833 866 1897 papam
889 1819 920 1876 et
941 1813 1102 1896 plebanum
1125 1833 1293 1896 suspensus
1317 1816 1410 1879 fuerit
1440 1818 1493 1878 aut

285 1924 462 1997 interdictus
482 1925 529 1988 vel
549 1923 823 1987 excommunicatus
841 1923 889 1985 vel
902 1924 981 1986 forte
1006 1923 1170 2005 negligens
1189 1930 1220 1988 et
1234 1923 1444 1997 insufficiens3
1463 1928 1512 1987 et

282 2042 355 2100 tunc
382 2034 408 2096 is
424 2034 476 2121 d),
500 2034 550 2117 qai
578 2033 646 2097 talis
675 2040 732 2105 est,
761 2032 879 2097 admitti
897 2032 936 2119 e]
958 2038 1060 2114 potest
1091 2040 1122 2097 et
1139 2024 1188 2097 'ad
1216 2035 1306 2097 alium
1333 2036 1490 2117 appellari.

285 2147 358 2209 ltem
386 2143 482 2207 omnis
509 2142 674 2225 appellacio
692 2141 784 2205 dehet
798 2140 865 2204 lieri
893 2162 1060 2215 excausa,
1088 2142 1230 2207 videlicet
1257 2163 1293 2206 ex
1316 2143 1492 2225 suspicione

287 2255 335 2316 vel
349 2253 389 2340 f)
404 2252 563 2315 manifesto
592 2251 774 2334 gravamine.
803 2252 843 2314 Et
870 2251 920 2313 uli
942 2257 1068 2334 propter
1089 2252 1294 2334 suspicionem
1311 2252 1491 2334 appellatur,

287 2386 346 2429 non
367 2362 479 2427 sufficit
501 2360 644 2445 appellari
659 2358 701 2446 a)
719 2359 903 2423 solummodo
925 2365 1049 2442 propter
1066 2360 1286 2442 suspicionem,
1304 2361 1362 2424 nisi
1388 2361 1493 2443 suspi-

287 2473 383 2537 cionis
412 2492 502 2534 cause
530 2468 690 2533 manifeste
718 2468 884 2552 probentur
913 2472 944 2529 et
972 2468 1166 2532 sufficienter.
1199 2470 1272 2533 ltem
1296 2491 1355 2533 non
1378 2468 1495 2532 sufficit

286 2581 409 2663 allegari
437 2578 626 2662 gravamina,
654 2576 712 2640 nisi
740 2596 795 2659 per
822 2576 868 2637 ins
898 2582 929 2639 et
944 2576 1017 2639 sacti
1046 2576 1232 2641 evideneiam
1247 2578 1335 2660 plene
1359 2584 1492 2642 constet.

285 2692 393 2754 Coram
408 2687 557 2751 indicibus
574 2685 722 2768 delegatis
739 2685 765 2746 si
782 2684 873 2748 fuerit
894 2685 1112 2767 appellandum,
1131 2706 1148 2748 a
1171 2686 1362 2769 delegatione
1385 2688 1493 2770 appel-

285 2799 404 2863 labitur.
436 2797 551 2860 Tamen
579 2794 764 2877 quorundam
786 2798 834 2856 est
850 2792 967 2877 opinio,
1002 2793 1129 2876 quadiu
1153 2793 1264 2873 iudicio
1283 2796 1494 2878 delegatorum
1602 2788 1603 2791 '

288 2906 451 2993 appellacio
472 2904 568 2970 eciam
579 2924 634 2988 per
652 2905 745 2967 saltus
762 2902 976 2990 derivaleat1)
996 2908 1026 2967 et
1040 2903 1155 2967 eisdem
1174 2904 1218 2967 sie
1234 2902 1286 2990 h),
1306 2909 1332 2968 si
1349 2907 1424 2970 alias
1444 2911 1496 2969 est

290 3021 417 3104 ydonee,
434 3016 639 3081 deferendam.

380 3128 425 3191 De
441 3122 695 3209 appellacionilous
711 3128 781 3186 sunt
796 3122 901 3204 regule
917 3123 1091 3204 generales:
1110 3123 1214 3189 Omnis
1230 3125 1395 3207 appellacio
1412 3125 1446 3190 nt
1463 3127 1493 3190 in

291 3236 421 3320 scriptis.
435 3235 582 3319 inprimis
595 3237 726 3317 apponet
740 3230 773 3316 i)
786 3231 938 3313 appellans
952 3250 1060 3294 nomen
1072 3252 1168 3306 suum,
1183 3234 1292 3298 deinde
1305 3254 1415 3299 nomen
1428 3235 1494 3299 eius
1602 3290 1603 3317 3

291 3347 338 3410 vel
354 3365 457 3411 eorum
472 3350 578 3409 contra
594 3361 683 3427 qoem
699 3340 745 3403 vel
762 3359 837 3422 quos
861 3339 1007 3422 appellat,
1031 3341 1141 3405 deinde
1158 3363 1280 3407 causam
1296 3345 1493 3426 gravaminis,

291 3475 380 3539 qnam
408 3476 469 3518 non
491 3451 603 3517 sufficit
625 3451 729 3514 dicere
752 3447 808 3510 sed
830 3446 928 3510 eciam
944 3447 1114 3531 specificavi
1137 3457 1264 3534 oportet.
1296 3452 1494 3518 Postmodum

177 3612 182 3617 -
226 3604 231 3611 =
296 3564 451 3646 subiungit
467 3563 619 3647 appellans
635 3560 693 3634 ,ad
711 3558 801 3622 talem
816 3556 948 3630 locum,
965 3557 1011 3620 vel
1030 3559 1090 3632 ,ad
1112 3562 1202 3624 talem
1218 3561 1370 3625 iudicem“
1388 3560 1428 3648 a)
1445 3565 1493 3627 vel

293 3674 466 3763 specialiter
480 3672 539 3747 ,ad
555 3669 706 3735 dominum
720 3677 863 3749 papam“,
876 3671 907 3728 et
918 3666 949 3729 in
962 3665 1020 3729 line
1037 3666 1121 3749 ponit
1129 3690 1166 3731 se
1182 3675 1212 3733 et
1229 3689 1282 3732 sua
1300 3670 1355 3733 sub
1368 3679 1494 3753 protec-

291 3786 404 3851 tionem
431 3783 512 3854 eius,
541 3780 692 3862 adquam
719 3775 858 3858 appellat.
890 3775 929 3837 Et
957 3775 983 3836 si
1010 3777 1175 3858 appellatur
1198 3778 1231 3865 l)
1254 3779 1292 3841 ad
1321 3779 1493 3852 terminum,

292 3896 436 3964 terminus
454 3892 544 3956 debet
558 3888 638 3973 poni.
672 3887 745 3950 item
762 3884 936 3956 sciendum,
947 3884 985 3946 'si
1001 3887 1167 3969 appellatur
1184 3887 1221 3950 de
1238 3887 1388 3952 indicibus
1411 3889 1497 3952 dele-

276 4005 390 4091 gatis,
417 3994 513 4065 forma
536 3995 741 4080 delegacionis
769 3994 828 4057 erit
855 3992 911 4056 sub
940 4013 1043 4058 eorum
1071 3996 1221 4061 sententia
1249 3996 1295 4059 vel
1323 3997 1431 4080 aliquis
1458 3998 1495 4061 ah

294 4116 393 4199 aliquo
425 4108 616 4195 gravamine;
656 4104 701 4167 sic
734 4124 789 4186 per
822 4102 921 4166 omnia
951 4103 1058 4167 modus
1091 4105 1260 4170 servabitur
1291 4107 1496 4189 supradictus,

293 4222 467 4305 Exemplum
484 4221 571 4284 inira.

388 4388 421 4453 a)
447 4386 515 4439 Disl.
541 4382 585 4438 nl.
612 4382 686 4435 V.-
710 4378 742 4448 d)
771 4375 1050 4446 assevantem-e)
1068 4376 1193 4431 salutatio
1213 4377 1340 4448 V,-d)
1358 4378 1401 4433 liis
1420 4380 1449 4433 Z.
1465 4408 1496 4420 ..

297 4480 330 4548 e)
343 4475 470 4533 committi
482 4471 605 4543 V.-f)
620 4486 652 4524 ex
664 4472 692 4523 Z.
707 4470 788 4540 -g)
803 4467 915 4537 allegari
929 4467 955 4519 Z.
970 4466 1052 4536 -Ιι)
1070 4468 1108 4521 sit
1121 4486 1154 4522 zu
1173 4468 1335 4538 lesen-a)
1353 4472 1447 4540 ponet
1465 4500 1495 4510 -

296 4569 330 4636 Ic)
343 4568 398 4621 tale
416 4564 552 4619 indicium.
567 4562 597 4616 Z.
608 4590 644 4601 -
657 4561 682 4631 l)
705 4559 826 4630 appellat
838 4558 868 4612 V.
1410 4596 1415 4604 .

295 4685 623 4701 ...ο-..Μ

322 4750 345 4813 ¹)
363 4753 419 4798 llier
433 4765 495 4797 ιιιιι
513 4751 557 4806 „ad
573 4752 670 4809 papam“
689 4746 790 4804 ergdnzt
807 4744 853 4789 aad
870 4743 931 4790 dana
948 4744 988 4789 fiir
1003 4743 1092 4790 alodem
1110 4744 1186 4790 eidem
1201 4746 1300 4804 gelesen
1311 4745 1415 4793 werden.
