3209 5392
603 837 704 898 lerna
719 835 905 916 indulgentie
920 836 1110 900 revocabilis.

346 996 381 1059 R.
399 995 455 1058 Dei
471 993 567 1076 gratia
583 994 650 1057 talis
674 994 832 1076 episcopus
856 994 991 1058 omnibus
1014 996 1044 1058 in
1067 1014 1120 1057 sua
1137 993 1260 1078 dyocesi
1277 994 1449 1059 constitutis

258 1104 383 1168 salutem
399 1104 430 1167 in
446 1104 574 1167 omnium
592 1104 750 1165 salvatore.
785 1104 964 1166 Sanctorum
985 1103 1142 1166 invisibilis
1158 1104 1318 1176 habitator,
1336 1124 1450 1168 corona

258 1213 434 1275 certantium
447 1216 477 1274 et
488 1212 641 1274 martirum
652 1211 757 1292 palma,
771 1231 899 1292 sponsus
912 1217 1016 1274 sancte
1028 1212 1131 1275 matris
1145 1213 1285 1285 ecclesie,
1302 1213 1450 1276 candidus

258 1321 376 1404 quidem
388 1320 558 1384 innocentie
572 1318 711 1401 puritate,
723 1319 891 1381 rubricatus
905 1325 1009 1382 sancte
1021 1320 1170 1401 passionis
1183 1321 1340 1403 sanguine,
1357 1320 1449 1384 uber-

255 1433 325 1493 tatis
342 1451 395 1493 sue
412 1449 552 1513 sponsam
573 1427 621 1509 pie
643 1427 867 1509 propiciationis
890 1433 920 1491 et
937 1434 1080 1491 consuete
1102 1429 1302 1505 miserationis
1323 1450 1449 1492 munere

254 1539 431 1622 locupletat,
459 1536 678 1618 multiplicando
702 1556 804 1598 eorum
826 1557 993 1608 numerum,
1010 1538 1059 1621 qui
1076 1537 1139 1601 veri
1161 1539 1231 1620 agni
1246 1537 1448 1601 innocentiam

250 1648 345 1710 'verbo
374 1647 530 1729 predicant
548 1645 668 1727 'pariter
696 1650 726 1707 et
754 1645 903 1726 exemplo,
935 1646 984 1727 qui
1012 1646 1091 1708 exuti
1119 1647 1234 1729 pompis
1253 1637 1448 1709 secularibus

255 1762 380 1838 egentes
408 1754 554 1838 angustiis
576 1753 680 1817 afflicti
708 1758 776 1816 sunt
805 1758 835 1815 et
856 1774 911 1837 per
934 1753 1031 1817 omnia
1055 1756 1207 1836 speculum
1228 1755 1338 1817 mundo
1361 1755 1445 1817 facti.

251 1867 329 1929 ilinc
346 1872 393 1929 est
410 1866 489 1949 quod
505 1886 570 1936 nos,
587 1884 661 1946 quos
684 1862 757 1925 licet
777 1862 917 1944 indignos
935 1864 1057 1945 superni
1073 1864 1261 1946 providentia
1283 1862 1449 1926 conditoris

252 1975 453 2057 adpastoralis
462 1974 563 2037 extulit
575 1971 781 2036 sollicitudinis
795 1972 981 2052 dignitatem,
1000 1973 1172 2054 specialiter
1185 1972 1362 2036 ascribimus
1381 1971 1448 2032 eius

252 2085 330 2147 dono
362 2084 446 2146 cuius
479 2081 555 2145 oculi
587 2086 720 2144 nostrum
757 2080 906 2161 aspiciunt
937 2081 1153 2163 inperfectum,
1186 2088 1216 2145 et
1247 2080 1277 2143 in
1312 2080 1448 2142 seculum

248 2193 454 2257 benedicimus
472 2212 579 2254 nomen
597 2189 671 2261 eius,
689 2189 738 2272 qni
755 2189 865 2252 nostris
882 2190 1065 2271 temporibus
1082 2189 1226 2253 terminos
1242 2196 1345 2253 nostre
1363 2188 1448 2251 solli-

249 2303 374 2366 citudini
397 2303 553 2384 deputatos
575 2300 699 2362 fratrum
720 2298 757 2361 N.
776 2298 888 2362 ordinis
906 2298 1042 2362 domibus
1058 2298 1221 2371 benedixit,
1238 2299 1299 2383 qui,
1317 2297 1443 2361 calcatis

248 2412 349 2475 mundi
373 2409 533 2480 illecebris,
557 2407 671 2471 auctori
704 2407 841 2491 omnium¹
864 2407 974 2489 iugiter
1005 2408 1183 2472 famulantur
1220 2412 1251 2469 et
1288 2406 1375 2470 nobis
1409 2405 1448 2468 de

249 2519 391 2602 qualitate
408 2516 580 2579 meritorum
597 2512 799 2589 diffidentibus
823 2518 994 2576 sanctarum
1018 2494 1185 2578 orationum
1207 2534 1327 2577 suarum
1343 2519 1449 2595 patro-

248 2627 327 2690 cinio
356 2625 554 2707 suffragantur
561 2645 571 2696 ;
596 2621 786 2685 sanctificari.
805 2622 883 2685 enim
912 2638 978 2684 cum
1007 2622 1120 2685 sanctis
1143 2642 1297 2704 speramus
1327 2616 1446 2685 etheri

247 2756 315 2800 cum
331 2734 541 2797 innocentibus
558 2726 749 2795 innocentes,
762 2731 837 2794 Cum
851 2730 944 2811 igitur
957 2730 994 2793 ob
1009 2731 1073 2793 eius
1090 2750 1232 2802 amorem,
1249 2750 1338 2813 quem
1354 2729 1447 2792 iidem
1538 2731 1545 2747 '
1599 2740 1601 2751 '

247 2846 349 2908 dilecti
365 2846 474 2907 fratres
491 2841 590 2905 officio
613 2841 759 2904 sermonis
781 2839 942 2922 predicant
965 2844 995 2902 et
1017 2840 1150 2921 exemplo
1168 2857 1237 2901 rere
1258 2837 1446 2921 paupertatis

247 2958 399 3021 Christum
414 2974 575 3037 pauperem
591 2952 752 3024 imitantur,
768 2952 866 3033 ipsum
883 2950 1017 3012 ordinem
1038 2954 1141 3011 eterne
1157 2947 1293 3011 karitatis
1310 2948 1445 3010 brachiis

246 3065 457 3147 amplectamur
470 3068 500 3125 et
512 3081 654 3131 amemus,
667 3057 764 3140 rogati
771 3058 809 3120 ab
815 3057 888 3139 ipsis
896 3055 1048 3127 fratribus,
1061 3055 1222 3119 oratorium
1235 3055 1398 3118 eorundem
1407 3055 1446 3142 a)

244 3175 275 3235 in
298 3171 350 3234 tali
366 3170 485 3233 civitate
503 3168 695 3231 constitutum
718 3166 756 3229 ad
778 3165 924 3227 honorem
939 3163 995 3226 D'ei
1020 3170 1051 3227 et
1078 3170 1182 3226 sancte
1206 3163 1309 3225 matris
1326 3162 1393 3224 eius
1410 3163 1441 3225 in

245 3271 1442 3361 Kalendislllaijdedicavimus,secundumquodofliciinostridebitumexigebat,
1533 3292 1538 3305 ·

190 3467 196 3485 ἢ
248 3394 429 3471 cooperante
441 3385 527 3449 nobis
535 3386 631 3467 gratia
643 3382 988 3466 sapientieseptiformis.
1002 3382 1042 3444 ut
1054 3388 1086 3445 ut
1094 3380 1131 3467 ὂ)
1139 3381 1225 3443 huius
1240 3379 1440 3443 dedicationis

131 3537 208 3582 „m
217 3538 238 3576 1,
248 3497 392 3563 memoria
408 3495 551 3578 deinceps
566 3495 712 3558 habeatur
728 3500 759 3557 et
782 3493 861 3556 omni
877 3491 1036 3555 devotione
1059 3495 1090 3553 et
1105 3489 1274 3553 reverentia
1296 3509 1314 3551 a
1330 3488 1445 3551 Christi

249 3606 386 3671 fidelibus
421 3603 569 3667 celebrius
602 3604 825 3685 frequentetur,
852 3599 1029 3662 auctoritate
1058 3598 1144 3661 nobis
1167 3596 1264 3659 aDeo
1288 3616 1447 3669 concessa,

251 3712 481 3799 cooperantibus
512 3712 673 3776 infirmitati
691 3712 727 3790 ο)
746 3716 847 3773 nostre
886 3730 988 3771 eorum
1021 3707 1135 3795 meritis
1168 3706 1217 3789 qui
1248 3705 1278 3767 in
1295 3705 1336 3790 d]
1359 3705 1448 3768 dedi·

252 3825 376 3888 cationis
394 3823 442 3886 die
458 3823 584 3886 Domino
601 3822 777 3885 famulantur
792 3819 914 3890 ibidem,
928 3823 958 3880 et
975 3816 1109 3879 omnibus
1127 3815 1176 3898 qui
1194 3814 1231 3901 e)
1248 3813 1400 3876 humiliter
1417 3819 1447 3876 et

253 3932 359 3996 devote
374 3932 486 3995 ibidem
503 3931 705 4001 convenerint,
722 3949 811 3992 unam
827 3923 975 3989 barrinam
993 3930 1023 3988 et
1037 3926 1088 3988 Xh
1106 3925 1170 3987 dies
1187 3920 1383 3985 criminalium
1407 3920 1445 3984 de

253 4043 384 4104 iniuncta
401 4040 445 4103 eis
461 4041 625 4122 penitentia
642 4036 879 4102 misericorditer
893 4035 1069 4098 relaxamus.

580 4244 684 4305 lerna
699 4240 883 4322 indulgentie
900 4237 1099 4322 prerogativa.

346 4386 510 4484 Gregorius
536 4402 694 4483 episcopus
717 4420 741 4462 s.
777 4421 801 4461 s.
836 4398 893 4461 Dei
926 4398 1035 4460 dilecto
1066 4396 1096 4457 in
1123 4393 1244 4457 Christo
1261 4389 1322 4453 lilio
1339 4389 1443 4453 abbati

254 4513 307 4577 tali
338 4512 462 4574 salutem
494 4516 551 4573 etc.
583 4507 764 4593 Mistioisf)
796 4507 938 4571 misteriis
969 4504 1101 4568 deservit
1132 4509 1162 4566 et
1192 4501 1350 4564 famulatur
1380 4498 1446 4561 iure

346 4694 380 4761 a)
401 4692 511 4748 eundem
523 4692 553 4747 V.
569 4722 595 4731 -
614 4691 646 4760 b)
660 4694 689 4744 ut
701 4690 770 4745 fehlt
781 4689 811 4743 V.
825 4689 897 4755 -c)
915 4686 1064 4741 infirmitate
1078 4685 1108 4738 V.
1125 4713 1154 4723 -
1170 4682 1205 4751 d)
1228 4679 1300 4733 dicte
1320 4680 1349 4731 Ζ.
1367 4708 1395 4718 -
1414 4679 1445 4747 e)

257 4786 282 4837 in
296 4785 411 4838 eiusdem
425 4783 598 4838 dedicationis
613 4783 655 4835 die
668 4783 701 4835 ad
714 4780 813 4833 dictum
826 4779 1011 4832 monasterium
1024 4777 1051 4830 Z.
1070 4805 1098 4815 -·
1112 4773 1144 4844 f)
1158 4774 1199 4826 rel
1214 4771 1294 4824 rebus
1308 4770 1335 4821 Z.
