<?xml version="1.0" encoding="UTF-8"?>
<!DOCTYPE html PUBLIC "-//W3C//DTD XHTML 1.0 Transitional//EN"
    "http://www.w3.org/TR/xhtml1/DTD/xhtml1-transitional.dtd">
<html xmlns="http://www.w3.org/1999/xhtml" xml:lang="en" lang="en">
 <head>
  <title>
</title>
<meta http-equiv="Content-Type" content="text/html;charset=utf-8" />
  <meta name='ocr-system' content='tesseract 3.04.00' />
  <meta name='ocr-capabilities' content='ocr_page ocr_carea ocr_par ocr_line ocrx_word'/>
</head>
<body>
  <div class='ocr_page' id='page_1' title='image "./fontesrerumaust00unkngoog_0068.png"; bbox 0 0 3209 5392; ppageno 0'>
   <div class='ocr_carea' id='block_1_1' title="bbox 1277 493 1324 565">
    <p class='ocr_par' dir='ltr' id='par_1_1' title="bbox 1277 493 1324 565">
     <span class='ocr_line' id='line_1_1' title="bbox 1277 493 1324 565; baseline -0.021 0"><span class='ocrx_word' id='word_1_1' title='bbox 1277 493 1324 565; x_wconf 78' lang='lat'><strong>41</strong></span> 
     </span>
    </p>
   </div>
   <div class='ocr_carea' id='block_1_2' title="bbox 127 661 1332 969">
    <p class='ocr_par' dir='ltr' id='par_1_2' title="bbox 127 661 1332 969">
     <span class='ocr_line' id='line_1_2' title="bbox 128 661 1330 751; baseline 0.004 -27"><span class='ocrx_word' id='word_1_2' title='bbox 128 661 261 745; x_wconf 79' lang='lat' dir='ltr'><strong>spacium</strong></span> <span class='ocrx_word' id='word_1_3' title='bbox 280 685 341 729; x_wconf 90' lang='lat' dir='ltr'><strong>non</strong></span> <span class='ocrx_word' id='word_1_4' title='bbox 357 663 493 730; x_wconf 85' lang='lat' dir='ltr'><strong>haberet.</strong></span> <span class='ocrx_word' id='word_1_5' title='bbox 526 667 590 730; x_wconf 87' lang='lat' dir='ltr'><strong>Nos</strong></span> <span class='ocrx_word' id='word_1_6' title='bbox 613 669 705 749; x_wconf 84' lang='lat' dir='ltr'><strong>igitur</strong></span> <span class='ocrx_word' id='word_1_7' title='bbox 720 668 870 732; x_wconf 90' lang='lat' dir='ltr'><strong>attencius</strong></span> <span class='ocrx_word' id='word_1_8' title='bbox 898 673 1073 749; x_wconf 81' lang='lat' dir='ltr'><strong>pensantes,</strong></span> <span class='ocrx_word' id='word_1_9' title='bbox 1102 667 1181 751; x_wconf 91' lang='lat' dir='ltr'><strong>quod</strong></span> <span class='ocrx_word' id='word_1_10' title='bbox 1208 667 1330 732; x_wconf 77' lang='lat' dir='ltr'><strong>inducie</strong></span> 
     </span>
     <span class='ocr_line' id='line_1_3' title="bbox 128 771 1331 861; baseline 0.003 -26"><span class='ocrx_word' id='word_1_11' title='bbox 128 771 289 837; x_wconf 86' lang='lat' dir='ltr'><strong>arbitrario</strong></span> <span class='ocrx_word' id='word_1_12' title='bbox 307 782 387 846; x_wconf 90' lang='lat' dir='ltr'><strong>sunt,</strong></span> <span class='ocrx_word' id='word_1_13' title='bbox 404 780 434 838; x_wconf 92' lang='lat' dir='ltr'><strong>et</strong></span> <span class='ocrx_word' id='word_1_14' title='bbox 451 775 530 858; x_wconf 90' lang='lat' dir='ltr'><strong>quod</strong></span> <span class='ocrx_word' id='word_1_15' title='bbox 548 775 696 840; x_wconf 86' lang='lat' dir='ltr'><strong>distaucia</strong></span> <span class='ocrx_word' id='word_1_16' title='bbox 712 777 847 840; x_wconf 90' lang='lat' dir='ltr'><strong>locorum</strong></span> <span class='ocrx_word' id='word_1_17' title='bbox 864 796 924 838; x_wconf 90' lang='lat' dir='ltr'><strong>uon</strong></span> <span class='ocrx_word' id='word_1_18' title='bbox 946 782 993 840; x_wconf 89' lang='lat' dir='ltr'><strong>est</strong></span> <span class='ocrx_word' id='word_1_19' title='bbox 1014 776 1094 848; x_wconf 88' lang='lat' dir='ltr'><strong>talis,</strong></span> <span class='ocrx_word' id='word_1_20' title='bbox 1112 776 1193 861; x_wconf 94' lang='lat' dir='ltr'><strong>quod</strong></span> <span class='ocrx_word' id='word_1_21' title='bbox 1209 777 1331 851; x_wconf 85' lang='lat' dir='ltr'><strong>causari</strong></span> 
     </span>
     <span class='ocr_line' id='line_1_4' title="bbox 127 881 1332 969; baseline 0.005 -26"><span class='ocrx_word' id='word_1_22' title='bbox 127 881 189 944; x_wconf 89' lang='lat' dir='ltr'><strong>iure</strong></span> <span class='ocrx_word' id='word_1_23' title='bbox 202 884 326 947; x_wconf 83' lang='lat' dir='ltr'><strong>valeant</strong></span> <span class='ocrx_word' id='word_1_24' title='bbox 342 903 434 966; x_wconf 90' lang='lat' dir='ltr'><strong>super</strong></span> <span class='ocrx_word' id='word_1_25' title='bbox 450 905 485 946; x_wconf 90' lang='lat' dir='ltr'><strong>eo</strong></span> <span class='ocrx_word' id='word_1_26' title='bbox 503 885 603 949; x_wconf 88' lang='lat' dir='ltr'><strong>datum</strong></span> <span class='ocrx_word' id='word_1_27' title='bbox 620 885 677 949; x_wconf 92' lang='lat' dir='ltr'><strong>sibi</strong></span> <span class='ocrx_word' id='word_1_28' title='bbox 693 886 853 949; x_wconf 88' lang='lat' dir='ltr'><strong>terminum</strong></span> <span class='ocrx_word' id='word_1_29' title='bbox 869 885 956 948; x_wconf 89' lang='lat' dir='ltr'><strong>nimis</strong></span> <span class='ocrx_word' id='word_1_30' title='bbox 970 891 1081 949; x_wconf 91' lang='lat' dir='ltr'><strong>artum:</strong></span> <span class='ocrx_word' id='word_1_31' title='bbox 1102 885 1139 949; x_wconf 91' lang='lat' dir='ltr'><strong>de</strong></span> <span class='ocrx_word' id='word_1_32' title='bbox 1151 887 1332 969; x_wconf 76' lang='lat' dir='ltr'>prudentum</span> 
     </span>
    </p>
   </div>
   <div class='ocr_carea' id='block_1_3' title="bbox 37 991 1331 1164">
    <p class='ocr_par' dir='ltr' id='par_1_3' title="bbox 37 991 1331 1164">
     <span class='ocr_line' id='line_1_5' title="bbox 37 991 1331 1079; baseline 0.005 -29"><span class='ocrx_word' id='word_1_33' title='bbox 37 998 40 1003; x_wconf 75' lang='grc'>’</span> <span class='ocrx_word' id='word_1_34' title='bbox 126 991 257 1055; x_wconf 87' lang='lat' dir='ltr'><strong>virorum</strong></span> <span class='ocrx_word' id='word_1_35' title='bbox 275 992 403 1055; x_wconf 87' lang='lat' dir='ltr'><strong>consilio</strong></span> <span class='ocrx_word' id='word_1_36' title='bbox 422 998 452 1057; x_wconf 88' lang='lat' dir='ltr'><strong>et</strong></span> <span class='ocrx_word' id='word_1_37' title='bbox 467 995 697 1078; x_wconf 78' lang='lat' dir='ltr'><strong>interloquendo</strong></span> <span class='ocrx_word' id='word_1_38' title='bbox 714 995 958 1079; x_wconf 81' lang='lat' dir='ltr'><strong>pronunciamus,</strong></span> <span class='ocrx_word' id='word_1_39' title='bbox 972 994 1209 1078; x_wconf 86' lang='lat' dir='ltr'><strong>appellacionem</strong></span> <span class='ocrx_word' id='word_1_40' title='bbox 1225 995 1331 1059; x_wconf 90' lang='lat' dir='ltr'><strong>huius-</strong></span> 
     </span>
     <span class='ocr_line' id='line_1_6' title="bbox 128 1099 415 1164; baseline 0.007 -2"><span class='ocrx_word' id='word_1_41' title='bbox 128 1099 205 1164; x_wconf 89' lang='lat' dir='ltr'><strong>modi</strong></span> <span class='ocrx_word' id='word_1_42' title='bbox 223 1120 287 1164; x_wconf 91' lang='lat' dir='ltr'><strong>non</strong></span> <span class='ocrx_word' id='word_1_43' title='bbox 303 1100 415 1164; x_wconf 88' lang='lat' dir='ltr'><strong>valere.</strong></span> 
     </span>
    </p>
   </div>
   <div class='ocr_carea' id='block_1_4' title="bbox 408 1305 1048 1372">
    <p class='ocr_par' dir='ltr' id='par_1_4' title="bbox 408 1305 1048 1372">
     <span class='ocr_line' id='line_1_7' title="bbox 408 1305 1048 1372; baseline 0.005 -7"><span class='ocrx_word' id='word_1_44' title='bbox 408 1305 511 1368; x_wconf 77' lang='grc'><strong>111111</strong></span> <span class='ocrx_word' id='word_1_45' title='bbox 527 1307 680 1370; x_wconf 83' lang='grc'><strong>1111111111</strong></span> <span class='ocrx_word' id='word_1_46' title='bbox 697 1307 734 1372; x_wconf 84' lang='grc'><strong>11</strong></span> <span class='ocrx_word' id='word_1_47' title='bbox 752 1309 873 1371; x_wconf 79' lang='lat' dir='ltr'><strong>arbitris</strong></span> <span class='ocrx_word' id='word_1_48' title='bbox 889 1307 1048 1370; x_wconf 84' lang='lat' dir='ltr'><strong>iudicibus.</strong></span> 
     </span>
    </p>
   </div>
   <div class='ocr_carea' id='block_1_5' title="bbox 127 1482 1417 4516">
    <p class='ocr_par' dir='ltr' id='par_1_5' title="bbox 127 1482 1417 4516">
     <span class='ocr_line' id='line_1_8' title="bbox 214 1482 1329 1567; baseline 0 -23"><span class='ocrx_word' id='word_1_49' title='bbox 214 1482 248 1544; x_wconf 93' lang='lat' dir='ltr'><strong>ln</strong></span> <span class='ocrx_word' id='word_1_50' title='bbox 271 1502 352 1547; x_wconf 91' lang='lat' dir='ltr'><strong>nom.</strong></span> <span class='ocrx_word' id='word_1_51' title='bbox 377 1482 471 1564; x_wconf 87' lang='lat' dir='ltr'><strong>patris</strong></span> <span class='ocrx_word' id='word_1_52' title='bbox 494 1488 525 1546; x_wconf 93' lang='lat' dir='ltr'><strong>et</strong></span> <span class='ocrx_word' id='word_1_53' title='bbox 547 1483 598 1546; x_wconf 87' lang='lat' dir='ltr'><strong>lilii</strong></span> <span class='ocrx_word' id='word_1_54' title='bbox 616 1490 686 1548; x_wconf 89' lang='lat' dir='ltr'><strong>ets.</strong></span> <span class='ocrx_word' id='word_1_55' title='bbox 706 1486 813 1549; x_wconf 85' lang='lat' dir='ltr'><strong>sancti.</strong></span> <span class='ocrx_word' id='word_1_56' title='bbox 832 1485 866 1548; x_wconf 83' lang='lat' dir='ltr'><strong>F.</strong></span> <span class='ocrx_word' id='word_1_57' title='bbox 883 1483 940 1548; x_wconf 91' lang='lat' dir='ltr'><strong>Dei</strong></span> <span class='ocrx_word' id='word_1_58' title='bbox 957 1486 1061 1567; x_wconf 82' lang='lat' dir='ltr'><strong>gracia</strong></span> <span class='ocrx_word' id='word_1_59' title='bbox 1076 1482 1329 1565; x_wconf 83' lang='lat' dir='ltr'><strong>Magdburgeusis</strong></span> 
     </span>
     <span class='ocr_line' id='line_1_9' title="bbox 129 1579 1330 1679; baseline 0.001 -28"><span class='ocrx_word' id='word_1_60' title='bbox 129 1591 258 1655; x_wconf 83' lang='lat' dir='ltr'><strong>ecclesie</strong></span> <span class='ocrx_word' id='word_1_61' title='bbox 293 1591 466 1674; x_wconf 91' lang='lat' dir='ltr'><strong>episcopus,</strong></span> <span class='ocrx_word' id='word_1_62' title='bbox 484 1591 518 1655; x_wconf 83' lang='lat' dir='ltr'><strong>C.</strong></span> <span class='ocrx_word' id='word_1_63' title='bbox 548 1592 587 1679; x_wconf 80' lang='grc' dir='ltr'><strong>α)</strong></span> <span class='ocrx_word' id='word_1_64' title='bbox 617 1579 830 1658; x_wconf 82' lang='lat' dir='ltr'><strong>miseracione</strong></span> <span class='ocrx_word' id='word_1_65' title='bbox 850 1594 949 1657; x_wconf 91' lang='lat' dir='ltr'><strong>divina</strong></span> <span class='ocrx_word' id='word_1_66' title='bbox 980 1594 1163 1675; x_wconf 89' lang='lat' dir='ltr'><strong>prepositus,</strong></span> <span class='ocrx_word' id='word_1_67' title='bbox 1195 1591 1228 1654; x_wconf 85' lang='lat' dir='ltr'><strong>C.</strong></span> <span class='ocrx_word' id='word_1_68' title='bbox 1261 1591 1330 1655; x_wconf 88' lang='lat' dir='ltr'><strong>talis</strong></span> 
     </span>
     <span class='ocr_line' id='line_1_10' title="bbox 129 1699 1331 1782; baseline 0.002 -21"><span class='ocrx_word' id='word_1_69' title='bbox 129 1699 273 1774; x_wconf 89' lang='lat' dir='ltr'><strong>decanus,</strong></span> <span class='ocrx_word' id='word_1_70' title='bbox 292 1721 348 1763; x_wconf 90' lang='lat' dir='ltr'><strong>nos</strong></span> <span class='ocrx_word' id='word_1_71' title='bbox 366 1700 455 1762; x_wconf 86' lang='lat' dir='ltr'><strong>electi</strong></span> <span class='ocrx_word' id='word_1_72' title='bbox 471 1699 575 1764; x_wconf 91' lang='lat' dir='ltr'><strong>arbitri</strong></span> <span class='ocrx_word' id='word_1_73' title='bbox 589 1722 607 1764; x_wconf 92' lang='grc'><strong>1</strong></span> <span class='ocrx_word' id='word_1_74' title='bbox 621 1702 740 1767; x_wconf 90' lang='lat' dir='ltr'><strong>domino</strong></span> <span class='ocrx_word' id='word_1_75' title='bbox 757 1722 793 1766; x_wconf 85' lang='lat' dir='ltr'><strong>ao</strong></span> <span class='ocrx_word' id='word_1_76' title='bbox 810 1702 900 1766; x_wconf 94' lang='lat' dir='ltr'><strong>nobili</strong></span> <span class='ocrx_word' id='word_1_77' title='bbox 917 1702 981 1765; x_wconf 91' lang='lat' dir='ltr'><strong>viro</strong></span> <span class='ocrx_word' id='word_1_78' title='bbox 993 1701 1048 1773; x_wconf 92' lang='lat' dir='ltr'><strong>N.;</strong></span> <span class='ocrx_word' id='word_1_79' title='bbox 1061 1699 1145 1764; x_wconf 78' lang='grc' dir='ltr'><strong>-Ο,</strong></span> <span class='ocrx_word' id='word_1_80' title='bbox 1155 1699 1211 1764; x_wconf 88' lang='lat' dir='ltr'><strong>Dei</strong></span> <span class='ocrx_word' id='word_1_81' title='bbox 1227 1700 1331 1782; x_wconf 74' lang='lat' dir='ltr'><strong>gracia</strong></span> 
     </span>
     <span class='ocr_line' id='line_1_11' title="bbox 129 1807 1331 1891; baseline 0 -21"><span class='ocrx_word' id='word_1_82' title='bbox 129 1807 221 1873; x_wconf 88' lang='lat' dir='ltr'><strong>abbas</strong></span> <span class='ocrx_word' id='word_1_83' title='bbox 250 1809 339 1881; x_wconf 86' lang='lat' dir='ltr'><strong>talis,</strong></span> <span class='ocrx_word' id='word_1_84' title='bbox 362 1810 396 1870; x_wconf 89' lang='lat' dir='ltr'><strong>B.</strong></span> <span class='ocrx_word' id='word_1_85' title='bbox 419 1810 591 1891; x_wconf 88' lang='lat' dir='ltr'><strong>prepositus</strong></span> <span class='ocrx_word' id='word_1_86' title='bbox 620 1817 651 1875; x_wconf 93' lang='lat' dir='ltr'><strong>et</strong></span> <span class='ocrx_word' id='word_1_87' title='bbox 671 1814 705 1875; x_wconf 82' lang='lat' dir='ltr'><strong>A.</strong></span> <span class='ocrx_word' id='word_1_88' title='bbox 730 1812 864 1875; x_wconf 90' lang='lat' dir='ltr'><strong>decanus</strong></span> <span class='ocrx_word' id='word_1_89' title='bbox 893 1810 1026 1874; x_wconf 89' lang='lat' dir='ltr'><strong>ecclesie</strong></span> <span class='ocrx_word' id='word_1_90' title='bbox 1048 1811 1134 1882; x_wconf 89' lang='lat' dir='ltr'><strong>talis,</strong></span> <span class='ocrx_word' id='word_1_91' title='bbox 1163 1829 1217 1872; x_wconf 92' lang='lat' dir='ltr'><strong>nos</strong></span> <span class='ocrx_word' id='word_1_92' title='bbox 1240 1809 1331 1872; x_wconf 90' lang='lat' dir='ltr'><strong>electi</strong></span> 
     </span>
     <span class='ocr_line' id='line_1_12' title="bbox 127 1916 1330 2003; baseline -0.001 -22"><span class='ocrx_word' id='word_1_93' title='bbox 127 1918 267 1982; x_wconf 83' lang='lat' dir='ltr'><strong>arbitria</strong></span> <span class='ocrx_word' id='word_1_94' title='bbox 285 1917 405 1981; x_wconf 92' lang='lat' dir='ltr'><strong>domiuo</strong></span> <span class='ocrx_word' id='word_1_95' title='bbox 423 1917 534 1982; x_wconf 80' lang='lat' dir='ltr'><strong>abbate</strong></span> <span class='ocrx_word' id='word_1_96' title='bbox 558 1919 689 1982; x_wconf 89' lang='lat' dir='ltr'><strong>ecclesie</strong></span> <span class='ocrx_word' id='word_1_97' title='bbox 712 1919 791 1993; x_wconf 91' lang='lat' dir='ltr'><strong>talis,</strong></span> <span class='ocrx_word' id='word_1_98' title='bbox 809 1920 841 1982; x_wconf 94' lang='lat' dir='ltr'><strong>in</strong></span> <span class='ocrx_word' id='word_1_99' title='bbox 858 1940 961 1992; x_wconf 83' lang='lat' dir='ltr'><strong>causa,</strong></span> <span class='ocrx_word' id='word_1_100' title='bbox 979 1938 1037 2002; x_wconf 91' lang='lat' dir='ltr'><strong>que</strong></span> <span class='ocrx_word' id='word_1_101' title='bbox 1054 1918 1181 1982; x_wconf 89' lang='lat' dir='ltr'><strong>vertitur</strong></span> <span class='ocrx_word' id='word_1_102' title='bbox 1196 1918 1276 1981; x_wconf 92' lang='lat' dir='ltr'><strong>iuter</strong></span> <span class='ocrx_word' id='word_1_103' title='bbox 1291 1916 1330 2003; x_wconf 77' lang='lat' dir='ltr'><strong>b)</strong></span> 
     </span>
     <span class='ocr_line' id='line_1_13' title="bbox 129 2025 1331 2109; baseline -0.003 -17"><span class='ocrx_word' id='word_1_104' title='bbox 129 2029 255 2092; x_wconf 89' lang='lat' dir='ltr'><strong>eundem</strong></span> <span class='ocrx_word' id='word_1_105' title='bbox 269 2025 421 2091; x_wconf 89' lang='lat' dir='ltr'><strong>dominum</strong></span> <span class='ocrx_word' id='word_1_106' title='bbox 434 2029 480 2100; x_wconf 90' lang='grc' dir='ltr'><strong>Β.,</strong></span> <span class='ocrx_word' id='word_1_107' title='bbox 493 2026 695 2091; x_wconf 84' lang='lat' dir='ltr'><strong>venerabilem</strong></span> <span class='ocrx_word' id='word_1_108' title='bbox 712 2028 853 2092; x_wconf 90' lang='lat' dir='ltr'><strong>abbatem</strong></span> <span class='ocrx_word' id='word_1_109' title='bbox 866 2028 997 2091; x_wconf 89' lang='lat' dir='ltr'><strong>ecclesie</strong></span> <span class='ocrx_word' id='word_1_110' title='bbox 1009 2027 1145 2109; x_wconf 89' lang='lat' dir='ltr'><strong>predicte</strong></span> <span class='ocrx_word' id='word_1_111' title='bbox 1159 2034 1190 2090; x_wconf 91' lang='grc'><strong>11</strong></span> <span class='ocrx_word' id='word_1_112' title='bbox 1202 2027 1331 2089; x_wconf 92' lang='lat' dir='ltr'><strong>nobilem</strong></span> 
     </span>
     <span class='ocr_line' id='line_1_14' title="bbox 128 2135 1331 2219; baseline -0.002 -20"><span class='ocrx_word' id='word_1_113' title='bbox 128 2138 220 2200; x_wconf 90' lang='lat' dir='ltr'><strong>virum</strong></span> <span class='ocrx_word' id='word_1_114' title='bbox 236 2141 446 2208; x_wconf 86' lang='lat' dir='ltr'><strong>memoratum,</strong></span> <span class='ocrx_word' id='word_1_115' title='bbox 474 2136 519 2198; x_wconf 88' lang='lat' dir='ltr'><strong>sic</strong></span> <span class='ocrx_word' id='word_1_116' title='bbox 547 2135 670 2199; x_wconf 86' lang='lat' dir='ltr'><strong>arbitrio</strong></span> <span class='ocrx_word' id='word_1_117' title='bbox 700 2137 835 2200; x_wconf 79' lang='lat' dir='ltr'><strong>duximus</strong></span> <span class='ocrx_word' id='word_1_118' title='bbox 857 2136 1097 2219; x_wconf 90' lang='lat' dir='ltr'><strong>procedendum:</strong></span> <span class='ocrx_word' id='word_1_119' title='bbox 1131 2137 1205 2200; x_wconf 85' lang='lat' dir='ltr'><strong>Cum</strong></span> <span class='ocrx_word' id='word_1_120' title='bbox 1233 2136 1331 2200; x_wconf 91' lang='lat' dir='ltr'><strong>dictus</strong></span> 
     </span>
     <span class='ocr_line' id='line_1_15' title="bbox 129 2243 1332 2328; baseline -0.002 -20"><span class='ocrx_word' id='word_1_121' title='bbox 129 2243 219 2308; x_wconf 84' lang='lat' dir='ltr'><strong>abbas</strong></span> <span class='ocrx_word' id='word_1_122' title='bbox 234 2251 343 2308; x_wconf 88' lang='lat' dir='ltr'><strong>contra</strong></span> <span class='ocrx_word' id='word_1_123' title='bbox 357 2243 485 2307; x_wconf 92' lang='lat' dir='ltr'><strong>nobilem</strong></span> <span class='ocrx_word' id='word_1_124' title='bbox 502 2245 705 2326; x_wconf 87' lang='lat' dir='ltr'><strong>supradictum</strong></span> <span class='ocrx_word' id='word_1_125' title='bbox 713 2245 914 2327; x_wconf 88' lang='lat' dir='ltr'><strong>protenderet</strong></span> <span class='ocrx_word' id='word_1_126' title='bbox 926 2244 1075 2308; x_wconf 88' lang='lat' dir='ltr'><strong>actionem</strong></span> <span class='ocrx_word' id='word_1_127' title='bbox 1088 2264 1179 2327; x_wconf 89' lang='lat' dir='ltr'><strong>super</strong></span> <span class='ocrx_word' id='word_1_128' title='bbox 1191 2265 1238 2317; x_wconf 91' lang='lat' dir='ltr'><strong>eo,</strong></span> <span class='ocrx_word' id='word_1_129' title='bbox 1253 2243 1332 2328; x_wconf 90' lang='lat' dir='ltr'><strong>quod</strong></span> 
     </span>
     <span class='ocr_line' id='line_1_16' title="bbox 131 2352 1331 2436; baseline -0.003 -18"><span class='ocrx_word' id='word_1_130' title='bbox 131 2356 325 2419; x_wconf 77' lang='lat' dir='ltr'><strong>advocaciam</strong></span> <span class='ocrx_word' id='word_1_131' title='bbox 348 2353 441 2435; x_wconf 90' lang='lat' dir='ltr'><strong>ipsius</strong></span> <span class='ocrx_word' id='word_1_132' title='bbox 475 2374 528 2416; x_wconf 88' lang='lat' dir='ltr'><strong>sue</strong></span> <span class='ocrx_word' id='word_1_133' title='bbox 562 2354 693 2417; x_wconf 91' lang='lat' dir='ltr'><strong>ecclesie</strong></span> <span class='ocrx_word' id='word_1_134' title='bbox 731 2367 786 2436; x_wconf 90' lang='lat' dir='ltr'><strong>per</strong></span> <span class='ocrx_word' id='word_1_135' title='bbox 823 2355 998 2418; x_wconf 83' lang='lat' dir='ltr'><strong>violenciam</strong></span> <span class='ocrx_word' id='word_1_136' title='bbox 1036 2354 1178 2417; x_wconf 89' lang='lat' dir='ltr'><strong>iniuriose</strong></span> <span class='ocrx_word' id='word_1_137' title='bbox 1210 2352 1331 2416; x_wconf 86' lang='lat' dir='ltr'><strong>nimium</strong></span> 
     </span>
     <span class='ocr_line' id='line_1_17' title="bbox 130 2462 1332 2546; baseline 0 -20"><span class='ocrx_word' id='word_1_138' title='bbox 130 2464 290 2535; x_wconf 85' lang='lat' dir='ltr'><strong>detineret,</strong></span> <span class='ocrx_word' id='word_1_139' title='bbox 308 2470 338 2528; x_wconf 91' lang='lat' dir='ltr'><strong>et</strong></span> <span class='ocrx_word' id='word_1_140' title='bbox 350 2484 442 2546; x_wconf 89' lang='lat' dir='ltr'><strong>super</strong></span> <span class='ocrx_word' id='word_1_141' title='bbox 454 2485 489 2527; x_wconf 89' lang='lat' dir='ltr'><strong>eo</strong></span> <span class='ocrx_word' id='word_1_142' title='bbox 504 2463 584 2546; x_wconf 92' lang='lat' dir='ltr'><strong>quod</strong></span> <span class='ocrx_word' id='word_1_143' title='bbox 596 2463 732 2529; x_wconf 82' lang='grc'><strong>1111111111</strong></span> <span class='ocrx_word' id='word_1_144' title='bbox 749 2464 844 2546; x_wconf 91' lang='lat' dir='ltr'><strong>ipsius</strong></span> <span class='ocrx_word' id='word_1_145' title='bbox 861 2465 1025 2529; x_wconf 88' lang='lat' dir='ltr'><strong>advocacie</strong></span> <span class='ocrx_word' id='word_1_146' title='bbox 1042 2462 1185 2545; x_wconf 83' lang='lat' dir='ltr'><strong>angariis,</strong></span> <span class='ocrx_word' id='word_1_147' title='bbox 1199 2464 1332 2526; x_wconf 83' lang='lat' dir='ltr'><strong>exactio·</strong></span> 
     </span>
     <span class='ocr_line' id='line_1_18' title="bbox 132 2571 1332 2657; baseline -0.002 -21"><span class='ocrx_word' id='word_1_148' title='bbox 132 2573 215 2637; x_wconf 92' lang='lat' dir='ltr'><strong>uibus</strong></span> <span class='ocrx_word' id='word_1_149' title='bbox 232 2573 382 2657; x_wconf 88' lang='lat' dir='ltr'><strong>indebitis</strong></span> <span class='ocrx_word' id='word_1_150' title='bbox 397 2595 434 2639; x_wconf 90' lang='lat' dir='ltr'><strong>ac</strong></span> <span class='ocrx_word' id='word_1_151' title='bbox 451 2571 588 2655; x_wconf 88' lang='lat' dir='ltr'><strong>dampnis</strong></span> <span class='ocrx_word' id='word_1_152' title='bbox 606 2573 748 2654; x_wconf 82' lang='lat' dir='ltr'><strong>gravibus</strong></span> <span class='ocrx_word' id='word_1_153' title='bbox 766 2572 930 2646; x_wconf 85' lang='lat' dir='ltr'><strong>affecisset,</strong></span> <span class='ocrx_word' id='word_1_154' title='bbox 948 2594 1003 2637; x_wconf 90' lang='lat' dir='ltr'><strong>uos</strong></span> <span class='ocrx_word' id='word_1_155' title='bbox 1020 2572 1144 2636; x_wconf 92' lang='lat' dir='ltr'><strong>arbitrio</strong></span> <span class='ocrx_word' id='word_1_156' title='bbox 1168 2572 1205 2635; x_wconf 90' lang='lat' dir='ltr'><strong>de</strong></span> <span class='ocrx_word' id='word_1_157' title='bbox 1227 2572 1332 2635; x_wconf 92' lang='lat' dir='ltr'><strong>volun-</strong></span> 
     </span>
     <span class='ocr_line' id='line_1_19' title="bbox 132 2681 1330 2768; baseline -0.003 -23"><span class='ocrx_word' id='word_1_158' title='bbox 132 2688 190 2746; x_wconf 89' lang='lat' dir='ltr'><strong>tate</strong></span> <span class='ocrx_word' id='word_1_159' title='bbox 196 2685 329 2767; x_wconf 87' lang='lat' dir='ltr'><strong>partium</strong></span> <span class='ocrx_word' id='word_1_160' title='bbox 337 2689 480 2767; x_wconf 91' lang='lat' dir='ltr'><strong>suscepto</strong></span> <span class='ocrx_word' id='word_1_161' title='bbox 494 2683 544 2768; x_wconf 69' lang='grc' dir='ltr'><strong>ο),</strong></span> <span class='ocrx_word' id='word_1_162' title='bbox 559 2687 589 2744; x_wconf 90' lang='grc'><strong>11</strong></span> <span class='ocrx_word' id='word_1_163' title='bbox 602 2681 657 2745; x_wconf 92' lang='lat' dir='ltr'><strong>sub</strong></span> <span class='ocrx_word' id='word_1_164' title='bbox 671 2702 775 2744; x_wconf 88' lang='lat' dir='ltr'><strong>manus</strong></span> <span class='ocrx_word' id='word_1_165' title='bbox 783 2689 902 2747; x_wconf 88' lang='lat' dir='ltr'><strong>nostras</strong></span> <span class='ocrx_word' id='word_1_166' title='bbox 910 2682 969 2745; x_wconf 90' lang='lat' dir='ltr'><strong>lide</strong></span> <span class='ocrx_word' id='word_1_167' title='bbox 983 2683 1052 2746; x_wconf 86' lang='lat' dir='ltr'><strong>data</strong></span> <span class='ocrx_word' id='word_1_168' title='bbox 1065 2681 1121 2744; x_wconf 90' lang='lat' dir='ltr'><strong>sub</strong></span> <span class='ocrx_word' id='word_1_169' title='bbox 1134 2701 1212 2764; x_wconf 91' lang='lat' dir='ltr'><strong>pena</strong></span> <span class='ocrx_word' id='word_1_170' title='bbox 1225 2682 1330 2743; x_wconf 91' lang='lat' dir='ltr'><strong>decem</strong></span> 
     </span>
     <span class='ocr_line' id='line_1_20' title="bbox 132 2786 1332 2877; baseline -0.003 -23"><span class='ocrx_word' id='word_1_171' title='bbox 132 2794 336 2867; x_wconf 89' lang='lat' dir='ltr'><strong>marcharum,</strong></span> <span class='ocrx_word' id='word_1_172' title='bbox 364 2814 420 2877; x_wconf 88' lang='lat' dir='ltr'><strong>per</strong></span> <span class='ocrx_word' id='word_1_173' title='bbox 436 2791 758 2856; x_wconf 85' lang='lat' dir='ltr'><strong>excommunicacionis</strong></span> <span class='ocrx_word' id='word_1_174' title='bbox 784 2786 986 2864; x_wconf 79' lang='lat' dir='ltr'><strong>sentenciam,</strong></span> <span class='ocrx_word' id='word_1_175' title='bbox 1015 2792 1096 2854; x_wconf 88' lang='lat' dir='ltr'><strong>lacta</strong></span> <span class='ocrx_word' id='word_1_176' title='bbox 1123 2790 1332 2853; x_wconf 81' lang='lat' dir='ltr'><strong>nichilominus</strong></span> 
     </span>
     <span class='ocr_line' id='line_1_21' title="bbox 133 2890 1332 2986; baseline -0.003 -24"><span class='ocrx_word' id='word_1_177' title='bbox 133 2903 346 2982; x_wconf 83' lang='lat' dir='ltr'><strong>promissione,</strong></span> <span class='ocrx_word' id='word_1_178' title='bbox 376 2902 456 2986; x_wconf 91' lang='lat' dir='ltr'><strong>quod</strong></span> <span class='ocrx_word' id='word_1_179' title='bbox 484 2901 581 2964; x_wconf 89' lang='lat' dir='ltr'><strong>eciam</strong></span> <span class='ocrx_word' id='word_1_180' title='bbox 610 2921 644 2963; x_wconf 90' lang='lat' dir='ltr'><strong>se</strong></span> <span class='ocrx_word' id='word_1_181' title='bbox 667 2905 853 2964; x_wconf 88' lang='lat' dir='ltr'><strong>servaturum</strong></span> <span class='ocrx_word' id='word_1_182' title='bbox 880 2890 1015 2983; x_wconf 78' lang='lat' dir='ltr'><strong>pietatus</strong></span> <span class='ocrx_word' id='word_1_183' title='bbox 1038 2898 1146 2962; x_wconf 86' lang='lat' dir='ltr'><strong>nobilis</strong></span> <span class='ocrx_word' id='word_1_184' title='bbox 1175 2897 1205 2960; x_wconf 93' lang='lat' dir='ltr'><strong>iu</strong></span> <span class='ocrx_word' id='word_1_185' title='bbox 1228 2917 1332 2960; x_wconf 92' lang='lat' dir='ltr'><strong>manus</strong></span> 
     </span>
     <span class='ocr_line' id='line_1_22' title="bbox 132 3006 1332 3095; baseline -0.002 -23"><span class='ocrx_word' id='word_1_186' title='bbox 132 3009 238 3075; x_wconf 91' lang='lat' dir='ltr'><strong>domiui</strong></span> <span class='ocrx_word' id='word_1_187' title='bbox 247 3011 391 3095; x_wconf 87' lang='lat' dir='ltr'><strong>episcopi</strong></span> <span class='ocrx_word' id='word_1_188' title='bbox 404 3010 472 3075; x_wconf 88' lang='lat' dir='ltr'><strong>talis</strong></span> <span class='ocrx_word' id='word_1_189' title='bbox 487 3009 655 3072; x_wconf 85' lang='lat' dir='ltr'><strong>dinoscitur</strong></span> <span class='ocrx_word' id='word_1_190' title='bbox 668 3009 856 3091; x_wconf 89' lang='lat' dir='ltr'><strong>promisisse,</strong></span> <span class='ocrx_word' id='word_1_191' title='bbox 871 3009 1028 3072; x_wconf 90' lang='lat' dir='ltr'><strong>statuimus</strong></span> <span class='ocrx_word' id='word_1_192' title='bbox 1042 3013 1073 3071; x_wconf 93' lang='lat' dir='ltr'><strong>et</strong></span> <span class='ocrx_word' id='word_1_193' title='bbox 1084 3007 1258 3070; x_wconf 89' lang='lat' dir='ltr'><strong>mandamus</strong></span> <span class='ocrx_word' id='word_1_194' title='bbox 1276 3006 1332 3070; x_wconf 92' lang='lat' dir='ltr'><strong>sub</strong></span> 
     </span>
     <span class='ocr_line' id='line_1_23' title="bbox 134 3117 1334 3206; baseline -0.002 -24"><span class='ocrx_word' id='word_1_195' title='bbox 134 3122 234 3186; x_wconf 90' lang='lat' dir='ltr'><strong>eadem</strong></span> <span class='ocrx_word' id='word_1_196' title='bbox 251 3143 332 3206; x_wconf 87' lang='lat' dir='ltr'><strong>pena</strong></span> <span class='ocrx_word' id='word_1_197' title='bbox 344 3121 471 3185; x_wconf 88' lang='lat' dir='ltr'><strong>tirmiter</strong></span> <span class='ocrx_word' id='word_1_198' title='bbox 488 3118 658 3191; x_wconf 87' lang='lat' dir='ltr'><strong>observari,</strong></span> <span class='ocrx_word' id='word_1_199' title='bbox 676 3124 709 3182; x_wconf 93' lang='lat' dir='ltr'><strong>ut</strong></span> <span class='ocrx_word' id='word_1_200' title='bbox 723 3118 868 3183; x_wconf 89' lang='lat' dir='ltr'><strong>videlicet</strong></span> <span class='ocrx_word' id='word_1_201' title='bbox 888 3119 941 3190; x_wconf 90' lang='lat' dir='ltr'><strong>bii,</strong></span> <span class='ocrx_word' id='word_1_202' title='bbox 965 3118 1015 3201; x_wconf 91' lang='lat' dir='ltr'><strong>qui</strong></span> <span class='ocrx_word' id='word_1_203' title='bbox 1038 3117 1176 3200; x_wconf 90' lang='lat' dir='ltr'><strong>predicte</strong></span> <span class='ocrx_word' id='word_1_204' title='bbox 1199 3117 1334 3180; x_wconf 83' lang='lat' dir='ltr'><strong>ecclesie</strong></span> 
     </span>
     <span class='ocr_line' id='line_1_24' title="bbox 134 3224 1331 3313; baseline -0.005 -21"><span class='ocrx_word' id='word_1_205' title='bbox 134 3229 266 3294; x_wconf 85' lang='lat' dir='ltr'><strong>ollicinas</strong></span> <span class='ocrx_word' id='word_1_206' title='bbox 282 3233 470 3313; x_wconf 89' lang='lat' dir='ltr'><strong>irruperant;</strong></span> <span class='ocrx_word' id='word_1_207' title='bbox 493 3248 511 3291; x_wconf 92' lang='lat' dir='ltr'><strong>a</strong></span> <span class='ocrx_word' id='word_1_208' title='bbox 534 3228 653 3291; x_wconf 89' lang='lat' dir='ltr'><strong>domino</strong></span> <span class='ocrx_word' id='word_1_209' title='bbox 669 3226 780 3291; x_wconf 87' lang='lat' dir='ltr'><strong>abbate</strong></span> <span class='ocrx_word' id='word_1_210' title='bbox 796 3227 914 3291; x_wconf 90' lang='lat' dir='ltr'><strong>veniam</strong></span> <span class='ocrx_word' id='word_1_211' title='bbox 932 3234 963 3290; x_wconf 92' lang='grc'><strong>11</strong></span> <span class='ocrx_word' id='word_1_212' title='bbox 978 3224 1180 3290; x_wconf 90' lang='lat' dir='ltr'><strong>absolucionis</strong></span> <span class='ocrx_word' id='word_1_213' title='bbox 1197 3224 1331 3307; x_wconf 85' lang='lat' dir='ltr'><strong>graciam</strong></span> 
     </span>
     <span class='ocr_line' id='line_1_25' title="bbox 133 3334 1332 3424; baseline -0.004 -23"><span class='ocrx_word' id='word_1_214' title='bbox 133 3342 330 3419; x_wconf 83' lang='lat' dir='ltr'><strong>postularent,</strong></span> <span class='ocrx_word' id='word_1_215' title='bbox 359 3363 376 3405; x_wconf 96' lang='lat' dir='ltr'><strong>a</strong></span> <span class='ocrx_word' id='word_1_216' title='bbox 404 3359 463 3424; x_wconf 92' lang='lat' dir='ltr'><strong>quo</strong></span> <span class='ocrx_word' id='word_1_217' title='bbox 492 3358 565 3399; x_wconf 90' lang='lat' dir='ltr'><strong>sane</strong></span> <span class='ocrx_word' id='word_1_218' title='bbox 594 3335 758 3399; x_wconf 90' lang='lat' dir='ltr'><strong>secundum</strong></span> <span class='ocrx_word' id='word_1_219' title='bbox 786 3339 913 3399; x_wconf 83' lang='lat' dir='ltr'><strong>formam</strong></span> <span class='ocrx_word' id='word_1_220' title='bbox 936 3335 1066 3400; x_wconf 90' lang='lat' dir='ltr'><strong>ecclesie</strong></span> <span class='ocrx_word' id='word_1_221' title='bbox 1095 3335 1206 3398; x_wconf 85' lang='lat' dir='ltr'><strong>luerint</strong></span> <span class='ocrx_word' id='word_1_222' title='bbox 1233 3334 1332 3397; x_wconf 92' lang='lat' dir='ltr'><strong>taliter</strong></span> 
     </span>
     <span class='ocr_line' id='line_1_26' title="bbox 135 3443 1330 3526; baseline -0.003 -16"><span class='ocrx_word' id='word_1_223' title='bbox 135 3448 271 3523; x_wconf 87' lang='lat' dir='ltr'><strong>absoluti,</strong></span> <span class='ocrx_word' id='word_1_224' title='bbox 295 3452 321 3513; x_wconf 91' lang='lat' dir='ltr'><strong>si</strong></span> <span class='ocrx_word' id='word_1_225' title='bbox 344 3450 462 3514; x_wconf 91' lang='lat' dir='ltr'><strong>scilicet</strong></span> <span class='ocrx_word' id='word_1_226' title='bbox 479 3445 608 3511; x_wconf 87' lang='lat' dir='ltr'><strong>officinis</strong></span> <span class='ocrx_word' id='word_1_227' title='bbox 630 3445 746 3509; x_wconf 88' lang='lat' dir='ltr'><strong>eisdem</strong></span> <span class='ocrx_word' id='word_1_228' title='bbox 761 3446 950 3509; x_wconf 82' lang='lat' dir='ltr'><strong>restituerint</strong></span> <span class='ocrx_word' id='word_1_229' title='bbox 970 3446 1111 3509; x_wconf 89' lang='lat' dir='ltr'><strong>universa</strong></span> <span class='ocrx_word' id='word_1_230' title='bbox 1127 3444 1201 3526; x_wconf 93' lang='lat' dir='ltr'><strong>ipsis</strong></span> <span class='ocrx_word' id='word_1_231' title='bbox 1218 3443 1330 3515; x_wconf 88' lang='lat' dir='ltr'><strong>ablata,</strong></span> 
     </span>
     <span class='ocr_line' id='line_1_27' title="bbox 135 3551 1330 3641; baseline -0.002 -25"><span class='ocrx_word' id='word_1_232' title='bbox 135 3562 163 3619; x_wconf 94' lang='lat' dir='ltr'><strong>ut</strong></span> <span class='ocrx_word' id='word_1_233' title='bbox 189 3557 315 3641; x_wconf 86' lang='lat' dir='ltr'><strong>quilibet</strong></span> <span class='ocrx_word' id='word_1_234' title='bbox 343 3578 446 3622; x_wconf 91' lang='lat' dir='ltr'><strong>eorum</strong></span> <span class='ocrx_word' id='word_1_235' title='bbox 472 3553 599 3637; x_wconf 91' lang='lat' dir='ltr'><strong>prestito</strong></span> <span class='ocrx_word' id='word_1_236' title='bbox 626 3555 792 3616; x_wconf 92' lang='lat' dir='ltr'><strong>iuramento</strong></span> <span class='ocrx_word' id='word_1_237' title='bbox 816 3553 996 3626; x_wconf 82' lang='lat' dir='ltr'><strong>affirmaret,</strong></span> <span class='ocrx_word' id='word_1_238' title='bbox 1019 3574 1053 3615; x_wconf 92' lang='lat' dir='ltr'><strong>se</strong></span> <span class='ocrx_word' id='word_1_239' title='bbox 1075 3552 1246 3616; x_wconf 89' lang='lat' dir='ltr'><strong>reddidisse</strong></span> <span class='ocrx_word' id='word_1_240' title='bbox 1270 3551 1330 3614; x_wconf 89' lang='lat' dir='ltr'><strong>lide</strong></span> 
     </span>
     <span class='ocr_line' id='line_1_28' title="bbox 134 3660 1328 3751; baseline -0.002 -25"><span class='ocrx_word' id='word_1_241' title='bbox 134 3663 205 3730; x_wconf 86' lang='lat' dir='ltr'><strong>bona</strong></span> <span class='ocrx_word' id='word_1_242' title='bbox 222 3667 334 3739; x_wconf 88' lang='lat' dir='ltr'><strong>omnia,</strong></span> <span class='ocrx_word' id='word_1_243' title='bbox 352 3666 456 3751; x_wconf 91' lang='lat' dir='ltr'><strong>quein</strong></span> <span class='ocrx_word' id='word_1_244' title='bbox 473 3663 537 3727; x_wconf 93' lang='lat' dir='ltr'><strong>eius</strong></span> <span class='ocrx_word' id='word_1_245' title='bbox 555 3662 595 3748; x_wconf 76' lang='lat' dir='ltr'><strong>d)</strong></span> <span class='ocrx_word' id='word_1_246' title='bbox 613 3682 698 3725; x_wconf 91' lang='lat' dir='ltr'><strong>usum</strong></span> <span class='ocrx_word' id='word_1_247' title='bbox 721 3662 759 3724; x_wconf 92' lang='lat' dir='ltr'><strong>de</strong></span> <span class='ocrx_word' id='word_1_248' title='bbox 782 3660 891 3725; x_wconf 90' lang='lat' dir='ltr'><strong>ablatis</strong></span> <span class='ocrx_word' id='word_1_249' title='bbox 914 3661 1098 3744; x_wconf 89' lang='lat' dir='ltr'><strong>quibuslibet</strong></span> <span class='ocrx_word' id='word_1_250' title='bbox 1125 3661 1328 3725; x_wconf 89' lang='lat' dir='ltr'><strong>devenissent.</strong></span> 
     </span>
     <span class='ocr_line' id='line_1_29' title="bbox 135 3770 1329 3854; baseline -0.003 -17"><span class='ocrx_word' id='word_1_251' title='bbox 135 3774 236 3842; x_wconf 87' lang='lat' dir='ltr'><strong>Verum</strong></span> <span class='ocrx_word' id='word_1_252' title='bbox 254 3778 351 3843; x_wconf 84' lang='lat' dir='ltr'><strong>eciem</strong></span> <span class='ocrx_word' id='word_1_253' title='bbox 368 3775 488 3840; x_wconf 90' lang='lat' dir='ltr'><strong>domino</strong></span> <span class='ocrx_word' id='word_1_254' title='bbox 506 3772 607 3836; x_wconf 90' lang='lat' dir='ltr'><strong>abbati</strong></span> <span class='ocrx_word' id='word_1_255' title='bbox 624 3771 762 3853; x_wconf 90' lang='lat' dir='ltr'><strong>predicto</strong></span> <span class='ocrx_word' id='word_1_256' title='bbox 786 3771 922 3833; x_wconf 87' lang='lat' dir='ltr'><strong>duximus</strong></span> <span class='ocrx_word' id='word_1_257' title='bbox 938 3770 1164 3852; x_wconf 82' lang='lat' dir='ltr'><strong>iniungendum,</strong></span> <span class='ocrx_word' id='word_1_258' title='bbox 1183 3775 1329 3854; x_wconf 84' lang='lat' dir='ltr'><strong>quatenus</strong></span> 
     </span>
     <span class='ocr_line' id='line_1_30' title="bbox 137 3879 1330 3971; baseline -0.004 -25"><span class='ocrx_word' id='word_1_259' title='bbox 137 3885 265 3970; x_wconf 90' lang='lat' dir='ltr'><strong>dampnis</strong></span> <span class='ocrx_word' id='word_1_260' title='bbox 303 3888 429 3971; x_wconf 89' lang='lat' dir='ltr'><strong>aliisque</strong></span> <span class='ocrx_word' id='word_1_261' title='bbox 477 3882 594 3946; x_wconf 88' lang='lat' dir='ltr'><strong>iniuriis</strong></span> <span class='ocrx_word' id='word_1_262' title='bbox 637 3879 830 3943; x_wconf 86' lang='lat' dir='ltr'><strong>renunciaret</strong></span> <span class='ocrx_word' id='word_1_263' title='bbox 875 3898 1017 3961; x_wconf 84' lang='lat' dir='ltr'><strong>expresse</strong></span> <span class='ocrx_word' id='word_1_264' title='bbox 1060 3899 1256 3964; x_wconf 89' lang='lat' dir='ltr'><strong>quascunque</strong></span> <span class='ocrx_word' id='word_1_265' title='bbox 1298 3880 1330 3942; x_wconf 89' lang='lat' dir='ltr'><strong>in</strong></span> 
     </span>
     <span class='ocr_line' id='line_1_31' title="bbox 136 3964 1417 4074; baseline -0.003 -19"><span class='ocrx_word' id='word_1_266' title='bbox 136 3996 264 4074; x_wconf 88' lang='lat' dir='ltr'><strong>personis</strong></span> <span class='ocrx_word' id='word_1_267' title='bbox 283 3996 331 4060; x_wconf 90' lang='lat' dir='ltr'><strong>vel</strong></span> <span class='ocrx_word' id='word_1_268' title='bbox 347 3995 379 4058; x_wconf 93' lang='lat' dir='ltr'><strong>in</strong></span> <span class='ocrx_word' id='word_1_269' title='bbox 394 3993 486 4058; x_wconf 92' lang='lat' dir='ltr'><strong>rebus</strong></span> <span class='ocrx_word' id='word_1_270' title='bbox 504 3993 532 4054; x_wconf 91' lang='lat' dir='ltr'><strong>ei</strong></span> <span class='ocrx_word' id='word_1_271' title='bbox 548 3991 596 4053; x_wconf 89' lang='lat' dir='ltr'><strong>vel</strong></span> <span class='ocrx_word' id='word_1_272' title='bbox 613 3988 744 4053; x_wconf 88' lang='lat' dir='ltr'><strong>ecclesie</strong></span> <span class='ocrx_word' id='word_1_273' title='bbox 761 4008 816 4051; x_wconf 89' lang='lat' dir='ltr'><strong>sue</strong></span> <span class='ocrx_word' id='word_1_274' title='bbox 832 4008 888 4071; x_wconf 87' lang='lat' dir='ltr'><strong>per</strong></span> <span class='ocrx_word' id='word_1_275' title='bbox 904 4008 937 4051; x_wconf 91' lang='lat' dir='ltr'><strong>se</strong></span> <span class='ocrx_word' id='word_1_276' title='bbox 955 3988 1002 4051; x_wconf 94' lang='lat' dir='ltr'><strong>vel</strong></span> <span class='ocrx_word' id='word_1_277' title='bbox 1018 4008 1074 4070; x_wconf 91' lang='lat' dir='ltr'><strong>per</strong></span> <span class='ocrx_word' id='word_1_278' title='bbox 1095 3988 1170 4053; x_wconf 91' lang='lat' dir='ltr'><strong>alios</strong></span> <span class='ocrx_word' id='word_1_279' title='bbox 1192 3990 1328 4072; x_wconf 88' lang='lat' dir='ltr'><strong>prefatus</strong></span> <span class='ocrx_word' id='word_1_280' title='bbox 1404 3964 1417 3982; x_wconf 60' lang='grc'><em>’</em></span> 
     </span>
     <span class='ocr_line' id='line_1_32' title="bbox 137 4096 1328 4179; baseline -0.003 -15"><span class='ocrx_word' id='word_1_281' title='bbox 137 4103 232 4168; x_wconf 87' lang='lat' dir='ltr'><strong>nobilis</strong></span> <span class='ocrx_word' id='word_1_282' title='bbox 250 4104 411 4169; x_wconf 88' lang='lat' dir='ltr'><strong>intulisset.</strong></span> <span class='ocrx_word' id='word_1_283' title='bbox 445 4101 552 4164; x_wconf 85' lang='lat' dir='ltr'><strong>Eidem</strong></span> <span class='ocrx_word' id='word_1_284' title='bbox 568 4104 668 4162; x_wconf 92' lang='lat' dir='ltr'><strong>autem</strong></span> <span class='ocrx_word' id='word_1_285' title='bbox 685 4096 776 4161; x_wconf 92' lang='lat' dir='ltr'><strong>nobili</strong></span> <span class='ocrx_word' id='word_1_286' title='bbox 790 4096 845 4158; x_wconf 93' lang='lat' dir='ltr'><strong>sub</strong></span> <span class='ocrx_word' id='word_1_287' title='bbox 858 4097 945 4178; x_wconf 89' lang='lat' dir='ltr'><strong>penis</strong></span> <span class='ocrx_word' id='word_1_288' title='bbox 957 4097 1140 4179; x_wconf 89' lang='lat' dir='ltr'><strong>precipimus</strong></span> <span class='ocrx_word' id='word_1_289' title='bbox 1153 4097 1328 4170; x_wconf 90' lang='lat' dir='ltr'><strong>antedictis,</strong></span> 
     </span>
     <span class='ocr_line' id='line_1_33' title="bbox 137 4203 1330 4290; baseline -0.002 -17"><span class='ocrx_word' id='word_1_290' title='bbox 137 4217 164 4275; x_wconf 90' lang='lat' dir='ltr'><strong>ut</strong></span> <span class='ocrx_word' id='word_1_291' title='bbox 177 4212 365 4279; x_wconf 87' lang='lat' dir='ltr'><strong>renunciaret</strong></span> <span class='ocrx_word' id='word_1_292' title='bbox 380 4210 438 4274; x_wconf 93' lang='lat' dir='ltr'><strong>iuri</strong></span> <span class='ocrx_word' id='word_1_293' title='bbox 455 4210 618 4274; x_wconf 86' lang='lat' dir='ltr'><strong>advocacie</strong></span> <span class='ocrx_word' id='word_1_294' title='bbox 636 4207 717 4289; x_wconf 93' lang='lat' dir='ltr'><strong>quod</strong></span> <span class='ocrx_word' id='word_1_295' title='bbox 732 4204 846 4269; x_wconf 88' lang='lat' dir='ltr'><strong>habere</strong></span> <span class='ocrx_word' id='word_1_296' title='bbox 868 4203 1044 4278; x_wconf 91' lang='lat' dir='ltr'><strong>videbatur,</strong></span> <span class='ocrx_word' id='word_1_297' title='bbox 1067 4212 1214 4290; x_wconf 90' lang='lat' dir='ltr'><strong>quatenus</strong></span> <span class='ocrx_word' id='word_1_298' title='bbox 1236 4227 1330 4290; x_wconf 90' lang='lat' dir='ltr'><strong>super</strong></span> 
     </span>
     <span class='ocr_line' id='line_1_34' title="bbox 139 4313 1327 4407; baseline -0.002 -24"><span class='ocrx_word' id='word_1_299' title='bbox 139 4342 169 4385; x_wconf 89' lang='lat' dir='ltr'><strong>eo</strong></span> <span class='ocrx_word' id='word_1_300' title='bbox 190 4328 383 4388; x_wconf 90' lang='lat' dir='ltr'><strong>memoratam</strong></span> <span class='ocrx_word' id='word_1_301' title='bbox 407 4320 569 4384; x_wconf 91' lang='lat' dir='ltr'><strong>ecclesiam</strong></span> <span class='ocrx_word' id='word_1_302' title='bbox 592 4318 629 4380; x_wconf 93' lang='lat' dir='ltr'><strong>de</strong></span> <span class='ocrx_word' id='word_1_303' title='bbox 653 4321 756 4379; x_wconf 91' lang='lat' dir='ltr'><strong>cetero</strong></span> <span class='ocrx_word' id='word_1_304' title='bbox 779 4314 857 4377; x_wconf 93' lang='lat' dir='ltr'><strong>nullo</strong></span> <span class='ocrx_word' id='word_1_305' title='bbox 880 4313 1082 4407; x_wconf 89' lang='lat' dir='ltr'><strong>inpedimento</strong></span> <span class='ocrx_word' id='word_1_306' title='bbox 1106 4315 1154 4379; x_wconf 91' lang='lat' dir='ltr'><strong>vel</strong></span> <span class='ocrx_word' id='word_1_307' title='bbox 1170 4315 1327 4381; x_wconf 87' lang='lat' dir='ltr'><strong>obstaculo</strong></span> 
     </span>
     <span class='ocr_line' id='line_1_35' title="bbox 137 4419 1328 4516; baseline -0.002 -23"><span class='ocrx_word' id='word_1_308' title='bbox 137 4437 329 4516; x_wconf 85' lang='lat' dir='ltr'><strong>pregravaret.</strong></span> <span class='ocrx_word' id='word_1_309' title='bbox 363 4428 507 4511; x_wconf 88' lang='lat' dir='ltr'><strong>Receptis</strong></span> <span class='ocrx_word' id='word_1_310' title='bbox 530 4428 622 4509; x_wconf 82' lang='lat' dir='ltr'><strong>igitur</strong></span> <span class='ocrx_word' id='word_1_311' title='bbox 643 4426 703 4489; x_wconf 90' lang='lat' dir='ltr'><strong>hiis</strong></span> <span class='ocrx_word' id='word_1_312' title='bbox 725 4421 889 4494; x_wconf 83' lang='lat' dir='ltr'><strong>mandatis,</strong></span> <span class='ocrx_word' id='word_1_313' title='bbox 912 4419 1021 4485; x_wconf 91' lang='lat' dir='ltr'><strong>nobilis</strong></span> <span class='ocrx_word' id='word_1_314' title='bbox 1038 4424 1208 4489; x_wconf 89' lang='lat' dir='ltr'><strong>antedictus</strong></span> <span class='ocrx_word' id='word_1_315' title='bbox 1225 4445 1328 4491; x_wconf 87' lang='lat' dir='ltr'><strong>coram</strong></span> 
     </span>
    </p>
   </div>
   <div class='ocr_carea' id='block_1_6' title="bbox 19 4529 1444 4701">
    <p class='ocr_par' dir='ltr' id='par_1_6' title="bbox 19 4529 1444 4701">
     <span class='ocr_line' id='line_1_36' title="bbox 19 4529 1444 4626; baseline -0.004 -25"><span class='ocrx_word' id='word_1_316' title='bbox 19 4618 20 4621; x_wconf 8' lang='grc' dir='ltr'><strong>Ἴ</strong></span> <span class='ocrx_word' id='word_1_317' title='bbox 139 4539 245 4608; x_wconf 91' lang='lat' dir='ltr'><strong>domino</strong></span> <span class='ocrx_word' id='word_1_318' title='bbox 269 4545 413 4626; x_wconf 91' lang='lat' dir='ltr'><strong>episcopo</strong></span> <span class='ocrx_word' id='word_1_319' title='bbox 431 4543 613 4611; x_wconf 88' lang='lat' dir='ltr'><strong>memorato,</strong></span> <span class='ocrx_word' id='word_1_320' title='bbox 635 4535 736 4600; x_wconf 92' lang='lat' dir='ltr'><strong>multis</strong></span> <span class='ocrx_word' id='word_1_321' title='bbox 756 4533 829 4595; x_wconf 87' lang='lat' dir='ltr'><strong>viris</strong></span> <span class='ocrx_word' id='word_1_322' title='bbox 850 4529 988 4592; x_wconf 88' lang='lat' dir='ltr'><strong>fidelibus</strong></span> <span class='ocrx_word' id='word_1_323' title='bbox 1013 4537 1044 4595; x_wconf 87' lang='lat' dir='ltr'><strong>et</strong></span> <span class='ocrx_word' id='word_1_324' title='bbox 1064 4532 1202 4598; x_wconf 89' lang='lat' dir='ltr'><strong>honestis</strong></span> <span class='ocrx_word' id='word_1_325' title='bbox 1224 4541 1327 4601; x_wconf 85' lang='lat' dir='ltr'><strong>astau-</strong></span> <span class='ocrx_word' id='word_1_326' title='bbox 1335 4554 1379 4596; x_wconf 84' lang='lat' dir='ltr'><strong>ru.</strong></span> <span class='ocrx_word' id='word_1_327' title='bbox 1389 4555 1413 4596; x_wconf 87' lang='lat' dir='ltr'><strong>n</strong></span> <span class='ocrx_word' id='word_1_328' title='bbox 1423 4556 1444 4596; x_wconf 83' lang='grc'><strong>1.</strong></span> 
     </span>
     <span class='ocr_line' id='line_1_37' title="bbox 19 4666 21 4701; baseline 0 0"><span class='ocrx_word' id='word_1_329' title='bbox 19 4666 21 4701; x_wconf 91' lang='lat' dir='ltr'><strong>l</strong></span> 
     </span>
    </p>
   </div>
   <div class='ocr_carea' id='block_1_7' title="bbox 217 4691 1279 4785">
    <p class='ocr_par' dir='ltr' id='par_1_7' title="bbox 217 4691 1279 4785">
     <span class='ocr_line' id='line_1_38' title="bbox 217 4691 1279 4785; baseline -0.008 -24"><span class='ocrx_word' id='word_1_330' title='bbox 217 4707 250 4781; x_wconf 80' lang='lat' dir='ltr'><strong>a)</strong></span> <span class='ocrx_word' id='word_1_331' title='bbox 264 4707 295 4762; x_wconf 90' lang='lat' dir='ltr'><strong>B.</strong></span> <span class='ocrx_word' id='word_1_332' title='bbox 308 4707 336 4760; x_wconf 83' lang='lat' dir='ltr'><strong>Z.</strong></span> <span class='ocrx_word' id='word_1_333' title='bbox 352 4737 383 4747; x_wconf 81' lang='lat'>-</span> <span class='ocrx_word' id='word_1_334' title='bbox 399 4706 431 4777; x_wconf 82' lang='lat' dir='ltr'><strong>b)</strong></span> <span class='ocrx_word' id='word_1_335' title='bbox 446 4706 518 4759; x_wconf 84' lang='lat' dir='ltr'><strong>inter</strong></span> <span class='ocrx_word' id='word_1_336' title='bbox 530 4702 599 4756; x_wconf 84' lang='lat' dir='ltr'><strong>fe&#39;blt</strong></span> <span class='ocrx_word' id='word_1_337' title='bbox 608 4703 639 4757; x_wconf 89' lang='lat' dir='ltr'><strong>V.</strong></span> <span class='ocrx_word' id='word_1_338' title='bbox 654 4733 685 4745; x_wconf 90' lang='lat'><em>-</em></span> <span class='ocrx_word' id='word_1_339' title='bbox 702 4698 732 4768; x_wconf 88' lang='grc'><strong>1)</strong></span> <span class='ocrx_word' id='word_1_340' title='bbox 745 4698 876 4785; x_wconf 85' lang='lat' dir='ltr'><strong>suspecto</strong></span> <span class='ocrx_word' id='word_1_341' title='bbox 885 4691 915 4748; x_wconf 84' lang='lat' dir='ltr'><strong>V.</strong></span> <span class='ocrx_word' id='word_1_342' title='bbox 930 4722 965 4733; x_wconf 89' lang='lat'>-</span> <span class='ocrx_word' id='word_1_343' title='bbox 978 4695 1014 4765; x_wconf 83' lang='lat' dir='ltr'><strong>d)</strong></span> <span class='ocrx_word' id='word_1_344' title='bbox 1027 4696 1179 4766; x_wconf 87' lang='lat' dir='ltr'><strong>portionem</strong></span> <span class='ocrx_word' id='word_1_345' title='bbox 1192 4697 1237 4751; x_wconf 81' lang='lat' dir='ltr'><strong>vel</strong></span> <span class='ocrx_word' id='word_1_346' title='bbox 1249 4699 1279 4757; x_wconf 84' lang='lat' dir='ltr'><strong>Z.</strong></span> 
     </span>
    </p>
   </div>
   <div class='ocr_carea' id='block_1_8' title="bbox 0 0 1616 5392">
    <p class='ocr_par' dir='ltr' id='par_1_8' title="bbox 0 0 1616 5392">
     <span class='ocr_line' id='line_1_39' title="bbox 0 0 1616 5392; baseline 0 0"><span class='ocrx_word' id='word_1_347' title='bbox 0 0 1616 5392; x_wconf 95' lang='lat' dir='ltr'><strong> </strong></span> 
     </span>
    </p>
   </div>
  </div>
 </body>
</html>
