3209 5392
272 449 347 520 tos

267 635 375 684 causas
402 621 529 703 reqooirit
556 619 596 686 ab
617 619 755 692 homine,
783 619 892 703 quibus
914 620 954 683 ad
975 620 1071 682 omnis
1100 621 1340 684 eensnmociom‘s
1365 619 1445 683 tinen

272 727 409 809 legisque
435 727 653 808 plenitudinem
680 726 913 799 ostendendam,
945 731 1010 808 ipse
1036 730 1120 808 prior
1145 725 1258 790 bomini
1281 726 1395 808 perdito
1420 729 1447 789 et

269 835 430 915 dampnato
447 833 556 898 adesse
572 834 666 898 voluit
680 834 850 897 inmoratus.
883 833 941 914 Qui
964 835 1133 897 nullatenus
1148 834 1339 915 permisisset
1353 853 1447 897 manus

270 939 378 1025 impias
406 947 512 1005 contra
539 941 606 1024 pios
634 959 730 1023 usquc¹
756 941 834 1005 adeo
860 941 1015 1013 roborari,
1042 942 1101 1004 nisi
1129 946 1160 1005 et
1187 962 1271 1006 suam
1294 942 1332 1004 de
1353 947 1448 1006 nostra

268 1048 415 1113 vindicari
436 1048 584 1112 industria
605 1048 788 1128 previdisset
812 1048 961 1121 iniuriam,
983 1054 1015 1111 ct
1036 1050 1151 1132 servari
1166 1056 1300 1112 nostram
1314 1049 1451 1112 voluisset

269 1156 308 1219 de
324 1175 379 1218 sun
409 1155 536 1218 victoria
568 1153 765 1235 disciplinam.
790 1154 854 1219 Sub
885 1156 943 1217 hac
973 1156 1135 1220 occasione
1168 1155 1313 1219 delectati
1342 1154 1449 1237 plurimi

267 1261 446 1327 satisfacere
458 1279 512 1342 pro
525 1261 614 1324 modo
626 1259 784 1324 criminum
795 1260 884 1324 aliter
896 1281 956 1324 non
968 1262 1113 1333 valentes,
1127 1261 1218 1324 velud
1232 1263 1265 1324 in
1280 1262 1450 1343 protundum

265 1369 408 1432 malorum
424 1367 547 1431 dimersi
562 1367 682 1450 penitus
700 1366 924 1448 desperassent,
940 1366 998 1429 nisi
1011 1369 1195 1432 occmrisset
1211 1368 1256 1430 eis
1272 1366 1331 1430 hec
1349 1366 1451 1438 tabrda,

266 1478 325 1540 nisi
345 1496 400 1557 per
420 1476 478 1539 hoc
500 1474 711 1557 compendium
732 1473 795 1536 suis
816 1493 871 1556 pro
893 1474 1015 1537 Christo
1035 1475 1144 1555 positis
1165 1474 1325 1539 animabus
1347 1493 1450 1538 consu·

271 1584 344 1647 mati
360 1582 493 1646 breviter
508 1580 652 1644 malmum
667 1586 836 1661 temporum
858 1581 961 1662 spacia
983 1580 1224 1661 complevissent
1256 1580 1344 1645 Multi
1367 1581 1453 1645 eciam

266 1690 401 1755 invenire
428 1690 528 1754 locum
549 1687 601 1751 ubi
622 1691 772 1752 steterunt
786 1688 881 1769 pedes
903 1688 1024 1751 Domini
1051 1688 1225 1769 cupientes,
1255 1688 1342 1770 prius
1365 1689 1402 1751 ad
1415 1687 1451 1773 a)

266 1797 403 1862 bravium
419 1796 485 1860 sine
500 1814 591 1858 cursu
607 1795 693 1857 etad
709 1813 851 1858 coronam
868 1794 932 1857 sine
949 1795 1049 1876 gladio
1072 1800 1284 1878 pervenerunt,
1307 1795 1358 1859 illo
1374 1813 1452 1859 suurn

268 1909 479 1970 remunerante
512 1903 552 1990 b)
581 1902 723 1974 militem,
771 1901 824 1984 qui
861 1901 956 1965 solam
986 1904 1160 1967 considerat
1189 1904 1223 1966 iu
1252 1902 1453 1967 oblacionibus

267 2016 458 2079 voluntatem.
492 2013 532 2076 Ut
558 2017 658 2075 autem
689 2011 728 2075 ed
758 2011 906 2092 premisse
936 2008 1040 2074 fideles
1072 2011 1238 2075 efficaciter
1265 2017 1297 2075 ct
1324 2018 1455 2093 potenter

269 2128 427 2205 exurgant,
449 2142 506 2185 nos
528 2122 566 2185 de
590 2119 801 2202 omnipotentis
817 2120 875 2184 Dei
895 2120 1103 2183 misericordia
1119 2127 1150 2184 et
1165 2120 1325 2184 beatorum
1342 2127 1456 2202 aposto-

265 2232 363 2295 lorum
379 2231 444 2293 eius
460 2229 541 2291 Petri
559 2233 589 2293 et
603 2227 687 2290 Pauli
703 2227 884 2290 auctoritate
897 2227 935 2311 e)
952 2233 1043 2310 ntqrre
1058 2234 1162 2291 nostro
1177 2225 1296 2298 oanni,
1314 2225 1456 2300 omnibus,

268 2339 320 2421 qui
335 2336 469 2400 laborem
485 2335 575 2397 istum
590 2332 768 2415 inpropriis
783 2335 922 2415 personis
945 2334 1092 2398 subierint
1113 2338 1145 2396 et
1166 2335 1318 2415 expensis,
1341 2339 1374 2398 et
1387 2336 1455 2399 alios

267 2464 324 2529 pro
349 2463 383 2506 se
404 2440 638 2513 destinaverint,
658 2441 777 2523 plenam
792 2459 916 2504 suorum
932 2440 1154 2523 peccaminum,
1176 2442 1214 2504 dc
1237 2441 1349 2524 quibus
1371 2444 1458 2508 cordo

216 2553 225 2566 '
270 2551 393 2616 contriti
417 2555 449 2612 et
464 2569 518 2612 ore
533 2548 666 2611 confessi
688 2548 811 2620 luerint,
834 2548 952 2612 veniam
973 2548 1163 2631 indulgemus
1188 2555 1218 2613 et
1238 2552 1270 2612 in
1284 2552 1460 2616 retribucio-

271 2677 341 2726 nem
357 2659 482 2722 istorum
498 2656 603 2722 salutis
620 2662 724 2720 etemc
739 2656 885 2738 premium
901 2655 1078 2738 pollicemur
1094 2657 1143 2743 p).

361 2880 552 2948 Ergtnnunpen
574 2893 621 2932 ans
641 2880 780 2934 muraena
800 2881 884 2936 Paris.
906 2879 941 2934 od
964 2880 1074 2934 [londini
1098 2879 1179 2941 toto,
1193 2898 1219 2949 p.
1232 2881 1288 2935 loo
1302 2899 1365 2951 squ.
1381 2909 1412 2924 «-
1425 2881 1457 2952 a]

272 2968 419 3041 Gregorius
440 2967 601 3038 episcopus,
624 2987 645 3026 s·
660 2987 682 3023 s.
702 2970 748 3033 m,
771 2968 903 3026 universis
920 2971 990 3025 ¹Jesu
1012 2968 1113 3026 Christi
1134 2969 1258 3026 fidelibus
1280 2988 1333 3041 per
1355 2984 1461 3041 regnum

274 3060 370 3132 Anglis
392 3057 553 3123 constitutis,
573 3058 607 3112 ad
631 3074 697 3127 quos
716 3059 797 3114 litere
820 3059 870 3113 iste
893 3060 1074 3129 pervenerint,
1100 3060 1213 3115 salutem
1236 3066 1264 3113 et
1288 3061 1458 3130 apostolicam

272 3147 489 3204 benedictionem.
517 3177 546 3187 -
566 3146 602 3218 β)
635 3148 701 3202 Nam
727 3150 791 3204 licet
818 3148 915 3202 dudum
940 3149 1096 3203 charissimo
1121 3149 1146 3202 in
1165 3148 1271 3203 Christo
1295 3149 1351 3204 filio
1376 3153 1460 3206 nostm

274 3237 419 3293 Fredorico
432 3235 609 3291 Romanorum
627 3233 780 3310 imperatori
800 3253 906 3306 semper
925 3240 1050 3306 augusto,
1068 3236 1233 3292 Hierusalem
1252 3239 1281 3292 et
1294 3237 1388 3292 Sicilie
1409 3236 1462 3308 regi

273 3326 385 3389 illustri,
408 3325 501 3379 civitas
517 3316 609 3380 eadem
631 3330 723 3395 preter
744 3328 872 3396 templum
894 3326 997 3380 Domini
1025 3327 1108 3381 inerit
1130 3327 1268 3382 restituta:
1294 3330 1384 3381 tamen
1406 3327 1463 3396 quia

272 3418 345 3471 Deus
368 3416 533 3485 omnipotens
556 3419 620 3469 tnnc
641 3415 858 3483 magnificenclus
870 3431 951 3485 agere
974 3426 1034 3469 cum
1053 3417 1155 3487 populo
1174 3429 1222 3469 suo
1242 3414 1462 3471 christianamve

273 3506 384 3567 adiecit,
415 3505 558 3573 imperator
582 3504 720 3575 prodictus
745 3510 855 3576 treugas
880 3505 938 3559 iniit
963 3521 1022 3559 com
1043 3505 1170 3564 soldano,
1204 3522 1314 3575 quarum
1339 3507 1461 3562 terminus

275 3597 342 3651 odeo
365 3597 406 3648 ost
431 3593 543 3656 vicinus,
567 3593 639 3664 quod
660 3598 766 3665 tempus
789 3593 1110 3664 medium'preparacioui
1134 3593 1175 3646 vix
1193 3594 1319 3650 sulficere
1339 3596 1461 3654 ereditur.

274 3681 324 3738 nisi
348 3684 382 3737 ad
410 3699 516 3756 queque
543 3685 695 3737 necessaria
722 3702 771 3754 per
798 3682 1047 3754 promptitudinem,
1084 3699 1159 3754 spem
1184 3688 1212 3737 et
1236 3684 1371 3739 fervorem
1405 3682 1462 3737 fidei

274 3771 424 3827 festinetur.
434 3802 469 3810 -
479 3767 511 3843 p)
523 3771 623 3844 Folgen
636 3773 828 3828 verschiedene
840 3773 1032 3827 'umstttndliche
1042 3773 1238 3843 dnordoungen
1253 3793 1301 3828 zur
1311 3775 1462 3841 Fdrderung

275 3861 329 3914 und
351 3859 584 3933 Rescbleonignng
607 3859 655 3917 des
677 3861 861 3931 Kreusnuges:
886 3864 931 3917 Eis
954 3865 1042 3917 autem
1066 3889 1099 3903 -
1123 3862 1240 3931 requiem
1268 3865 1482 3917 mercabuntur..

275 3953 371 4006 moun
385 3951 488 4021 Spoleti
502 3952 524 4005 ll
536 3952 604 4005 Non.
619 3951 769 4023 septembr.
782 3952 956 4021 pontificatus
968 3953 1052 4005 nostri
1066 3967 1133 4006 anno
1146 3952 1214 4006 vlu,

369 4040 511 4102 Bnebmsr,
529 4041 595 4111 lleg.
614 4040 697 4111 Grep.
711 4041 764 4103 lx..
782 4058 824 4095 no.
844 4040 889 4094 86.
915 4040 988 4093 orne
1003 4040 1109 4094 Zweiiel
1127 4042 1164 4094 ist
1177 4042 1301 4096 dassclbs
1314 4042 1462 4100 Sebreibcsu

275 4130 389 4185 welches
407 4130 451 4184 bei
468 4131 549 4184 Math.
568 4131 645 4186 Paris
663 4147 695 4183 an
715 4130 758 4184 die
770 4129 914 4183 bewohner
928 4128 1065 4198 Englands
1084 4130 1220 4198 gericbtot
1239 4130 1284 4191 ist,
1312 4132 1381 4186 aucb
1399 4128 1462 4183 natb

279 4217 462 4274 Deutschland
481 4218 534 4270 und
554 4219 670 4272 anderen
688 4218 809 4273 Ltudern
829 4220 971 4289 geschickt
988 4219 1104 4273 worden.
1119 4218 1223 4271 -Der
1241 4220 1311 4274 Text
1330 4220 1371 4274 bei
1386 4216 1458 4271 ldatd.

279 4308 356 4362 Paris
367 4308 435 4364 ldsst
446 4307 502 4362 sich
515 4308 584 4362 uach
596 4307 656 4361 dem
669 4308 796 4378 unsrigeo
809 4325 843 4362 an
856 4307 942 4361 vielen
956 4308 1059 4361 Stellsn
1072 4309 1242 4362 verbensern.

375 4502 407 4570 a)
430 4501 462 4553 ad
486 4519 527 4555 am
546 4501 647 4556 Raude.
660 4530 695 4540 -
708 4500 740 4569 d)
762 4504 971 4556 remunerantem
992 4503 1022 4556 V.
1035 4531 1071 4543 —
1085 4503 1118 4568 c)
1139 4502 1300 4557 auctoritate
1313 4518 1353 4555 am
1367 4498 1459 4555 Raude.
