3209 5392
281 539 358 609 37o

277 711 382 794 periali
395 712 551 774 sanctione
564 715 725 785 sancimus,
740 718 888 797 quatenus
901 712 982 775 nulla
999 714 1119 776 omnino
1135 732 1275 796 persona,
1287 717 1404 780 humilis
1420 716 1460 778 vel

276 822 346 892 alta,
359 821 565 885 ecclesiastica
580 841 633 884 seu
646 823 801 894 secularis,
814 823 885 886 huic
898 825 1000 885 nostro
1013 822 1112 886 edicto
1125 822 1184 886 ullo
1197 842 1328 908 unquam
1338 830 1463 907 tempore

277 930 387 994 audeat
405 930 564 995 contraire.
579 930 665 1013 Quod
684 932 735 1016 qui
753 932 861 995 fecerit
879 950 966 994 secus
983 934 1041 994 etc.
1060 931 1105 994 Ad
1121 932 1165 1021 a)
1181 931 1351 996 huiusmodi
1373 937 1463 996 autem

278 1039 506 1104 constitucionis
518 1040 565 1102 vel
573 1040 846 1104 sanctionisnostrc
854 1039 1028 1102 memoriam
1040 1043 1071 1102 ct
1084 1039 1178 1103 robur
1188 1048 1367 1124 perpetuum
1377 1041 1466 1105 volui-

277 1170 344 1214 mus
366 1152 538 1232 presentem
561 1149 688 1213 divalem
712 1153 854 1232 paginam
876 1147 941 1212 fieri
963 1152 994 1210 et
1016 1148 1097 1213 bulla
1120 1167 1211 1212 aurea
1233 1153 1351 1233 typario
1374 1155 1466 1214 nostre

161 1283 204 1327 ror.
212 1282 237 1323 or
247 1281 267 1320 r.
276 1257 443 1350 maiestatis
459 1258 605 1340 impressa
621 1260 762 1322 iussimus
779 1258 965 1321 communiri.
999 1258 1065 1320 Dat.
1085 1262 1142 1321 etc.

849 1480 911 1552 25.

462 1659 523 1722 Rex
539 1660 723 1740 regroclutrr
738 1659 795 1723 tall
811 1676 903 1742 super
919 1658 976 1724 llis
993 1678 1051 1741 que
1068 1658 1126 1723 albi
1142 1662 1273 1743 serlpslt.

1591 1686 1592 1749 l

742 1814 821 1873 1275ο
841 1819 995 1873 November.
1591 1792 1592 1799 ἵ

275 1961 364 2036 Kdnip
375 1962 481 2034 liudolf
489 1963 565 2019 tbeilt
576 1963 659 2018 einero
674 1964 787 2017 Furores
800 1964 857 2030 mit,
870 1982 900 2018 er
912 1962 981 2018 bade
993 1964 1040 2018 mit
1055 1965 1159 2036 Grcpor
1173 1965 1203 2017 Χ.
1219 1964 1280 2019 eine
1295 1965 1461 2018 Zorammeu·

273 2053 354 2125 kanft
363 2053 467 2126 pedadt,
488 2054 532 2109 bei
541 2054 656 2109 celeber
670 2057 719 2109 der
737 2057 791 2124 req
801 2054 852 2124 far
865 2054 909 2109 die
924 2054 1145 2127 Koiaerlrrdnrmp
1157 2054 1287 2110 bectimmt
1298 2057 1408 2110 worden
1420 2054 1465 2108 cei.

1594 3592 1595 3641 l

367 2200 492 2263 Gerbert,
507 2200 533 2263 2,
545 2199 590 2253 20.

364 2345 483 2408 Literas
514 2350 632 2407 vestras
660 2344 715 2429 b),
750 2364 826 2428 quas
859 2348 961 2407 nostro
994 2344 1119 2408 misistis
1153 2344 1291 2415 culmini,
1326 2350 1467 2408 consuete

273 2454 468 2537 benignitatis
489 2454 645 2517 alacritate
669 2455 858 2536 suscepimus
886 2459 917 2516 et
944 2455 974 2516 in
999 2455 1044 2515 eis
1072 2460 1172 2517 vestre
1201 2453 1385 2518 sinceritatis
1406 2453 1470 2516 dul-

275 2582 376 2627 corem
392 2562 529 2647 perfecto
544 2562 750 2645 recolligimus
774 2563 939 2626 intellectu.
974 2561 1055 2625 Saue
1079 2562 1149 2647 quia
1166 2583 1270 2627 carum
1286 2562 1327 2648 c)
1344 2570 1468 2644 accepta

275 2671 362 2734 nobis
390 2675 420 2734 et
447 2674 533 2753 grata
561 2671 720 2753 placiditas
748 2669 842 2733 nostri
875 2670 975 2733 cordis
1009 2670 1172 2734 intrinseca
1205 2671 1328 2755 copioso
1361 2670 1468 2754 gaudio

221 2866 224 2871 ·
275 2781 464 2852 fecundavit,
494 2779 665 2864 superbiis
687 2778 773 2842 vobis
798 2780 836 2842 ad
859 2784 962 2861 grates
984 2780 1128 2842 maximas
1150 2780 1347 2852 inclinantes,
1372 2784 1470 2844 vestra

274 2890 410 2954 volumus
434 2889 585 2953 desideria
607 2908 666 2951 nou
692 2889 806 2960 latere,
835 2889 914 2973 quod
942 2890 1067 2952 nuncios
1097 2896 1214 2953 nostros
1238 2890 1411 2974 solempnes
1434 2888 1469 2952 ad

274 3005 407 3062 vestram
435 3018 538 3062 sumus
566 3001 597 3060 in
631 3002 764 3080 proximo
799 2997 919 3061 missuri
955 2997 1161 3081 presenciam,
1195 2998 1290 3062 nostri
1324 2996 1471 3082 propositi

273 3106 377 3171 fideles
399 3107 590 3190 interpretes,
613 3106 664 3191 qui
686 3126 778 3190 super
792 3107 837 3193 d)
854 3106 1054 3169 communium
1076 3111 1246 3170 nostrorum
1263 3108 1469 3170 conformitate

273 3221 410 3279 votorum
431 3235 485 3279 vos
508 3215 711 3279 condecenter
733 3215 895 3298 expedient
918 3221 948 3277 et
965 3215 1003 3277 de
1020 3214 1159 3278 omnibus
1176 3216 1332 3299 oportunis
1349 3221 1380 3279 et
1397 3235 1467 3279 con·

272 3326 356 3408 gruis
372 3325 490 3408 plenius
508 3327 538 3387 et
560 3324 677 3408 planius
693 3324 905 3387 informabunt.
938 3325 1049 3395 Porro,
1079 3329 1111 3387 ut
1134 3329 1231 3387 status
1253 3325 1347 3388 nostri
1373 3324 1468 3389 conti-

273 3437 362 3497 nuata
374 3433 505 3497 felicitas
523 3436 623 3495 vestra
638 3433 797 3516 precordia
812 3432 940 3517 quadam
957 3432 1130 3497 delectabili
1147 3433 1315 3496 refectione
1332 3432 1466 3503 letificet,

272 3544 378 3608 harum
398 3561 452 3605 uos
474 3542 611 3604 uolumus
632 3560 740 3624 sapore
762 3541 931 3625 percipere,
956 3560 1010 3604 nos
1028 3561 1096 3604 cum
1112 3546 1198 3625 patre
1216 3546 1318 3605 nostro
1335 3543 1465 3605 sanctis·

271 3653 358 3723 simo,
376 3651 496 3714 domino
513 3669 627 3713 summo
644 3649 796 3732 pontifice,
814 3670 910 3734 nuper
927 3649 957 3713 iu
973 3650 1026 3713 tuli
1042 3650 1109 3713 loco
1130 3649 1277 3713 familiare
1294 3650 1467 3713 celebrasse

270 3760 451 3844 colloquium
462 3758 507 3846 ¹),
540 3778 558 3821 a
586 3778 645 3843 quo
674 3759 795 3843 quidem
822 3759 854 3821 in
882 3761 999 3822 cunctis
1027 3759 1154 3841 agendis
1183 3758 1301 3843 imperii
1323 3757 1469 3822 ineffabili

268 3870 381 3954 pietate
405 3870 550 3952 suscepti,
573 3868 668 3932 auditi
691 3874 721 3932 et
743 3869 861 3953 plenius
885 3868 1027 3939 exauditi,
1050 3870 1081 3931 in
1099 3867 1233 3951 proximo
1251 3886 1330 3931 nunc
1344 3866 1469 3932 instanti

267 3978 347 4041 festo
368 3977 405 4041 N·
430 3977 629 4061 suscipiemus
651 3978 683 4040 in
699 3978 773 4040 urbe
791 3977 828 4040 dc
846 3977 1049 4041 sacrosanctis
1066 3977 1132 4040 eius
1148 3975 1286 4039 manibus
1302 3975 1466 4057 gloriosum

269 4086 387 4170 imperii
404 4085 560 4169 dyadema,

357 4249 399 4329 α)ι
412 4249 453 4302 Ab
472 4249 502 4303 V.
519 4278 550 4286 —
567 4249 599 4318 b)
619 4256 724 4304 vestras
744 4253 847 4304 vestras
868 4249 895 4301 V.
910 4272 947 4287 -ο
959 4249 991 4316 o)
1015 4265 1103 4301 eorum
1125 4247 1153 4300 V.
1174 4246 1227 4299 und
1247 4248 1273 4301 Z.
1293 4277 1321 4285 —
1338 4247 1374 4317 d)
1389 4263 1469 4318 super

269 4339 337 4393 fehlt
356 4339 384 4392 v.

297 4596 320 4657 ¹)
340 4602 448 4645 Rudolf's
466 4602 672 4646 Zueummenkunft
690 4602 732 4647 mit
749 4604 843 4660 Gregor
862 4603 890 4646 x.
910 4616 939 4646 zu
956 4603 1078 4646 Lausauue
1096 4601 1150 4646 fund
1168 4616 1203 4646 am
1223 4602 1260 4646 18.
1282 4601 1386 4646 October
1400 4599 1461 4645 1275

340 4705 361 4735 u.
386 4691 409 4735 ll.
426 4694 493 4745 statt,
511 4693 566 4735 dort
582 4693 663 4737 wurde
682 4692 716 4736 als
736 4693 830 4737 Termin
850 4694 887 4736 tur
901 4692 938 4736 die
952 4692 1146 4750 Kaiserkrdnuug
1159 4692 1200 4736 das
1214 4692 1312 4736 nichrte
1324 4689 1464 4750 Ptingrtfost

342 4780 394 4839 (24.
407 4783 452 4828 Μαί
468 4778 542 4838 1276)
555 4783 707 4841 testgesetzt.
