3209 5392
1327 503 1398 574 171

209 674 298 739 nibus
321 675 522 757 sempiternis,
545 682 576 740 et
598 679 772 742 devotorum
795 679 974 743 universitas
998 680 1036 742 de
1057 697 1146 741 manu
1174 680 1275 741 vestre
1303 674 1403 738 dimne

209 780 405 845 liberaoionis
421 783 592 865 percipiens
609 784 748 848 auxilium
771 786 918 856 salutare,
946 784 1035 847 fidem
1058 788 1189 847 vestram
1203 781 1405 846 inviolabilem

209 891 392 970 propensius
424 890 656 953 recommendet.
701 890 860 962 Ceterum,
891 892 963 954 licet
994 890 1206 953 exhortacione
1237 910 1297 952 non
1328 907 1405 969 opus

211 1015 280 1058 esse
297 996 428 1059 sciamus
446 995 497 1059 ubi
512 997 636 1079 propria
657 997 724 1060 laus
745 1017 799 1061 vos
824 997 970 1061 clarificat
991 997 1183 1068 meritorum,
1210 997 1282 1079 quia
1302 1001 1405 1059 tamen

210 1101 294 1166 aelus
334 1107 438 1166 noster
471 1121 575 1173 suum,
615 1122 673 1185 quo
712 1104 751 1166 ad
788 1103 994 1168 hortacionem
1038 1103 1156 1167 virtutis
1200 1107 1302 1166 vestre
1349 1120 1405 1165 vos

214 1206 365 1281 stimulet,
388 1209 490 1272 calcar
510 1207 617 1280 habet,
644 1208 870 1273 universitatem
885 1215 1016 1273 vestram
1037 1228 1178 1291 rogamus
1200 1213 1231 1271 et
1250 1208 1405 1272 hortamur

212 1319 346 1385 attente,
376 1321 524 1398 quatenus
540 1315 724 1397 -provide
751 1316 993 1397 perpendentes,
1019 1316 1099 1397 quod
1126 1336 1187 1379 non
1213 1315 1311 1379 minor
1337 1315 1403 1378 laus

210 1425 259 1483 est
274 1419 454 1503 acquisitam
470 1441 592 1485 servare
609 1422 752 1503 gloriam,
769 1441 858 1504 quam
875 1422 1013 1505 quesisse
1034 1459 1079 1470 -
1101 1422 1133 1484 in
1155 1422 1271 1486 cautela
1294 1421 1404 1483 civium
1412 1438 1539 1482 rasa--

209 1533 241 1590 et
257 1528 394 1591 custodia
417 1528 547 1592 civitatis
570 1528 616 1591 sic
638 1528 784 1592 studeatis
808 1529 935 1593 sollicite
956 1529 1082 1610 vigilare
1103 1528 1311 1592 incurialitatis
1328 1546 1405 1610 quo·

212 1633 370 1698 dammodo
403 1635 585 1707 securitate,
623 1656 662 1697 ne
699 1636 841 1699 videlicet
876 1655 931 1717 per
967 1631 1099 1699 vestram
1132 1635 1281 1699 incuriam
1318 1617 1404 1697 locus

210 1742 343 1804 nocendi
370 1742 525 1806 fraudibus
540 1746 644 1823 pateat
664 1742 786 1806 inimici.
820 1743 952 1805 Romana
975 1743 1124 1825 siquidem
1145 1742 1287 1811 eeclesia,
1308 1746 1407 1803 mater

210 1853 325 1920 vestra,
343 1868 400 1933 que
416 1868 469 1913 vos
486 1834 588 1931 posuit
601 1849 691 1914 velud
706 1848 826 1930 insigne
843 1849 1030 1930 signaculum
1045 1851 1076 1911 in
1093 1867 1257 1919 corsuum,
1274 1852 1305 1909 et
1320 1847 1408 1909 euius

212 1953 334 2017 viscera
355 1955 472 2037 gladius
500 1955 719 2037 compassionis
747 1954 844 2036 alligit
859 1957 891 2018 in
906 1955 1096 2037 passionibus
1123 1955 1249 2019 filiorum
1271 1959 1408 2018 statuens

212 2082 247 2124 se
263 2061 348 2125 vobis
364 2063 395 2124 in
412 2062 549 2126 omnibus
565 2062 759 2139 favorabilem
775 2066 807 2124 et
820 2060 1000 2143 benignam,
1022 2062 1132 2126 vestris
1154 2059 1409 2145 oportunitatibus

209 2187 270 2231 non
283 2169 379 2232 decrit
391 2174 422 2232 et
435 2169 586 2233 civitatem
602 2177 734 2233 vestram
748 2169 895 2232 honorum
908 2168 1010 2250 tytulis
1024 2174 1055 2232 et
1069 2168 1283 2232 beneficiorum
1297 2185 1408 2249 provo·

208 2274 284 2337 here
307 2295 365 2338 non
382 2275 518 2357 negliget
533 2274 741 2347 incrementis,
758 2276 790 2339 in
803 2274 864 2339 hiis
880 2275 1035 2357 precipue,
1051 2295 1109 2359 que
1125 2274 1165 2339 cd
1179 2280 1280 2338 vestre
1296 2275 1409 2339 haicio-

210 2380 258 2443 nis
275 2387 306 2445 et
322 2381 510 2448 defensionis
526 2382 667 2446 auxilium
682 2382 792 2447 viderit
808 2381 950 2465 expedire
971 2380 1010 2468 ¹).

789 2695 852 2769 35.

483 2872 561 2951 laps
575 2872 638 2950 regi
654 2870 762 2952 Syclllc
778 2889 870 2953 super
885 2871 1002 2935 delectu
1019 2889 1145 2936 aurore.

714 3026 794 3081 1227.
804 3027 914 3082 Jauuar.

215 3169 347 3226 Honorius
352 3170 401 3224 111.
407 3169 480 3226 lines
485 3168 538 3223 den
544 3167 643 3223 Koiaer
650 3167 793 3224 Friedrich
799 3172 842 3225 als
848 3170 935 3241 accip
947 3186 997 3224 oon
1004 3168 1125 3232 sicilico,
1139 3168 1207 3224 nacla
1221 3171 1279 3225 dem
1287 3172 1411 3244 Beospiel

234 3257 326 3314 seim
343 3260 503 3331 Vorpdnper‚
517 3259 581 3312 Rom
593 3257 722 3313 cudbrecti
733 3258 782 3312 der
793 3258 977 3329 Huopersnotb
990 3258 1037 3313 mat
1052 3258 1178 3314 (deodate
1188 3278 1220 3314 zu
1233 3278 1384 3333 ceraorpea.

305 3382 433 3447 celestis
449 3382 574 3446 altitudo
599 3383 735 3454 consilii,
758 3383 819 3447 alta
836 3389 867 3446 et
882 3383 1026 3447 ineliabili
1047 3385 1242 3468 providencia
1261 3387 1407 3451 universa

217 3489 399 3570 disponens,
431 3510 532 3554 rerum
562 3491 786 3554 vicissitudines
819 3512 880 3554 non
911 3492 977 3554 sine
1011 3492 1243 3575 dispensacione
1276 3495 1410 3557 racionis

217 3595 362 3666 alternat,
390 3615 471 3659 nunc
487 3601 614 3677 egentes
631 3596 807 3660 habundare
823 3597 957 3670 iaciens,
985 3618 1063 3661 nunc
1079 3598 1288 3663 habundantes
1306 3620 1409 3680 egere,

217 3705 252 3764 ut
281 3701 410 3765 humana
442 3699 584 3766 condicio
611 3722 667 3785 per
700 3704 912 3767 alteracionem
948 3704 1118 3767 huiusmodi
1156 3711 1188 3769 et
1224 3706 1271 3769 sui
1313 3712 1410 3769 status

216 3807 444 3872 instabilitatem
472 3815 640 3891 cognoscat
667 3815 698 3873 et
724 3810 901 3874 alterutrum
918 3811 960 3898 a)
984 3811 1041 3873 sihi
1070 3813 1261 3897 compaciens
1289 3813 1412 3894 impleat

218 3915 320 3996 legem
336 3916 460 3988 Christi,
477 3935 535 3999 qua
557 3915 708 3999 proximos
726 3917 870 3999 jubemur
892 3918 1018 3999 diligere
1036 3924 1067 3982 et
1082 3919 1159 3982 alter
1179 3918 1303 3982 alterius
1320 3937 1412 3983 onera

222 4022 411 4103 subportare.
455 4023 538 4085 Eece
569 4024 679 4085 samem
709 4043 838 4087 vocasse
868 4025 989 4087 videtur
1010 4026 1154 4088 Dominus
1187 4045 1279 4108 super
1305 4024 1412 4088 urbem

220 4133 253 4191 et
268 4129 300 4191 in
316 4149 352 4192 ea
368 4127 585 4193 firmamentum
602 4130 640 4214 b]
655 4131 740 4213 panis
763 4131 897 4212 graviter
924 4132 1101 4195 contrivisse
1129 4131 1167 4215 c]
1191 4129 1234 4218 2),
1262 4131 1410 4195 nonnullis

218 4271 222 4278 ’
315 4253 349 4321 o)
364 4253 434 4307 alter
450 4254 528 4308 alteri
542 4254 717 4325 compacienti
731 4254 890 4310 subveniens
907 4255 1018 4327 impleat
1029 4255 1108 4310 liuill.
1121 4252 1199 4310 uren.
1213 4285 1247 4296 -
1261 4255 1293 4326 d)
1307 4257 1411 4311 fomen-

220 4344 276 4395 tum
290 4342 369 4396 idem.
386 4371 414 4382 -
430 4342 463 4409 e)
478 4343 631 4399 decrevisse
648 4341 726 4399 idam.
1390 4336 1399 4350 ⁸

247 4521 273 4580 ¹)
291 4523 372 4582 vargi.
395 4524 505 4578 haumar,
530 4523 715 4576 Hoheustaulsn,
738 4527 761 4576 8.
778 4526 879 4587 duflags
895 4527 920 4581 l,
946 4527 992 4573 tlt
1013 4527 1061 4572 uad
1085 4525 1116 4570 ira
1142 4525 1278 4585 folgenden
1303 4526 1353 4572 sol.
1370 4526 1410 4581 08,

282 4616 323 4650 ao.
341 4605 356 4649 8
373 4605 418 4649 und
434 4606 485 4651 Fcl.
503 4604 544 4659 68,
561 4618 602 4655 ac.
614 4605 652 4652 16.

251 4679 276 4741 ⁸)
294 4684 371 4729 Psalm
389 4683 446 4740 lot,
459 4684 497 4730 lt.
