3209 5392
836 603 898 676 10.

710 781 788 863 laps
801 780 911 845 treolls
927 778 1044 858 Spellle.

744 939 823 994 ltbb
836 940 998 1011 September.

280 1080 610 1140 rnnnmrueeuoroa
627 1082 680 1137 oen
697 1080 1006 1149 immerseram,
1020 1081 1086 1135 aar
1103 1099 1134 1135 e
1144 1080 1335 1136 noeentum
1350 1078 1459 1135 umam
1571 1039 1572 1068 ¹

280 1172 374 1244 Ficaco
390 1171 438 1227 mit
454 1173 504 1227 der
522 1172 643 1228 oberotcn
660 1172 772 1246 aetam
789 1172 818 1227 io
836 1170 887 1229 der
903 1170 1015 1229 Proatz
1036 1172 1147 1230 Sicilrcn
1164 1173 1269 1228 amur
1286 1174 1343 1227 und
1358 1171 1402 1225 mit
1417 1172 1461 1225 den
1571 1179 1572 1200 t

282 1260 517 1347 anayadebnteateo
546 1262 719 1319 Vollmoobteo
739 1261 868 1319 aeramen
889 1263 967 1326 boba,
989 1264 1046 1318 und
1066 1262 1182 1336 befieblt,
1205 1262 1259 1318 idm
1280 1260 1415 1337 pdnltlieb
1433 1280 1460 1315 zo

796 1353 956 1425 peborcbea.

325 1530 326 1533 ¹
370 1502 416 1565 Ad
443 1500 578 1565 diversas
606 1501 708 1568 mundi
734 1501 906 1585 provincias
934 1523 971 1565 ex
992 1501 1084 1567 officii
1107 1502 1203 1567 nostri
1226 1501 1330 1566 debito
1358 1501 1460 1566 intente

247 1683 249 1686 ,
282 1610 481 1694 cogitacionis
510 1610 707 1674 extendentes
735 1609 849 1683 aciem,
878 1616 909 1675 et
936 1610 1068 1695 undique
1090 1631 1145 1694 per
1169 1612 1274 1676 orbem
1289 1633 1346 1695 pro
1362 1611 1463 1674 salubri

281 1727 361 1786 statu
376 1719 506 1785 lidelium
522 1721 686 1804 apostolice
703 1721 864 1805 diligencie
880 1720 1009 1785 studium
1026 1721 1237 1795 diffundentes,
1254 1722 1339 1785 circa
1353 1721 1464 1804 prouin-
1571 1769 1572 1806 3

282 1832 359 1896 ciam
375 1832 412 1895 N.
429 1809 572 1915 precipue
589 1838 691 1895 nostre
708 1831 964 1896 considerationis
980 1837 1189 1915 retorquemus
1205 1832 1357 1902 intuitum,
1374 1836 1404 1895 et
1417 1850 1463 1913 pro
1571 1837 1572 1840 ’

281 1942 377 2026 ipsius
385 1940 619 2006 conservacione
627 1941 786 2024 pastoralis
799 1940 839 2025 a)
848 1940 1465 2025 nimirumuigilancieoperamadbibemus.
1571 2001 1572 2006 ,

281 2052 314 2116 ln
335 2050 393 2115 hac
416 2050 495 2115 enim
516 2070 588 2115 suos
611 2050 742 2115 ecelesia
764 2052 959 2135 recognoscit
980 2051 1155 2135 alumpnus,
1183 2050 1236 2115 ubi
1258 2050 1386 2115 devotos
1402 2068 1465 2113 suos

281 2158 414 2244 repperit
441 2164 472 2223 et
498 2156 620 2231 fideles,
649 2157 699 2223 bio
728 2166 776 2224 est
795 2159 901 2225 hortus
923 2159 1006 2224 sedis
1029 2157 1196 2241 apostolice
1212 2159 1371 2242 proprius,
1388 2156 1465 2221 cuius
1571 2191 1572 2206 κ

281 2289 368 2333 nemo
384 2269 460 2333 alter
474 2267 626 2353 particeps
643 2266 754 2343 existit,
769 2289 858 2353 quem
874 2271 956 2334 solus
972 2271 1124 2335 Romanus
1139 2269 1275 2353 pontifex
1291 2268 1424 2352 protegit
1438 2273 1466 2330 et

281 2379 424 2453 custodit,
454 2379 541 2446 cuius
572 2380 647 2444 alter
678 2402 738 2445 non
768 2381 849 2463 gerit
879 2380 1015 2463 regimen
1047 2388 1079 2445 et
1110 2381 1274 2453 culturam
1315 2380 1375 2445 buc
1406 2377 1465 2441 eius

280 2488 432 2572 peculiare
454 2488 637 2572 pomerium,
663 2488 714 2552 ubi
736 2494 825 2572 grate
847 2488 1045 2554 subiectionis
1066 2490 1159 2554 dores
1182 2488 1300 2571 colligit
1323 2495 1356 2552 et
1375 2485 1464 2551 filialis

282 2599 450 2663 dulcedinis
466 2618 553 2681 poma
570 2596 717 2683 dece'rpit.
751 2598 942 2683 Quapropter
963 2599 1096 2664 Romana
1118 2598 1250 2663 ecclesia
1273 2599 1358 2663 circa
1380 2596 1466 2680 ipsius

282 2708 434 2773 munimen
462 2713 493 2772 et
519 2708 631 2773 cultum
658 2708 801 2774 attentius
830 2708 945 2793 cogitat
967 2715 998 2777 et
1019 2729 1107 2793 opem
1128 2709 1167 2772 ad
1189 2708 1248 2772 boc
1270 2704 1466 2791 propensioris

283 2818 374 2883 studii
406 2818 590 2891 aministrat,
623 2823 655 2881 ut
686 2824 717 2883 et
747 2817 818 2882 illud
849 2839 905 2901 per
936 2819 1133 2885 deuocinnom
1166 2817 1318 2882 sinceram
1339 2814 1467 2902 puritatis
1571 2841 1572 2900 3

282 2930 413 3014 respiret
427 2929 567 3001 odorem,
588 2933 620 2992 et
641 2949 696 3012 per
716 2927 891 2994 fidelitatem
912 2930 1060 3012 integram
1088 2933 1278 3012 expectatum
1301 2925 1467 2993 constancia
1507 2976 1510 2991 ι
1571 2911 1572 2994 l

283 3041 412 3104 fructum
428 3039 544 3103 reddat.
578 3038 688 3103 Verum
705 3039 776 3124 quia
791 3045 862 3103 tunc
879 3043 964 3122 regio
988 3040 1101 3104 utiliter
1116 3038 1250 3122 regitur,
1274 3059 1344 3105 cum
1359 3034 1467 3124 providi

169 3183 243 3224 roso
254 3149 412 3224 unedonis
441 3149 551 3213 ducatu
579 3146 719 3240 dirigitur
747 3155 778 3211 et
798 3148 882 3231 uigili
905 3149 1089 3232 presidentis
1112 3147 1258 3212 industria
1281 3149 1467 3231 gubernatur,

285 3279 351 3333 nos,
367 3259 503 3323 volentes
520 3265 553 3323 ut
567 3254 705 3342 predicta
721 3258 877 3342 prouincia
895 3259 971 3322 duce
994 3259 1126 3341 gandeat
1149 3260 1384 3343 circumspecto,
1400 3276 1466 3341 qua·
1570 3333 1572 3336 Ι

285 3378 373 3435 tenus
388 3359 466 3458 illins
482 3368 676 3452 providencia
693 3369 938 3433 successionibus
956 3369 1065 3454 optatis
1082 3367 1220 3451 proficiat
1235 3375 1267 3432 et
1282 3371 1468 3453 preservatur

286 3478 476 3545 laudabiliter
497 3478 534 3542 ab
557 3477 710 3551 adversis,
740 3478 850 3541 dilecto
874 3478 923 3551 N,
940 3477 1000 3542 lilio
1023 3485 1144 3551 nostro,
1161 3479 1199 3541 de
1217 3477 1303 3541 cuius
1320 3476 1466 3546 industria,

287 3587 558 3673 circumspectione
575 3594 607 3651 et
621 3585 792 3651 maturitate
808 3586 950 3651 laudabili
962 3586 1127 3670 pleniorem
1139 3585 1281 3666 fiduciam
1298 3587 1465 3655 obtinemus,

288 3700 423 3765 eiusdem
449 3697 602 3782 provincie
618 3696 771 3778 regimen,
788 3701 930 3780 quantum
952 3697 990 3759 ad
1008 3697 1115 3768 omnnia<
1133 3698 1309 3780 temporalia
1334 3704 1365 3761 et
1386 3693 1465 3779 spiri·
1568 3723 1571 3786 .'

288 3810 395 3881 tualia,
430 3805 564 3891 plenarie
581 3805 716 3869 duximus
748 3805 994 3878 concedendum,
1018 3825 1166 3870 concessa
1189 3793 1248 3871 sibi
1279 3802 1465 3891 precipiendi,

289 3916 464 3990 ordinandi,
502 3913 668 3987 statuendi,
706 3913 838 3978 faciendi
880 3914 958 3977 sicut
990 3916 1133 3997 expedire
1164 3916 1277 3981 uiderit
1307 3917 1339 3980 in
1371 3914 1465 3979 eadem

288 4027 459 4114 prouincia,
487 4042 544 4088 neo
567 4044 626 4086 non
648 4022 887 4087 contradictores
912 4030 942 4086 et
964 4024 1093 4088 rebelles
1115 4045 1194 4107 pena
1217 4048 1271 4089 seu
1288 4024 1463 4090 districtione

290 4139 435 4227 spirituali
457 4157 497 4206 ac,
515 4132 690 4232 temporali,
718 4134 919 4217 appellatione
940 4135 1125 4218 postposita,
1153 4136 1365 4221 compescendi
1381 4135 1462 4198 libem
1568 4137 1570 4162 ¹

289 4255 449 4338 potestate.
480 4248 612 4330 Ideoque
627 4244 813 4318 mandamus,
836 4252 980 4329 qnatenus
1005 4246 1101 4310 eidem
1125 4246 1385 4313 bonorificenoiam
1399 4265 1462 4309 con·

292 4381 396 4449 gruem
427 4356 621 4428 exhibentes,
653 4352 711 4417 sibi
742 4353 773 4417 in
801 4354 939 4419 omnibus
966 4356 1181 4440 temporalibus
1209 4376 1245 4421 ao
1273 4354 1461 4442 spiritualibus
1568 4419 1569 4424 γ

293 4466 626 4542 efficaciterintendero
638 4486 676 4531 ac
694 4467 732 4530 de
745 4467 895 4541 universis
919 4469 1034 4536 iuribus
1053 4474 1083 4532 et
1103 4469 1141 4532 de
1166 4468 1232 4532 aliis
1256 4469 1295 4533 ad
1317 4465 1462 4534 rectoriam

376 4676 410 4747 a)
425 4669 572 4747 pectoralis
588 4670 618 4726 V.
