3209 5392
239 497 318 568 434

237 670 399 735 ecclesiam
413 671 586 738 revocaret,
610 671 643 731 ut
664 668 766 731 forsan
790 669 865 732 miro
890 673 920 732 et
941 668 1060 732 occulto
1077 686 1132 731 suo
1149 666 1274 731 corrsilio
1290 666 1437 732 breviare

237 778 362 863 incipiat
378 778 443 842 dies
458 776 563 847 malos,
594 775 646 860 qui
666 776 699 839 in
717 778 874 849 ultionem,
897 782 930 841 ut
946 777 1090 849 creditur,
1113 776 1304 860 peccantium
1322 776 1438 842 diutius

237 907 367 970 regnare
383 883 519 970 permisit
533 884 699 968 ypocritam
711 883 738 972 ¹)
755 885 786 947 in
801 884 1102 969 populoChristiano‚
1119 883 1438 967 Frideriooquondam

236 997 416 1081 imperatore
433 993 585 1057 civitatem
601 993 729 1057 eandem
746 993 889 1058 invadere
905 999 936 1057 et
952 993 1061 1076 quibus
1070 992 1294 1076 possetvirihus
1311 994 1437 1059 allidere

236 1108 410 1187 satagente,
433 1102 580 1166 zelatores
602 1100 754 1166 katholico
776 1102 924 1167 libertatis
942 1107 973 1166 et
989 1102 1203 1167 liberacionem
1223 1106 1321 1167 status
1337 1103 1436 1168 Ytalie

236 1213 393 1297 cupientes
421 1212 452 1275 in
480 1208 686 1274 defensionem
713 1211 792 1274 illius
822 1216 905 1276 tanto
934 1210 1093 1275 ardencius
1122 1216 1240 1295 oportet
1262 1211 1434 1283 intendere,

237 1326 348 1406 quanto
365 1340 424 1382 non
440 1320 536 1382 solum
552 1317 681 1382 civitatis
698 1318 805 1401 ipsius,
830 1319 883 1382 sed
900 1319 992 1383 etiam
1007 1320 1099 1382 totins
1115 1319 1249 1402 regionis
1267 1319 1438 1384 novissima

236 1428 341 1513 peiora
356 1428 463 1492 tierent
478 1446 568 1512 quam
584 1426 696 1510 priora,
719 1427 745 1488 si
766 1426 847 1489 idem
864 1425 1027 1490 Christiani
1044 1427 1173 1490 nominis
1192 1434 1373 1511 persecutor
1388 1428 1438 1491 lo·

237 1556 317 1608 cum,
344 1557 362 1600 a
390 1555 449 1620 quo
479 1557 513 1599 se
539 1536 622 1599 dolet
649 1536 812 1608 exclusum,
840 1554 909 1598 cum
930 1534 1128 1619 multiplicata
1156 1537 1280 1618 spiritus
1309 1537 1436 1600 furentis

237 1645 377 1731 nequicia
398 1645 506 1709 iterum
529 1645 689 1708 obtineret.
723 1645 803 1707 Sane
832 1643 913 1707 idem
940 1642 1126 1716 Fridericus,
1150 1646 1229 1709 sicut
1251 1648 1436 1730 accepimus,

238 1758 318 1819 vires
350 1774 420 1818 suas
452 1772 614 1837 repparare
646 1752 827 1835 disponens,
855 1772 930 1835 quas
957 1772 1054 1835 nuper
1084 1753 1207 1817 robusta
1243 1774 1350 1819 manus
1382 1756 1439 1819 de-

239 1869 373 1930 votorum
397 1862 527 1927 ecclesie
550 1864 579 1925 in
602 1861 698 1945 digito
720 1861 776 1925 Dei
799 1860 968 1927 dinoscitur
990 1861 1181 1937 contrivisse,
1204 1863 1330 1928 collecto
1347 1886 1440 1950 super

238 1974 361 2046 Padum,
372 1973 452 2036 unde
464 1971 572 2056 potnit,
587 1971 705 2054 navigio
716 1970 839 2042 fluviali,
853 1972 952 2035 aditus
966 1977 1093 2036 conatur
1106 1973 1276 2047 obstruere,
1292 1994 1348 2059 per
1360 1992 1438 2057 quos

238 2084 270 2147 in
293 2080 473 2146 victualibus
495 2087 527 2145 et
548 2079 616 2144 aliis
638 2079 827 2144 commerciis
851 2079 1035 2144 advehendis
1055 2079 1134 2144 illius
1158 2080 1272 2145 navalis
1294 2080 1439 2165 triumphi

237 2190 385 2256 beneficio
399 2191 442 2274 a)
459 2187 566 2252 claruit
582 2192 704 2253 caterva
721 2187 870 2252 catholica
887 2208 923 2251 ac
939 2187 1045 2253 civitas
1062 2190 1180 2271 prefata
1196 2189 1388 2279 respirate),
1408 2195 1439 2254 ut

237 2301 334 2384 possit
348 2298 466 2363 illorum
484 2295 689 2361 constanciam
706 2316 851 2380 superare
867 2296 1018 2361 mediante
1034 2297 1154 2361 fallacia
1175 2299 1230 2380 h),
1253 2298 1362 2382 quibus
1379 2319 1438 2362 nou

238 2409 373 2494 prevalet
389 2429 444 2492 per
460 2410 608 2471 virtutem.
636 2407 710 2471 Cum
728 2408 822 2490 igitur
836 2407 961 2471 ridendo
977 2409 1218 2492 presumpcionis
1235 2408 1301 2474 eius
1325 2430 1440 2493 propo-

238 2518 327 2583 situm
343 2516 579 2600 magnitudinem
595 2520 726 2580 vestram
745 2517 853 2580 deceat
869 2517 1039 2599 dedignari,
1061 2517 1110 2600 qui
1127 2516 1214 2580 vobis
1237 2517 1364 2601 aliisque
1381 2520 1439 2583 de·

238 2627 317 2693 votis
333 2627 483 2698 ecclesie,
507 2643 633 2709 quorum
654 2624 686 2688 in
707 2625 799 2690 rebus
816 2625 933 2690 bellicis
951 2625 1064 2690 navalis
1081 2625 1202 2691 inventa
1219 2632 1266 2690 est
1282 2629 1436 2712 potencia,

238 2735 394 2803 contendit
417 2733 587 2799 mendicato
611 2732 815 2798 navicularum
837 2734 983 2817 suffragio
1005 2734 1179 2818 prevalere,
1208 2735 1289 2819 quod
1318 2736 1439 2821 quidem

239 2843 428 2910 dissimulare
456 2844 522 2907 sine
550 2841 642 2906 vestri
670 2842 798 2906 nominis
826 2842 943 2907 macula
979 2862 1040 2906 non
1073 2845 1218 2927 potestis:
1252 2844 1440 2917 mandamus,

239 2958 397 3039 quatenus,
414 2951 654 3023 considerantes,
677 2953 757 3035 quod
779 2951 918 3015 omnibus
940 2951 1037 3025 malis,
1056 2951 1165 3035 quibus
1187 2955 1218 3016 in
1240 2958 1371 3017 vestram
1393 2955 1440 3017 in-

240 3062 445 3146 quietudinem
471 3060 596 3124 libertas
619 3059 717 3124 Ytalie
744 3081 780 3123 ao
802 3059 900 3124 tocius
928 3059 1011 3124 orbis
1038 3060 1240 3145 tranquillitas
1269 3062 1440 3137 lacessitur,

239 3168 346 3235 exinde
369 3168 536 3233 defensioni
552 3168 683 3233 civitatis
702 3168 839 3252 predicte
861 3169 972 3253 poterit
994 3169 1202 3233 exterminium
1223 3170 1382 3253 provenire
1408 3177 1440 3235 et

123 3306 229 3348 ansas.
239 3279 381 3362 generale
397 3278 501 3361 procul
516 3276 606 3341 dubio
629 3276 773 3342 inminere
793 3277 972 3361 pericnlum,
994 3277 1021 3343 si
1038 3283 1186 3361 oportuna
1201 3280 1258 3343 illis
1275 3278 1440 3343 subvencio

241 3387 425 3471 denegetur:
442 3386 539 3449 eidem
556 3385 670 3450 civitati
686 3406 723 3450 ac
738 3384 878 3450 tidelibus
895 3406 950 3472 pro
966 3387 1033 3470 ipsa
1048 3386 1235 3451 certantibus
1252 3392 1393 3470 potenter
1409 3392 1441 3450 et

240 3494 367 3561 viriliter
383 3496 578 3559 succurratis.
595 3495 723 3578 Propter
740 3496 822 3579 quod
839 3502 921 3559 cutm
937 3494 1086 3567 meritum,
1104 3494 1185 3579 quod
1201 3495 1289 3559 vobis
1306 3497 1437 3579 proinde

241 3604 432 3670 cumulabitis
448 3604 527 3690 apud
540 3605 647 3675 Deum,
665 3603 796 3668 ecclesia
813 3624 933 3688 qnoque
948 3603 1092 3676 Romana,
1115 3623 1175 3688 que
1196 3605 1227 3667 in
1243 3604 1302 3668 hoc
1320 3622 1440 3690 quoque

239 3715 324 3799 gravi
351 3713 543 3777 necessitatis
567 3712 694 3776 articulo
717 3712 961 3795 promptitudinis
977 3719 1076 3778 vestre
1100 3712 1279 3796 obsequium
1294 3713 1441 3796 gratissi-

339 3910 374 3979 o)
392 3908 521 3966 beneficio
540 3926 603 3982 quo
622 3909 719 3964 claruit
732 3909 975 3965 llnill-Brtholles.
996 3941 1030 3951 —
1043 3912 1075 3981 t)
1096 3915 1126 3966 ut
1142 3929 1192 3984 por
1208 3910 1321 3970 inediam
1334 3912 1440 3967 illorum

241 4003 422 4058 constanciam
436 4018 563 4073 superare
578 4001 712 4058 fallaciter
723 4001 813 4074 possit
825 4000 1068 4057 unilt-brotona.

274 4331 297 4393 ¹)
315 4337 369 4383 Joo.
382 4333 421 4390 34,
435 4336 475 4382 3⁰.

271 4441 296 4501 ²)
315 4433 443 4492 dhnliches
464 4446 590 4492 herichten
611 4457 656 4491 nur
677 4448 740 4492 noch
762 4445 801 4491 uis
813 4446 920 4493 Anuslsn
938 4459 984 4493 von
998 4447 1085 4492 Parma.
1112 4447 1136 4492 S.
1156 4445 1342 4499 Sohirrmachsr,
1361 4446 1445 4494 Kaisar

314 4536 438 4582 Friedrich
460 4538 487 4583 ll.
500 4534 531 4592 4,
553 4533 601 4582 W!
623 4549 663 4582 no.
677 4537 718 4592 89,
741 4538 784 4582 dar
804 4535 894 4594 jodoch
914 4538 955 4583 das
973 4537 1118 4584 hullallende
1138 4538 1218 4585 dieser
1235 4536 1367 4585 Nsehricht
1384 4538 1445 4584 auch

315 4627 382 4672 nicht
398 4641 427 4673 su
447 4625 555 4673 erhltren
569 4639 664 4687 vermng
677 4629 723 4674 unu
736 4629 772 4674 sie
785 4629 859 4674 daher
874 4628 897 4674 in
916 4628 996 4674 seiner
1012 4629 1165 4690 Darstellung
1184 4624 1230 4687 (ib.
1249 4630 1274 4675 8.
1292 4625 1352 4685 260)
1372 4641 1445 4676 ouer·

315 4719 395 4764 vibat
407 4718 473 4763 lisst.
