3209 5392
1491 454 1539 536 q*
1583 469 1592 478 .

278 562 356 633 aot

366 735 451 803 Cum,
468 734 633 797 secundum
648 729 830 795 venerabilis
844 731 962 794 Seuece
980 730 1204 800 documentum,
1217 727 1470 814 quemadmodum

276 842 448 924 superiores
463 842 563 904 vivere
580 840 733 909 volumus,
750 838 792 900 ita
809 857 878 899 cum
894 836 1089 899 inferioribus
1105 837 1208 900 rivere
1225 837 1384 907 debemus,
1405 856 1474 898 con·

276 970 383 1031 gruum
391 954 447 1020 est,
456 954 499 1019 ut,
511 949 590 1011 sicut
600 945 765 1029 superioris
774 945 922 1029 exoptatis
929 946 1072 1017 favorem,
1082 946 1124 1007 ita
1132 943 1327 1007 inferioribus
1335 943 1475 1005 exhibea-

273 1056 313 1120 tis
329 1076 383 1121 vos
399 1056 594 1121 favorabilem
610 1058 639 1115 et
655 1053 828 1135 benignum.
854 1052 928 1115 Cum
944 1053 1037 1134 igitur
1052 1051 1256 1115 venerabilem
1272 1056 1303 1114 et
1318 1050 1470 1114 favorabi-
1544 1057 1556 1083 ⁶

273 1166 332 1229 lem
347 1164 564 1228 humanitatem
575 1166 706 1225 vestram
718 1168 850 1223 extrema
863 1160 1032 1223 necessitas
1045 1165 1076 1223 et
1095 1160 1219 1223 silencio
1240 1159 1332 1241 digna
1359 1158 1475 1221 mendi·

273 1273 351 1336 citas
363 1272 518 1356 requirere
531 1290 577 1332 me
589 1269 780 1353 compellant,
797 1266 1004 1330 honorabilem
1020 1266 1239 1330 dominacionis
1259 1272 1361 1330 vestre
1385 1266 1477 1330 subli-

272 1380 404 1444 mitatem
421 1378 573 1442 humiliter
591 1376 757 1462 expostulo,
776 1380 924 1460 quatenus
943 1394 1000 1447 me,
1017 1375 1220 1438 miserabilem
1246 1375 1396 1438 clericum
1420 1393 1471 1438 vo·

272 1492 377 1557 strum,
400 1489 467 1550 sinu
490 1485 698 1550 misericordie
721 1485 861 1554 foveatis,
885 1489 917 1546 ut
943 1482 1134 1546 liberalitatis
1163 1487 1265 1546 vestre
1295 1482 1468 1547 humanitas

273 1595 391 1670 doceat,
408 1599 520 1678 quanta
536 1593 621 1655 vobis
638 1612 655 1655 a
672 1590 882 1675 superioribus
898 1589 1061 1653 liberalitas
1078 1589 1202 1655 debeat.

861 1793 888 1834 r.

785 1917 806 1979 l
823 1915 970 1978 ursel-tlt.

365 2059 490 2121 Domino
507 2056 664 2125 favorabili
688 2062 719 2119 et
740 2056 872 2139 benigno
896 2054 928 2123 C.
953 2061 1011 2119 etc.
1036 2057 1072 2119 H.
1097 2063 1155 2121 etc.
1181 2058 1364 2123 salutemet
1388 2058 1474 2121 obsc-

272 2165 375 2249 quium
390 2164 534 2248 placitum
550 2169 580 2226 et
596 2169 765 2246 acceptum.

366 2273 483 2355 Quanto
511 2271 628 2334 felicius
656 2276 687 2333 et
713 2271 898 2334 fmctuosius
921 2272 1054 2336 studium
1076 2273 1208 2336 salutare
1235 2278 1400 2347 censetur,
1421 2294 1473 2356 per

273 2381 352 2467 quod
376 2379 540 2463 acquiritur
560 2380 610 2442 illa
632 2377 739 2441 nobilis
762 2380 919 2461 possessio
941 2379 1045 2451 animi,
1068 2399 1126 2464 que
1151 2381 1320 2445 seeundum
1336 2380 1472 2464 philoso·
1593 2396 1594 2419 ¹

272 2489 365 2572 phum
387 2489 417 2549 in
440 2487 573 2570 presenti
596 2492 643 2550 est
664 2505 780 2548 summa
803 2485 945 2548 nobilitas
968 2491 998 2548 et
1019 2488 1050 2549 in
1072 2488 1171 2550 tuturo
1194 2507 1290 2550 causa
1303 2474 1467 2554 delicitatis

271 2602 386 2667 eterne,
403 2600 485 2659 tanto
502 2595 701 2657 miserabilius
718 2599 811 2656 estet
827 2592 992 2675 inpensiori
1008 2595 1214 2659 misericordia
1237 2596 1364 2677 dignum
1387 2599 1466 2661 salu·

269 2702 343 2769 taris
357 2702 450 2766 studii
466 2702 685 2766 detrimentum.
710 2699 791 2763 Sane
814 2700 871 2763 nisi
887 2702 1068 2765 miserabilis
1086 2703 1188 2766 clerici
1212 2704 1307 2767 vestri
1329 2706 1468 2770 misereri
1532 2746 1551 2772 e

267 2813 431 2896 placuerit,
459 2829 532 2873 ecce
555 2808 719 2872 scienciam
743 2828 840 2872 meam
863 2828 932 2872 cum
953 2809 1113 2873 laboriosis
1136 2811 1245 2874 studiis
1270 2817 1302 2875 et
1324 2814 1468 2878 studiosis
1514 2774 1551 2843 ν

269 2917 449 3003 acquisitam
468 2916 639 2988 laboribus,
662 2915 831 2979 debitorum
853 2916 1025 2982 sollicitudo
1050 2918 1135 2981 diluit
1156 2924 1187 2982 et
1208 2921 1375 3001 penuriosa
1396 2940 1469 3004 pau·

269 3033 371 3113 pertas
393 3027 521 3108 dissipat
543 3032 573 3089 et
595 3026 751 3110 dispergit.
778 3026 913 3107 Exurgat
931 3027 1032 3112 itaque
1052 3027 1186 3091 liberalis
1205 3029 1389 3103 clemencia,
1411 3029 1467 3112 piis
1540 3088 1544 3097 ,

270 3138 481 3218 obtemperans
504 3136 597 3203 votis,
628 3139 658 3196 et
680 3133 868 3196 habundanti
897 3135 1017 3197 miserie
1045 3135 1232 3199 habundanti
1260 3137 1469 3201 misericordia

271 3245 442 3315 medeatur,
463 3249 611 3328 quatenus
628 3261 694 3306 eam
712 3243 827 3305 medela
845 3242 979 3305 subsidio
996 3243 1146 3307 mediante
1162 3243 1336 3327 magnificet
1351 3251 1385 3310 et
1402 3265 1470 3308 sco·
1591 3314 1592 3343 q

270 3352 379 3416 lastiea
394 3352 525 3433 provisio
542 3354 727 3433 protestetur
743 3350 839 3432 ipsam
860 3371 928 3412 esse
945 3351 1037 3413 studii
1053 3351 1238 3415 relatricem.

854 3574 889 3642 2.

558 3729 718 3800 h'lupebrr'ef
725 3729 790 3783 aaa
802 3730 847 3782 dic
861 3730 1020 3800 &oderonp
1031 3748 1083 3784 coo
1095 3733 1195 3785 Accua.

1370 3644 1397 3686 Ι

362 3858 457 3919 Lecte
473 3857 555 3918 luctu
570 3855 660 3938 plene
675 3860 776 3918 vestre
792 3855 962 3919 sanctitatis
978 3857 1063 3919 litere
1080 3857 1188 3921 vulnus
1206 3857 1345 3921 fecerunt
1359 3860 1391 3923 in
1404 3859 1465 3922 vul-

273 3985 345 4028 nere
361 3969 392 4027 et
407 3982 484 4028 nova
500 3963 657 4045 percussio
679 3963 799 4047 plagam
816 3967 950 4026 veterem
965 3966 1133 4028 recantavit
1150 3971 1181 4029 et
1195 3966 1332 4029 saucium
1348 3967 1392 4054 o)
1417 3986 1466 4029 cor
1589 3944 1590 3997 ἦ

272 4091 386 4143 eorum,
404 4073 456 4154 qui
471 4073 575 4136 vivunt
590 4072 621 4133 in
639 4069 751 4145 Christi
769 4089 898 4152 corpore
914 4071 1041 4155 eiusque
1058 4071 1165 4155 spiritu
1180 4078 1371 4155 vegetantur,
1387 4073 1463 4159 quod

272 4182 358 4245 locus
380 4181 441 4250 ille,
463 4177 494 4241 in
518 4198 576 4263 quo
601 4184 751 4242 steterunt
771 4179 866 4262 pedes
889 4180 965 4251 eius,
987 4179 1169 4263 perfidorum
1190 4178 1319 4263 pedibus
1344 4182 1463 4245 conoul·
1486 4206 1503 4227 ν
1589 4180 1590 4239 ἶ

273 4294 377 4359 catur,
400 4286 479 4373 quod
502 4293 593 4358 terra,
616 4287 772 4350 nativitate
790 4286 901 4350 Christi
923 4287 1046 4359 florida,
1070 4289 1307 4352 conversacione
1326 4289 1459 4359 candida,
1589 4250 1590 4299 l

273 4397 416 4479 passione
431 4415 532 4469 rosea,
548 4395 769 4459 contaminatur
784 4395 823 4458 ab
838 4394 977 4460 hostibus
994 4394 1128 4459 crucifixi
1144 4402 1175 4460 et
1192 4396 1237 4459 sic
1255 4400 1365 4462 iterum
1375 4397 1461 4472 lesus

274 4504 313 4568 ad
328 4502 512 4566 illudendum
529 4508 560 4566 et
576 4504 804 4585 conspuendum
825 4504 955 4567 traditus
978 4509 1025 4567 est
1041 4503 1194 4585 gentihus,
1211 4504 1340 4584 dumilli
1356 4525 1457 4568 recru-
1526 4500 1536 4519 ⁸

276 4609 435 4692 cihgentes
467 4609 523 4673 sibi
556 4611 654 4672 denuo
686 4609 778 4675 tilium
806 4612 864 4675 Dei
895 4617 925 4675 et
957 4611 1105 4675 habentes
1137 4614 1267 4676 ostentui
1295 4633 1382 4677 sacra
1410 4631 1459 4675 soa

348 4736 382 4805 a)
396 4735 522 4790 sauciavit
535 4753 567 4789 au
582 4736 660 4790 lesen.
