3209 5392
249 556 326 627 180

249 708 389 789 ciendum
405 728 541 803 sumptus
554 722 693 785 uirtutum
707 720 897 784 necessarios
911 724 1122 805 computando.
1147 725 1285 809 Denique
1298 727 1440 793 ridentes

245 833 303 896 bec
315 831 402 895 nobis
415 850 474 894 non
486 828 697 892 habundanter
707 828 828 900 adesse,
847 829 900 891 sed
913 830 1019 912 pocius
1032 831 1235 905 advertentes,
1249 835 1331 916 quud
1348 835 1442 898 nichil

248 939 355 1009 nobis,
372 937 482 1001 uostris
498 935 613 998 meritis
630 934 751 1016 proprie
768 935 985 1009 consideratis,
1013 938 1167 1002 revelabat
1181 941 1330 1013 attencio,
1358 941 1440 1004 unde

248 1046 391 1110 constitui
412 1061 562 1107 meremur
584 1041 616 1104 in
631 1042 733 1104 mundi
749 1043 863 1105 vertice
879 1063 971 1126 super
986 1052 1095 1126 gentes
1111 1052 1142 1110 et
1157 1067 1253 1129 regua
1269 1055 1300 1112 et
1314 1048 1441 1112 unirer-

248 1154 342 1216 salem
358 1149 461 1213 urbem
477 1154 624 1212 terrarum
641 1146 788 1210 evellendi
804 1153 895 1230 atque
910 1148 1064 1231 plantandi
1086 1152 1226 1233 accipere
1239 1159 1441 1235 potestatem

248 1261 279 1322 in
301 1258 419 1341 spiritu,
443 1276 501 1319 non
524 1254 724 1325 contumacie,
753 1255 807 1317 sed
834 1255 962 1328 timoris,
991 1257 1028 1319 de
1051 1265 1221 1322 nostrorum
1244 1260 1439 1324 consciencia

246 1369 428 1434 defectuum,
453 1383 513 1425 non
534 1361 688 1444 sequenda
704 1361 900 1424 iudicavimus
928 1369 997 1427 vota
1019 1366 1160 1438 fratrum,
1193 1368 1248 1430 sed
1270 1387 1376 1431 manus
1400 1366 1439 1431 ab

247 1495 339 1557 opere
363 1478 393 1537 et
414 1471 555 1535 humeros
579 1468 617 1533 ab
641 1487 733 1531 onere
760 1468 954 1532 cohibendos.
989 1471 1203 1538 Consideracio
1227 1476 1307 1538 enim
1323 1476 1438 1557 gradus

246 1589 277 1645 ct
293 1579 416 1644 altitudo
434 1596 523 1641 casus
540 1574 626 1638 nobis
644 1575 833 1638 formidinem
844 1576 1013 1658 ingerebat,
1029 1580 1099 1661 quia
1113 1581 1150 1643 de
1162 1587 1224 1644 tam
1237 1584 1296 1645 alto
1309 1584 1440 1645 culmine

246 1688 417 1771 diguitatis,
451 1684 575 1749 terribili
608 1684 675 1746 loco
710 1683 852 1746 videlicet
879 1687 1082 1765 apostolorum
1109 1690 1272 1771 principis,
1302 1691 1441 1773 quisnam

200 1857 205 1873 ,
245 1798 382 1867 animus,
411 1791 627 1877 quantumlibet
642 1810 787 1872 magnus,
815 1792 953 1874 inspecta
975 1795 1114 1859 deorsum
1130 1796 1233 1878 abyssi
1249 1800 1349 1870 facie,
1377 1820 1436 1863 non

125 1926 129 1934 ·
243 1906 390 1989 paveret?
413 1903 486 1983 Quis
519 1920 626 1982 nempe
658 1900 761 1981 iugum
792 1899 913 1981 publice
944 1902 1115 1976 servitutis,
1143 1905 1199 1968 sub
1229 1926 1288 1989 quo
1309 1907 1440 1988 probata

243 2017 408 2097 gygantum
424 2010 519 2073 virtus
542 2012 572 2071 et
595 2006 738 2071 fortitudo
762 2008 893 2070 virorum
915 2027 934 2070 a
956 2010 1058 2072 seculo
1079 2011 1266 2077 laudatorum
1290 2014 1440 2078 hactenus

242 2120 365 2203 gemuit,
396 2117 506 2181 audeat
521 2115 563 2200 a)
578 2113 743 2196 prudenter
771 2120 802 2177 et
830 2114 963 2177 scienter
990 2122 1151 2198 appetere,
1191 2121 1272 2202 quod
1300 2123 1442 2204 spiritum

244 2225 415 2290 meroribus
430 2227 562 2305 torquet,
579 2225 710 2283 mentem
723 2220 882 2292 eviscerat,
900 2221 965 2284 dies
981 2222 1134 2287 laboribus
1150 2225 1271 2292 obsidet
1286 2236 1317 2292 et
1333 2235 1441 2293 noctes

241 2335 361 2397 videtur
376 2330 544 2413 perducere
560 2326 722 2408 pervigiles
745 2332 776 2389 et
797 2327 991 2409 insompnes?
1014 2329 1040 2392 Ο
1063 2349 1152 2413 quam
1176 2334 1241 2396 sani
1265 2336 1384 2399 consilii
1409 2341 1442 2399 et

243 2462 332 2526 quam
361 2436 497 2503 consulta
526 2433 756 2497 deliberacionis
784 2434 911 2506 electio,
938 2434 1089 2499 abiectum
1117 2459 1186 2502 esse
1214 2442 1245 2502 in
1269 2442 1359 2506 domo
1382 2444 1443 2507 Dei

240 2549 338 2630 magis
367 2564 454 2629 quam
482 2542 541 2605 loci
575 2541 786 2605 eminencioris
821 2542 998 2605 celsitudine
1024 2545 1210 2625 premineret
1241 2550 1271 2611 in
1295 2551 1434 2613 convivio

243 2655 355 2721 Christi
370 2654 469 2717 locum
485 2660 591 2716 tenere
609 2651 814 2722 novissimum,
832 2671 920 2734 quam
937 2672 1006 2716 cum
1022 2659 1130 2735 pacate
1147 2656 1257 2738 quietis
1275 2657 1438 2739 dispendio

245 2765 382 2852 superius
399 2761 583 2845 promoverit
596 2760 706 2825 Deficit
723 2760 860 2822 nimirum
877 2760 999 2842 spiritus
1016 2763 1278 2829 considerantibus
1295 2767 1444 2849 undique.

241 2879 351 2957 quanta
378 2891 464 2933 mens
492 2870 523 2933 in
545 2869 723 2933 huiusmodi
739 2869 882 2931 malorum
899 2871 1047 2932 densitate
1069 2872 1214 2944 silvescit,
1240 2880 1270 2936 et
1293 2895 1382 2956 spem
1398 2875 1441 2938 de

241 2981 356 3046 viribus
373 2979 454 3043 circa
471 2977 616 3041 eiusmodi
634 2976 746 3039 cultum
763 2974 923 3039 difficultas
939 2977 1040 3058 operis
1056 2977 1104 3039 vix
1119 2979 1270 3063 relinquit.
1304 2982 1443 3064 Cumque

241 3089 429 3153 invalescens
451 3085 593 3167 iniquitas
616 3082 821 3147 diffidencium
844 3084 937 3146 corda
958 3085 1134 3165 populorum
1157 3086 1284 3150 durasse
1300 3088 1444 3152 rideatur

244 3198 276 3259 in
288 3196 415 3278 lapides,
428 3193 469 3256 ita
482 3199 516 3256 ut
526 3211 646 3255 manum
658 3190 777 3254 Domini
788 3191 879 3271 pauci
892 3192 1030 3254 senciant
1041 3191 1073 3253 iu
1090 3191 1230 3274 flagellis,
1250 3195 1300 3257 cui
1320 3194 1444 3258 dabitur
1469 3207 1472 3212 '

242 3300 443 3366 filicsdbrube
456 3300 494 3362 de
505 3298 655 3380 lapidibus
669 3298 818 3360 suscitare
831 3302 862 3361 ct
873 3298 1444 3386 reddereDominupopulumaccepta·

242 3407 495 3481 bilem,boncrum
503 3425 626 3487 operum
634 3405 1010 3488 sectatoremll’roptcrea
1019 3408 1223 3471 recusavimus
1231 3409 1443 3473 cumlacrimis

243 3524 275 3582 et
292 3536 388 3600 usque
403 3516 441 3578 ad
456 3514 698 3578 contristacionis
713 3518 744 3576 et
757 3513 980 3595 indignacionis
996 3513 1141 3579 offensam
1154 3517 1268 3580 eisdem
1282 3517 1443 3589 fratribus,

244 3621 549 3707 inportabilcmnobis
563 3619 770 3702 ingerentibus
784 3621 969 3703 apostolatus
976 3622 1135 3694 sarcinam,
1150 3624 1286 3687 duximus
1293 3624 1447 3690 resisten-

245 3734 325 3803 dum,
342 3735 485 3827 rogantes
502 3747 555 3791 eos
572 3734 602 3790 et
617 3747 674 3809 per
689 3728 927 3791 ostentucionem
944 3728 1035 3792 diuini
1050 3728 1154 3792 iudicii
1170 3729 1371 3795 obsecrantes
1388 3732 1443 3818 t),

244 3845 392 3921 quatenus
405 3857 421 3899 a
435 3834 521 3898 nubis
540 3835 664 3897 calicem
677 3835 757 3897 bunc
773 3837 973 3898 transferrent
985 3841 1016 3899 ct
1032 3836 1186 3900 traderent
1202 3838 1289 3901 alteri
1305 3840 1443 3903 forciuri.

243 3946 307 4010 Sed
314 3945 382 4027 ipsi,
394 3943 507 4006 utinam
513 3960 571 4004 nun
585 3941 623 4004 ob
638 3947 806 4005 nostrorum
815 3942 1215 4026 erigenciampeccatorum,
1229 3946 1445 4010 irrevincibilis

244 4049 467 4134 inportunitatis
483 4047 642 4118 instancia,
659 4054 793 4111 nostram
808 4050 1017 4114 resistcuciam
1033 4052 1198 4124 evicerunt,
1221 4059 1369 4134 cogentes
1385 4075 1446 4118 uos

243 4159 354 4222 invitus
367 4155 430 4219 suis
448 4154 606 4217 desideriis
619 4156 801 4219 consentire.
818 4158 858 4221 Et
874 4157 918 4220 sic
934 4177 1002 4221 cum
1019 4159 1121 4223 dolore
1138 4155 1239 4222 cordis
1255 4179 1292 4221 ac
1309 4165 1446 4230 tremore

245 4265 462 4349 quamplurimo
490 4260 670 4324 infirmitatis
698 4268 800 4326 nostre
835 4264 912 4328 colla
947 4264 1140 4329 submisimus
1172 4266 1243 4347 iugo
1275 4269 1447 4349 apostolice

246 4372 413 4441 servitutis,
442 4367 628 4431 confidentes
656 4368 686 4430 iu
708 4370 791 4441 Dec,
824 4371 875 4454 qui
898 4372 949 4435 dat
982 4373 1118 4437 omuibus
1148 4374 1327 4447 affluenter,
1360 4376 1448 4458 quod

245 4476 494 4550 insufficienciam
514 4472 663 4547 nostram,
702 4495 790 4559 quam
823 4477 977 4544 humiliter
1006 4482 1253 4562 recognoscimus
1285 4488 1317 4545 et
1348 4482 1449 4545 libere

247 4585 432 4675 profitemur,
446 4603 480 4643 er
494 4602 526 4643 se
540 4582 605 4663 ipso
623 4583 859 4648 misericorditer
874 4586 1100 4672 adimplevitc).
1118 4588 1222 4670 lgitur,
1238 4590 1448 4654 sollicitudine

339 4710 373 4778 a)
394 4706 493 4760 audeat
510 4722 550 4759 nm
568 4706 668 4759 Randc.
682 4731 717 4747 —·
731 4708 762 4778 d)
783 4711 975 4781 obsequrautas
994 4712 1022 4766 V.
1036 4741 1072 4753 -
1085 4712 1117 4781 c)
1136 4711 1290 4783 adimplebit
1310 4733 1344 4769 zu
1357 4715 1448 4767 lesen.
