3209 5392
1277 465 1326 537 59

147 642 322 724 dyocesanis
342 642 404 724 suis
427 643 578 725 episcopis
601 643 790 715 ordinantur,
817 643 925 706 muniri
948 628 1066 724 oportet
1088 662 1140 704 eos
1161 642 1273 713 literis,
1302 645 1333 703 et

148 751 202 812 hee
217 750 305 813 litere
323 750 435 814 debent
452 752 495 816 eis
513 773 581 814 esse
597 753 810 824 testimonium,
828 753 907 835 quod
928 751 1047 835 probati
1063 752 1174 814 fuerint
1196 755 1226 813 et
1248 747 1334 832 quasi

147 857 227 941 digni
242 858 357 922 inventi
374 860 411 923 ad
429 860 549 923 ordines
566 879 640 944 quos
654 866 869 943 susceperunt;
886 860 971 931 alias,
988 859 1014 921 si
1030 880 1090 921 non
1106 864 1209 921 essent
1224 857 1287 920 noti
1304 861 1335 918 et

148 966 203 1029 lide
220 967 315 1049 digni,
338 988 398 1030 non
417 969 661 1050 permitterentur
675 970 706 1031 in
722 969 871 1051 susceptis
895 968 1048 1031 ordinibus
1070 969 1248 1030 ministrare.
1280 966 1336 1027 Est

147 1083 244 1141 autem
273 1076 506 1158 compendiosus
534 1084 565 1141 et
591 1077 692 1140 brevis
720 1078 826 1140 modus
855 1083 885 1140 et
917 1077 974 1139 hec
1007 1083 1056 1140 est
1085 1077 1190 1139 torma.
1238 1074 1335 1136 Primo

150 1184 298 1271 scribatur
319 1185 457 1248 salutatio
481 1185 617 1247 omnibus
638 1186 754 1250 literam
776 1186 973 1267 inspecturis,
1001 1185 1109 1248 deinde
1131 1183 1337 1253 narratioseu

148 1294 325 1376 protestatio
343 1293 522 1356 ordinatoris
539 1294 619 1376 quod
641 1295 680 1357 ad
703 1295 837 1357 ordinem
857 1294 948 1356 talem
969 1286 1130 1375 personam
1144 1288 1337 1374 promoverit,

149 1408 329 1484 cooperante
346 1402 442 1483 gratia
458 1403 604 1484 sapientie
626 1402 826 1484 septiformis,
847 1403 889 1465 ita
911 1409 1011 1466 tamen
1032 1403 1112 1485 quod
1128 1420 1221 1463 annus
1237 1399 1338 1460 incar-

149 1511 275 1575 naboris
294 1517 327 1574 et
341 1510 381 1596 a)
397 1510 535 1584 kalende,
551 1512 675 1597 indictio
693 1518 723 1576 et
739 1534 833 1576 annus
849 1512 1038 1594 pontificatus
1056 1509 1234 1576 ordinatoris
1258 1507 1336 1569 nullo

150 1620 234 1684 modo
251 1620 435 1702 negligatur.
454 1620 546 1683 Verbi
562 1620 670 1703 gratia.
704 1679 709 1693 ,
949 1650 950 1653 “
1347 1630 1457 1672 vol-¹⁷¹³·

547 1824 719 1905 Exemplum
735 1825 939 1886 formatarum.

235 1983 270 2044 li.
292 1981 332 2066 b)
347 1981 405 2046 Dei
421 1985 516 2064 gratia
540 1983 701 2066 episcopus
719 1984 850 2045 ecclesie
866 1983 1052 2046 Pataviensis
1076 1984 1212 2047 omnibus
1229 1979 1341 2045 Christi

150 2090 286 2153 fidelibus
305 2090 359 2152 bas
375 2090 477 2153 literas
493 2093 673 2174 inspecturis
690 2093 815 2154 salutem
828 2091 859 2153 in
870 2092 1007 2154 Domino.
1022 2092 1148 2156 Noverit
1164 2089 1343 2153 universitate

133 2196 265 2270 'vestra,
310 2199 387 2282 quod
416 2220 471 2262 nos
499 2200 534 2262 H.
564 2200 760 2262 exhibitorem
786 2199 970 2282 presentium
1001 2199 1159 2281 probatum
1193 2205 1224 2262 et
1257 2197 1344 2280 quasi
1441 2272 1445 2279 ι

154 2307 273 2388 dignum
296 2283 460 2379 inventum,
476 2322 531 2390 per
546 2328 649 2370 manus
674 2314 774 2371 nostre
796 2307 1018 2399 impositionem
1040 2309 1079 2371 ad
1106 2307 1216 2390 gradus
1239 2325 1344 2368 sacer-

156 2416 225 2479 dotii
265 2416 469 2499 promovimus
503 2423 684 2499 cooperante
718 2417 803 2481 nobis
824 2419 935 2499 ,gratia
963 2417 1109 2498 sapientie
1151 2416 1343 2499 septiformis.

98 2526 101 2531 ’
157 2525 222 2588 Dat.
239 2525 281 2613 ο)
301 2529 362 2588 ete.
764 2518 765 2523 ’

489 2646 494 2652 ⁵
545 2694 697 2756 innotatus
713 2693 750 2755 de
767 2691 962 2773 obligatoriis.

653 2817 780 2863 oretanus>
796 2814 865 2862 xvir.

217 2953 389 3037 ¹Sequitur
415 2953 452 3015 de
480 2952 666 3033 obligatoriis
695 2973 753 3036 que
780 2953 880 3018 taliter
906 2956 1082 3018 formantur.
1105 2954 1204 3017 Primo
1226 2940 1348 3035 ponitur

153 3062 294 3124 salutatio
312 3059 448 3123 omnibus
464 3060 519 3122 has
536 3061 638 3125 literas
655 3063 845 3145 inspecturis.
878 3063 996 3126 Deinde
1013 3063 1143 3126 narratio
1166 3084 1221 3125 seu
1236 3063 1349 3144 prohe-

154 3171 240 3234 mium
275 3170 336 3232 sic:
359 3169 545 3234 notificamus
568 3172 647 3255 quod
662 3192 716 3234 nos
733 3172 800 3235 talis
818 3172 859 3254 d)
881 3172 1040 3254 episeopus
1057 3171 1102 3233 vel
1126 3171 1256 3252 prelatus
1278 3162 1347 3235 talis

156 3280 204 3342 tali
218 3280 410 3363 procuratori
427 3280 464 3368 e]
480 3280 528 3343 vel
544 3281 654 3344 clerico
668 3280 709 3368 f)
725 3280 775 3344 tali
792 3281 943 3344 licentiam
960 3281 1094 3344 dedimus
1111 3287 1213 3345 nostro
1230 3283 1349 3343 nomine

157 3393 234 3452 tante
253 3389 428 3472 quantitatis
444 3395 577 3453 mutuum
593 3390 799 3462 contrahendi,
817 3389 892 3476 (que
906 3411 979 3453 sane
997 3391 1145 3473 quantitas
1162 3391 1280 3453 nomine
1297 3410 1350 3454 ex-

157 3500 240 3579 primi
256 3498 347 3562 debet
363 3504 394 3561 et
409 3519 517 3561 nomen
532 3506 663 3562 mutuum
680 3499 914 3588 contrahentis.)
932 3502 1005 3563 ltem
1021 3499 1050 3575 si,
1064 3505 1111 3562 est
1127 3499 1286 3581 episcopus
1302 3498 1350 3560 vel
1453 3571 1458 3579 Ἴ
1484 3562 1494 3579 ..

158 3607 299 3687 prelatus,
311 3605 456 3688 obligabit
468 3628 501 3669 se
515 3612 545 3670 et
556 3609 670 3671 reditus
682 3629 753 3670 suos
766 3615 826 3671 tarn
839 3608 1061 3672 ecclesiasticos
1075 3627 1163 3691 quam
1174 3604 1348 3668 mundanos.

160 3716 229 3778 ltern
252 3715 382 3796 exigitur
403 3716 482 3798 quod
499 3717 658 3799 espicopus
680 3717 727 3780 vel
748 3717 881 3800 prelatus
905 3717 1082 3780 confiteatur
1109 3717 1140 3779 in
1163 3716 1256 3779 literis
1288 3714 1349 3777 suis

162 3830 321 3887 mutuatam
336 3825 493 3907 pecuniam
504 3826 535 3887 in
547 3826 703 3889 utilitatem
720 3826 895 3912 ecclesias)
911 3845 1094 3889 conversam.
1108 3821 1222 3911 Datl)
1240 3829 1298 3886 etc.

341 4029 442 4090 dorma
458 4027 612 4092 literarum
627 4047 681 4109 por
699 4047 771 4109 quas
787 4029 897 4110 prelati
912 4047 945 4090 se
961 4022 1145 4108 alliganti]

251 4188 286 4249 0.
319 4187 375 4249 Dei
408 4189 505 4268 gratia
534 4187 694 4269 episcopus
729 4188 859 4250 ecclesie
887 4187 1071 4251 Pataviensis
1102 4185 1149 4247 vel
1171 4184 1351 4266 prepositus

166 4294 229 4356 talis
246 4296 285 4381 lc)
304 4295 440 4358 omnibus
464 4296 518 4358 bas
535 4296 638 4360 literas
654 4296 834 4378 inspecturis
857 4278 982 4360 salutem
999 4296 1030 4358 in
1048 4276 1178 4359 omnium
1193 4293 1350 4357 salvatore.

250 4424 286 4492 a)
302 4427 328 4474 et
342 4418 409 4476 ¹teblt
421 4424 529 4494 n-o)
551 4425 582 4478 G.
596 4426 623 4478 Z.
638 4455 670 4465 -
685 4425 716 4494 c)
732 4425 827 4479 Actum
849 4441 873 4478 a.
889 4425 918 4477 D.
932 4420 985 4479 etc.
999 4424 1057 4477 Kal.
1076 4421 1140 4476 Joiii
1158 4419 1252 4491 pontii.
1266 4417 1352 4473 nostri

165 4525 228 4563 “lino
241 4511 265 4565 ¹·
280 4513 308 4565 Ζ.
322 4513 400 4582 -d)
414 4514 532 4585 archiep.
546 4516 586 4567 vel
596 4503 628 4569 ’Ζ.
642 4544 677 4554 -
691 4516 775 4586 ε)’νεΙ
789 4517 927 4586 capellano
941 4517 968 4568 Z.
986 4545 1013 4555 -
1025 4515 1057 4584 f)
1072 4515 1163 4566 nostro
1176 4512 1203 4564 Z.
1216 4508 1290 4581 —p)
1304 4524 1351 4561 suc

168 4598 192 4650 Ζ.
212 4630 238 4640 -
252 4600 287 4671 b)
313 4602 388 4656 Anao
409 4603 612 4666 incarnacionis,
634 4606 691 4659 llal.
711 4610 738 4660 et
759 4606 852 4689 indict.
870 4606 974 4676 positis.
998 4604 1077 4685 Verbi
1097 4620 1137 4674 gr.
1158 4603 1184 4654 Z.
1209 4598 1281 4670 -·ι’)
1296 4599 1353 4651 Von

169 4695 282 4758 spillerer
296 4693 379 4751 llaud.
392 4695 421 4748 V.
435 4725 464 4734 -
480 4694 514 4763 lc)
528 4695 579 4748 loci
593 4695 620 4749 Z.
