3209 5392
1265 489 1346 560 383

139 666 269 730 athletas
286 670 317 727 et
333 663 550 747 imperterritos
566 665 686 747 pugiles
702 664 834 747 gloriose
852 684 1032 729 corruscans
1048 664 1101 747 o).
1116 664 1183 728 Hoc
1200 659 1343 746 equidem

112 758 114 763 ’
142 775 222 838 inter
236 778 287 836 tua
304 772 464 855 magnalia,
480 772 565 855 regie
582 772 730 836 maiestati
753 772 936 854 gratissima,
960 772 1048 835 valde
1072 771 1160 834 nobis
1184 774 1347 853 gratanter
1452 771 1455 775 ’

145 880 298 966 apparuit,
341 879 427 944 valde
458 880 577 963 placide
609 880 687 944 votis
719 881 831 944 nostris
863 880 1028 964 applausit,
1070 879 1149 963 quod
1177 879 1348 962 legatorum

145 995 314 1054 nostrorum
330 987 460 1052 adventu
479 990 669 1072 precognito,
687 1009 754 1053 mox
772 989 811 1052 de
828 989 977 1061 hostibus,
996 1007 1072 1073 quos
1089 993 1230 1073 potenter
1252 988 1348 1052 valla·

143 1119 240 1170 veras,
256 1098 344 1179 signa
359 1099 512 1160 retraxisti
536 1098 682 1170 victricia,
705 1117 836 1181 parcens
860 1099 905 1161 eis
929 1097 967 1161 ob
985 1104 1120 1163 nostram
1136 1098 1347 1186 reverenciam

144 1208 271 1270 nominis
287 1210 318 1268 et
329 1206 464 1277 honoris,
482 1225 558 1289 quos
574 1211 626 1269 tuo
643 1205 680 1268 de
697 1206 779 1270 facili
795 1208 949 1291 potuisses
972 1206 1099 1290 imperio
1120 1205 1348 1289 triumphaliter

143 1315 325 1379 subdidisse.
358 1313 458 1397 Super
474 1335 533 1399 quo
554 1314 609 1378 tibi
635 1316 673 1378 ad
694 1319 797 1398 grates
820 1315 989 1379 uberrimas
1005 1315 1199 1385 inclinantes,
1218 1319 1251 1376 et
1275 1303 1348 1377 fidei

142 1433 194 1490 tue
222 1425 425 1509 prestanciam
453 1424 544 1508 digno
568 1425 689 1488 laudum
711 1424 855 1507 preconio
885 1423 1147 1494 commendantes,
1177 1422 1346 1488 invariabili

145 1539 244 1598 mente
272 1534 482 1617 concepimus,
508 1538 538 1596 te
567 1538 597 1596 et
623 1537 691 1596 tuos
719 1533 864 1616 largifluis
892 1531 1099 1596 beneficencie
1124 1537 1226 1595 nostre
1256 1532 1346 1595 donis

143 1644 279 1707 attollere
296 1648 327 1705 et
347 1643 511 1707 honoribus
535 1642 677 1725 congruis
701 1643 854 1726 ampliare.
882 1644 974 1706 Porro
999 1641 1068 1726 quia
1085 1641 1123 1703 de
1139 1641 1183 1704 tui
1200 1640 1346 1705 fidelitate

145 1753 263 1817 consilii
294 1752 350 1817 sub
382 1772 437 1836 spe
468 1757 520 1817 tue
551 1751 754 1835 promocionis
785 1751 890 1835 tuique
922 1751 1034 1815 favoris
1065 1750 1212 1814 illustrem
1243 1751 1280 1816 N.
1305 1750 1346 1834 b}
1419 1746 1424 1770 '

145 1861 284 1926 comitem
300 1862 340 1948 r)
367 1861 557 1925 karissimum
586 1866 737 1931 nostrum,
771 1861 890 1943 regioni
918 1859 1065 1923 maritime
1093 1861 1277 1944 prefecimus
1314 1862 1345 1925 iu

144 1975 303 2042 rectorem,
320 1970 523 2034 sinceritatem
545 1976 626 2033 tuam
650 1969 816 2033 affectuose
838 1968 1018 2053 requirimus
1041 1974 1071 2032 et
1095 1988 1250 2051 rogamus,
1269 1990 1345 2055 qua·

144 2090 233 2145 tenus
259 2080 287 2141 ei
315 2078 468 2142 ferventer
496 2079 639 2142 assistere
668 2079 791 2142 studeas
819 2077 982 2141 fructuosis
1012 2077 1145 2141 consiliis
1173 2083 1203 2141 et
1226 2080 1344 2160 auxiliis

145 2192 329 2277 opportunis.
363 2191 427 2254 Hoc
444 2189 592 2273 siquidem
609 2209 682 2271 erga
704 2195 734 2251 te
758 2196 789 2251 et
812 2193 879 2251 tuos
903 2206 981 2271 equa
998 2188 1205 2251 vicissitudine
1223 2189 1344 2253 curabi-

145 2321 212 2364 mus
228 2298 402 2384 promereri.

237 2446 284 2498 [111
308 2447 365 2501 bier
387 2446 539 2501 erwtbnten
558 2445 710 2499 Gesandten
733 2445 791 2499 sind
815 2446 884 2500 obnc
902 2445 1010 2500 chifel
1032 2446 1080 2499 des
1104 2447 1205 2517 lldnigs
1229 2448 1343 2502 11111111·

146 2536 251 2591 Rudclf
258 2538 310 2591 und
324 2535 752 2592 (111·111111111111111111111111
764 2536 902 2606 beringer,
916 2535 959 2591 dic
972 2535 1073 2592 Rudclf
1084 2552 1124 2590 am
1139 2536 1248 2592 11111
1265 2537 1334 2593 1271

146 2627 213 2682 nach
226 2627 319 2681 ltalicn
332 2627 440 2692 sandta;
459 2644 480 2680 1.
499 2627 567 2681 oben
579 2645 607 2699 p.
620 2626 755 2681 zoa-ol.
776 2626 861 2683 Unscr
880 2626 955 2681 Brief
971 2628 1007 2680 ist
1021 2627 1076 2681 also
1090 2630 1185 2696 apator
1200 2626 1253 2682 und
1267 2628 1340 2683 viel·

142 2718 224 2773 loicbt
241 2723 298 2772 erat
315 2717 387 2772 1276
404 2717 590 2789 gcscbriebeu.
616 2706 688 2773 [lber
701 2719 856 2789 Napoleoue
869 2718 939 2773 della
951 2718 1038 2773 'forre
1053 2717 1137 2789 vargi.
1152 2718 1231 2789 Kopp
1247 2719 1272 2781 l,
1287 2719 1339 2772 112

143 2809 197 2887 uod
221 2807 284 2863 alo.
312 2840 343 2848 -
369 2810 517 2863 Densclbcn
542 2809 715 2878 Geganstaod
741 2809 868 2864 betreffsn
895 2808 937 2863 die
962 2808 1050 2864 Briafe
1076 2811 1143 2864 oben
1170 2809 1197 2863 S.
1221 2808 1281 2863 287
1309 2811 1339 2863 11.

143 2899 361 2956 1171111711.

716 3091 778 3161 33.

404 3252 464 3315 Rex
481 3251 676 3314 Romanorum
693 3250 879 3314 commendat
895 3251 1074 3332 episcopum.

146 3395 197 3448 Eia
219 3392 367 3449 remorta
391 3393 477 3464 lionip
499 3392 631 3465 cmpfielrlt
653 3393 738 3455 einen,
760 3391 815 3447 ihm
835 3409 893 3446 com
912 3393 1009 3464 Popofe
1031 3390 1215 3464 cmpfobfeneu
1228 3390 1344 3463 Biocbof

595 3484 691 3539 descen
704 3483 885 3538 Didccaooeu.

234 3613 358 3675 Gerbert,
374 3611 400 3675 1,
413 3611 457 3665 34.

233 3739 349 3804 infinite
371 3740 577 3804 misericordie
599 3741 681 3804 Deus
703 3741 875 3804 tribulatam
899 3740 958 3803 iam
987 3739 1102 3802 diucius
1131 3740 1284 3803 civitatem
1308 3743 1338 3800 et

142 3851 277 3915 diocesin
304 3850 341 3913 N.
365 3849 582 3934 compassionis
610 3853 641 3912 et
663 3848 869 3922 misericordie
893 3853 1039 3913 contuens
1068 3847 1179 3919 oculis,
1208 3846 1338 3910 exclusis

141 3959 288 4023 bellorum
311 3979 347 4022 ac
363 3959 407 4048 d)
424 3959 549 4022 aliarum
569 3962 782 4044 tempestatum
806 3979 860 4022 seu
883 3958 1098 4022 adversitatum
1121 3957 1274 4042 periculis,
1300 3955 1337 4018 de

141 4075 262 4151 pastore
275 4070 408 4142 sciente,
431 4068 549 4131 volente
566 4074 597 4130 et
618 4068 737 4131 valente
760 4073 939 4131 memoratas
962 4067 1114 4131 civitatem
1138 4073 1168 4131 et
1190 4066 1336 4136 diocesin,

142 4177 302 4259 depressas
314 4176 471 4249 hactenus,
486 4197 545 4240 non
560 4177 675 4260 absque
692 4177 789 4259 culpis
806 4176 969 4248 homiuum,
986 4183 1019 4240 ut
1036 4178 1196 4249 credimus,
1213 4174 1337 4261 provide

140 4286 292 4357 relevare,
321 4284 359 4348 de
382 4286 509 4350 honesto
534 4287 597 4351 viro
619 4287 656 4350 N.
675 4286 817 4369 dignatus
840 4291 888 4349 est
910 4285 1145 4350 misericorditer
1166 4286 1334 4369 providere.
1347 4318 1453 4363 „qm

141 4395 196 4457 llic
224 4394 373 4478 siquidem
400 4395 590 4459 sanctissimo
618 4397 697 4480 patri
725 4401 828 4460 nostro
856 4395 976 4459 domino
1004 4416 1082 4480 pape
1106 4395 1278 4459 notissimus
1306 4401 1336 4456 et

231 4541 266 4609 a)
291 4541 453 4596 choruscans
480 4542 507 4594 Z.
532 4572 559 4580 -
583 4541 615 4611 b)
636 4542 666 4596 ll.
693 4541 820 4597 Gerbert.
841 4571 873 4580 -
894 4542 927 4611 c)
954 4541 987 4596 dc
1010 4541 1205 4612 Fdrsterrbarg,
1224 4556 1337 4594 consun-

141 4631 265 4699 gniooum
284 4637 402 4686 nostrum
423 4631 607 4687 charissimum
627 4631 731 4702 regioni
750 4631 921 4688 Romauiolae
941 4637 968 4686 et
987 4631 1132 4686 maritimae
1147 4634 1198 4684 etc.
1212 4631 1335 4685 Gerbert.

148 4721 332 4788 -mmb
