3209 5392
249 479 327 550 348

246 673 305 714 non
321 652 416 715 solum
432 655 540 734 agitari
556 653 696 718 fluctibus
711 653 850 716 videatur
864 650 997 715 lidelinm
1013 650 1170 719 navicula,
1199 650 1254 713 scd
1276 650 1450 730 submergi,

247 759 304 821 nisi
337 760 517 824 clamoribus
549 766 579 823 et
609 760 733 824 vocibus
762 760 869 823 saltem
901 760 1128 845 querulancium
1159 758 1323 828 excitatus,
1363 758 1452 839 genti

246 867 438 949 periclitanti,
461 868 590 950 longiori
613 869 685 931 licet
707 869 765 930 iam
788 888 872 931 mora
894 873 1057 951 protracta,
1082 866 1240 929 subveniat
1255 868 1447 929 festinanter.

246 976 322 1036 Nam
339 975 416 1057 ipso,
433 978 518 1038 cuius
535 983 608 1038 uutu
625 976 724 1038 omnia
741 975 921 1057 diriguntur,
944 979 1067 1058 propter
1089 978 1218 1056 peccata
1233 972 1397 1042 hominum,
1414 978 1452 1034 ut

246 1082 371 1145 tirmiter
386 1084 548 1156 credimus,
565 1086 768 1166 permittente,
784 1083 914 1147 barbare
936 1083 1090 1154 naciones,
1113 1102 1171 1165 que
1195 1082 1286 1163 vulgo
1302 1083 1450 1144 Tartares

248 1210 281 1251 se
297 1190 459 1273 appellant,
476 1192 514 1254 de
529 1193 620 1274 plage
637 1193 773 1255 orientali
796 1191 885 1255 velud
903 1191 942 1277 β)
958 1191 1074 1254 locuste
1097 1210 1221 1253 numero
1247 1209 1283 1252 ae
1311 1190 1451 1251 multitu-

249 1297 319 1359 dine
346 1299 530 1380 prodeuntes
557 1299 645 1362 terris
674 1300 737 1362 sive
767 1299 870 1382 regnis
898 1298 1047 1380 Ungarie‚
1076 1299 1194 1361 scilicet
1222 1298 1330 1362 Bozzic
1348 1297 1389 1383 a)
1417 1302 1450 1360 et

249 1404 387 1487 Brizsye,
421 1409 529 1469 castris
561 1406 741 1489 quibusdam
769 1412 800 1470 et
826 1406 1046 1470 municionibus
1075 1408 1224 1489 exceptis,
1261 1426 1319 1490 que
1347 1406 1450 1469 adhuc

250 1513 370 1575 fortiter
391 1535 424 1576 se
447 1515 627 1585 defendunt,
651 1535 711 1577 non
734 1515 850 1597 absque
873 1519 976 1597 strage
1003 1533 1200 1597 personarum
1228 1514 1448 1577 miserabilium

250 1619 374 1692 infinita,
399 1622 586 1706 depopulatis
604 1625 642 1710 b)
658 1624 773 1706 pariter
800 1629 830 1686 et
859 1624 1020 1687 destructis
1042 1630 1123 1686 terre
1145 1631 1248 1687 nostre
1271 1623 1378 1686 incolis
1396 1623 1447 1708 e),

249 1731 330 1814 quod
353 1751 412 1792 non
440 1732 504 1793 sine
533 1753 640 1814 magno
670 1732 772 1797 dolore
800 1733 900 1796 cordis
922 1733 1103 1816 proferimus
1119 1735 1171 1820 d),
1195 1738 1290 1797 totum
1312 1738 1450 1797 nostrum

252 1858 380 1920 regnum
401 1839 479 1902 ultra
494 1840 664 1904 Danubium
681 1840 776 1925 proch
799 1841 899 1904 dolor!
925 1848 1123 1923 occuparunt,
1146 1862 1182 1904 eo
1205 1843 1286 1925 quod
1307 1841 1449 1925 predicta

251 1967 326 2029 gens
348 1947 422 2011 nulli
443 1946 582 2012 videatur
602 1969 730 2033 parcere
752 1949 934 2020 condicioni,
958 1951 1042 2013 sexui
1063 1952 1110 2014 vel
1129 1951 1213 2022 etati,
1236 1950 1447 2013 universorum

253 2057 432 2138 sanguinem
444 2056 555 2120 siciens
569 2064 659 2140 atque
671 2064 807 2121 mortem.
818 2059 879 2121 Nos
897 2063 997 2121 autem
1014 2057 1051 2121 de
1067 2056 1215 2121 adiutorio
1232 2058 1448 2142 omnipotentis

251 2169 307 2232 Dei
335 2168 452 2242 conlisi,
479 2172 616 2234 volentes
645 2176 676 2233 et
697 2169 729 2232 in
751 2170 850 2234 animo
872 2176 1015 2253 gerentes
1038 2170 1184 2234 resistere
1212 2174 1274 2232 tarn
1301 2190 1448 2252 perverse

251 2277 434 2341 multitudini
461 2298 550 2341 manu
578 2279 658 2348 lorti,
686 2278 912 2361 posthabitum
935 2299 1003 2342 curn
1025 2280 1069 2342 eis
1091 2279 1274 2348 condictum,
1292 2298 1353 2349 non
1381 2280 1451 2341 sine

253 2387 340 2470 gravi
368 2392 398 2450 et
426 2386 597 2450 vehementi
619 2407 818 2471 personarum
842 2394 872 2451 ct
893 2409 992 2452 rerum
1009 2388 1138 2458 iactura,
1160 2393 1344 2450 novercante
1361 2387 1449 2450 nobis

251 2497 382 2568 fortuna,
404 2494 454 2558 ille
482 2496 681 2560 succumbere
704 2518 759 2560 nos
781 2497 930 2581 permisit,
952 2497 1089 2581 peccatis
1111 2497 1223 2560 nostris
1241 2495 1446 2579 exigentibus,

253 2605 286 2667 in
302 2624 360 2689 quo
377 2602 600 2687 proieceramus
630 2625 748 2668 omnem
771 2591 934 2669 anchoram
949 2606 1022 2688 ¹spei
1045 2610 1157 2668 nostre.
1192 2606 1345 2676 Ceterum,
1368 2605 1451 2667 siout

255 2712 443 2795 percepimus
475 2712 615 2783 firmiter,
652 2714 735 2777 circa
768 2713 951 2798 principium
981 2714 1163 2777 imminentis
1195 2713 1311 2796 hyemis
1343 2733 1450 2776 versus

256 2820 437 2883 Alemanianr
454 2825 624 2903 proponunt
639 2822 808 2902 procedere
820 2820 978 2903 gressibus
990 2821 1153 2892 festinatis,
1167 2829 1325 2903 sperantes
1340 2821 1450 2884 exinde

255 2948 350 3011 regna
368 2934 398 2992 et
413 2930 570 2992 universas
587 2929 758 3011 provincias
774 2949 934 3012 occupare.
965 2930 1040 2992 Cum
1056 2929 1150 3011 igitur
1165 2932 1196 2991 in
1209 2930 1270 2992 hac
1286 2935 1374 3014 parte
1389 2938 1451 2992 nou

258 3037 355 3101 solum
377 3042 496 3109 nostra,
528 3036 582 3100 sed
604 3038 702 3100 tocius
725 3036 828 3120 populi
850 3035 1007 3100 christiani
1029 3037 1247 3119 quodammodo
1263 3059 1313 3100 res
1331 3043 1453 3120 agatur,

257 3148 326 3211 dum
354 3167 408 3230 pro
443 3151 529 3229 parte
559 3151 662 3208 noster
695 3146 796 3227 paries
823 3150 870 3208 est
893 3165 1058 3217 accensus,
1080 3166 1222 3228 rogamus
1245 3151 1277 3209 et
1298 3146 1455 3210 hortamur

257 3253 470 3319 excellenciam
487 3259 631 3327 vestram,
648 3259 798 3338 quatenus
816 3253 854 3317 ob
877 3254 1082 3317 reverenciam
1105 3255 1232 3317 nominis
1247 3255 1322 3319 ,lesu
1339 3254 1454 3319 Christi

256 3384 440 3448 precumque
456 3354 626 3426 nostrarum
641 3361 811 3426 interventu
829 3368 935 3426 eontra
950 3364 1072 3425 eosdem
1088 3364 1218 3447 perfidos
1235 3365 1266 3426 in
1282 3365 1452 3447 presidium

258 3477 402 3543 nostrum,
414 3473 504 3535 immo
516 3470 623 3554 pocius
634 3471 733 3535 tocius
745 3471 847 3554 populi
865 3470 1032 3541 christiani,
1049 3476 1184 3535 vestrum
1200 3471 1365 3553 dignemini
1383 3472 1449 3535 sine

258 3602 340 3645 more
364 3579 521 3665 dispendio
544 3579 717 3643 accelerare
739 3599 862 3642 cursum
883 3579 997 3662 pariter
1019 3584 1050 3642 et
1078 3598 1255 3651 occursum,
1282 3579 1454 3645 subiectam

259 3688 346 3756 vobis
367 3688 589 3753 multitudinem
606 3687 645 3751 ad
666 3693 750 3752 tante
772 3686 895 3769 pietatis
923 3707 998 3769 opus
1020 3686 1199 3751 inducentes
1223 3687 1454 3773 quibuscunque

261 3796 397 3883 poteritis
415 3797 572 3869 allectivis,
590 3803 622 3860 ut
638 3819 674 3860 ex
691 3818 726 3860 eo
743 3802 826 3861 extra
842 3798 992 3868 meritum,
1009 3797 1089 3880 quod
1105 3796 1192 3861 vobis
1209 3799 1239 3859 in
1256 3818 1329 3861 cusu
1345 3796 1456 3860 huius-

261 3908 341 3971 modi
357 3905 548 3970 cumulabitis
566 3906 645 3989 apud
660 3892 768 3978 Deum,
785 3926 840 3969 nos
857 3924 977 3988 quoquc
993 3905 1079 3969 vobis
1092 3904 1218 3989 proinde
1235 3907 1455 3970 constituamur

261 4018 300 4080 ad
315 4023 417 4099 grates
434 4022 465 4078 ct
480 4015 586 4079 merito
602 4015 756 4078 debitores
776 4017 824 4103 p).

351 4181 385 4249 a)
409 4179 514 4235 scilicet
536 4178 633 4232 Ruscie
656 4183 683 4232 et
705 4179 825 4248 Pruseye
848 4179 876 4230 Z.
891 4207 926 4218 -—
940 4179 971 4248 b)
994 4177 1126 4247 populatis
1140 4176 1167 4230 Z.
1191 4178 1224 4231 de
1243 4177 1269 4232 in
1282 4178 1312 4233 V.
1331 4179 1456 4249 thergo·

261 4270 410 4326 sehriebcn.
426 4302 456 4313 -
471 4270 503 4339 c)
518 4269 603 4324 incole
616 4270 649 4334 23
662 4267 684 4322 v
698 4268 824 4339 corrigirt
838 4268 937 4323 incolis.
956 4300 985 4308 -
1000 4267 1036 4336 d)
1051 4269 1215 4339 proferimur
1228 4266 1261 4322 v.

353 4398 549 4468 Vorglriehnng
559 4396 864 4468 milliormayrcbronilr
875 4393 1183 4468 vonllohcnscbwongeu
1191 4415 1218 4469 p.
1228 4397 1272 4452 os.
1286 4398 1320 4470 α)
1328 4399 1453 4454 Glorioso

264 4489 368 4544 domino
391 4488 525 4554 Conrado,
549 4491 574 4542 d.
597 4510 624 4562 g.
647 4490 684 4542 ill.
708 4490 765 4558 regi
786 4489 940 4543 Alemannis
961 4488 1026 4541 Bela
1050 4504 1103 4559 per
1128 4472 1238 4543 eundem
1262 4506 1313 4543 rex
1337 4489 1454 4561 ngaric

261 4581 377 4635 sulutem
400 4584 428 4632 ct
449 4586 566 4650 paratam
591 4580 625 4633 ad
648 4579 704 4632 eins
723 4578 891 4648 beneplacita
909 4576 1079 4633 volontatem.
1099 4608 1133 4617 -
1152 4576 1187 4649 β)
1207 4578 1281 4632 velut
1297 4580 1402 4633 locuste
1420 4597 1454 4633 ex

264 4671 371 4727 heremo
386 4670 545 4742 prodeuntes
559 4670 656 4725 maiore
663 4669 790 4740 Ungarla,
806 4670 937 4740 bulgaria,
951 4668 1086 4733 Cumania,
1101 4671 1205 4730 Roscia,
1220 4686 1333 4724 necnon
1349 4671 1455 4725 Polonia
