3209 5392
1265 506 1335 579 121

148 686 180 745 et
201 682 345 746 favorem.
379 683 478 766 Super
500 702 535 745 eo
558 686 674 754 autem,
703 682 782 767 quod
805 682 878 746 dicti
900 683 1000 748 nuncii
1022 704 1135 748 moram
1157 701 1296 766 magnam
1311 680 1342 744 in

146 792 233 855 curia
250 799 352 857 nostra
368 791 496 856 traxisse
517 791 673 864 videntur,
700 797 751 855 tua
774 792 923 856 serenitas
940 813 1000 856 non
1021 787 1159 866 miretur,
1177 791 1258 877 ,quia
1281 798 1342 854 tarn

144 903 247 970 ‚ardua
264 910 384 987 tamque
401 903 575 985 sollempnia
592 901 720 984 negocia
736 922 795 965 non
810 907 937 985 possunt
953 922 1010 967 nec
1027 902 1138 967 debent
1155 901 1343 974 festinanter,

154 1011 237 1076 sicui
264 1032 282 1076 a
309 1012 408 1077 multis
436 1012 514 1076 forte
543 1010 690 1085 creditur,
720 1011 872 1095 expediri,
899 1012 1058 1095 presertim
1087 1033 1154 1077 cum
1170 1011 1202 1074 iu
1234 1009 1344 1075 talibus

149 1122 301 1207 expediat,
317 1122 396 1188 sicut
408 1121 498 1196 nosti,
512 1126 544 1185 nt
556 1141 624 1185 eum
635 1121 727 1185 multa
743 1121 948 1205 providencia,
962 1121 1183 1186 deliberacione
1197 1127 1227 1185 et
1239 1121 1341 1205 gravi·

144 1237 210 1297 tate
241 1232 368 1297 maxima
397 1230 586 1315 procedatur.
645 1231 775 1315 ideoque
816 1209 1024 1296 celsitudinem
1062 1237 1142 1295 tuam
1180 1228 1345 1313 rogandam

148 1341 289 1406 duximus
305 1341 454 1406 actentins
473 1341 524 1429 a),
542 1347 688 1425 quatenus
704 1338 841 1422 predicto
857 1339 1074 1423 penitenciario
1092 1346 1211 1413 nostro,
1234 1337 1284 1423 qui
1306 1337 1344 1401 ad

147 1453 208 1515 hoc
225 1451 264 1514 de
280 1449 405 1534 speciali
422 1456 524 1515 nostro
540 1449 679 1514 mandato
702 1454 783 1512 tuam
808 1449 927 1513 accedit
942 1450 1142 1532 presenciam,
1166 1455 1198 1514 ut
1214 1449 1244 1513 in
1261 1468 1344 1518 oom-

145 1561 241 1626 misso
258 1559 316 1624 sibi
332 1561 460 1643 negocio
476 1566 526 1624 tuo
546 1559 670 1624 consilio
684 1558 830 1643 dirigatur
842 1560 892 1647 d),
911 1559 941 1622 in
963 1559 1038 1633 hiis,
1058 1580 1116 1645 que
1132 1560 1187 1625 tihi
1205 1568 1342 1644 exparte

146 1677 255 1736 nostra
285 1669 410 1743 dixerit,
442 1668 588 1733 adhibeas
616 1689 760 1732 summam
788 1667 889 1742 fidem,
916 1668 965 1733 illa
994 1690 1052 1755 qne
1075 1690 1129 1753 pro
1153 1675 1184 1734 te
1206 1668 1344 1743 fecimus,

147 1782 314 1865 diligenter
328 1779 488 1845 attendens
505 1778 561 1865 e),
577 1778 691 1843 habeas
708 1779 864 1862 predictos
881 1779 1007 1843 nuncios
1029 1800 1120 1864 super
1141 1798 1225 1868 mora
1240 1780 1346 1845 huius-

148 1892 234 1956 modi
252 1897 312 1956 tam
328 1892 484 1955 fructuosa
500 1894 532 1953 et
549 1887 612 1962 utili
628 1894 798 1952 excusatos

139 2067 142 2073 ,
241 2000 418 2063 Coniectare
435 1997 527 2081 igitur
541 1997 572 2060 in
588 1997 715 2062 Domino
732 1997 924 2082 studiumque
940 2001 1023 2061 tuom
1040 1997 1122 2060 eirca
1137 1997 1297 2081 magnifica
1314 2003 1346 2062 et

155 2112 266 2177 eximia
277 2109 404 2194 probate
421 2108 597 2174 constancie
613 2115 664 2173 tue
681 2128 784 2191 opera,
800 2121 884 2172 more
900 2106 988 2172 solito
1005 2106 1043 2170 de
1060 2106 1160 2172 dimne
1176 2115 1208 2173 et
1223 2115 1347 2193 aposto·

150 2225 212 2288 lico
229 2223 333 2286 favore
350 2218 493 2293 confisus,
510 2241 570 2285 uon
586 2239 692 2283 cesses
708 2220 747 2282 ad
768 2218 886 2282 laudem
908 2217 965 2282 Dei
983 2223 1014 2281 et
1029 2217 1246 2283 exaltacionem
1262 2220 1345 2284 sedis

152 2330 322 2417 apostolice
339 2349 482 2393 exercere
499 2330 549 2418 ζ).
567 2329 631 2393 Nos
647 2335 758 2401 autem,
775 2327 826 2413 qni
842 2328 882 2391 ad
896 2346 1056 2411 personam
1072 2333 1153 2391 tuam
1170 2328 1345 2412 precipuum
1397 2349 1401 2364 ·

152 2449 186 2507 et
202 2441 337 2505 intimum
359 2438 505 2503 habemus
522 2437 682 2510 affectum,
711 2438 822 2523 quique
839 2436 1010 2502 vehementi
1028 2436 1179 2502 desiderio
1198 2438 1345 2521 cupimus,

149 2560 183 2618 ut
212 2557 309 2617 status
338 2556 407 2614 tuus
434 2549 585 2642 continuis
614 2554 736 2613 auctore
763 2549 891 2614 Domino
919 2548 1118 2632 amplificetur
1141 2554 1171 2614 et
1192 2549 1346 2632 oportunis

146 2667 271 2729 crescat
297 2658 483 2744 augmentis,
508 2658 587 2743 apud
619 2679 724 2742 regem
758 2678 864 2741 regum
886 2679 940 2742 pro
969 2664 999 2722 te
1029 2659 1145 2723 devotis
1174 2679 1209 2722 ae
1234 2658 1346 2722 sedulis
1402 2735 1404 2738 Υ

145 2770 425 2858 supplicacionihus
457 2769 641 2843 insistimus,
680 2775 713 2832 ut
748 2790 804 2853 per
842 2789 927 2832 snam
958 2768 1152 2832 clemenciam
1184 2788 1347 2852 processus

145 2894 215 2951 tuos
244 2882 354 2965 dirigat
381 2886 471 2965 atque
492 2887 597 2964 regat,
626 2881 738 2965 detque
753 2879 809 2943 tibi
837 2901 873 2942 ex
896 2882 956 2945 alto
980 2879 1120 2945 virtutem
1143 2878 1347 2963 prosequendi

146 2992 339 3058 laudabiliter
369 2990 541 3055 inchoatum
568 2987 728 3071 negocium
759 2989 890 3073 illudque
922 2987 1053 3052 feliciter
1084 2988 1343 3076 consumendis).

242 3157 276 3226 a)
291 3156 424 3211 adtentius
437 3158 464 3210 d
481 3186 514 3197 -
528 3154 560 3228 d)
574 3155 705 3226 dirigetur
718 3159 747 3208 st
760 3155 788 3208 Z.
805 3183 838 3193 -
851 3154 883 3220 c)
897 3153 1047 3209 adtendens
1061 3155 1089 3207 Z.
1133 3179 1139 3188 ·

240 3321 432 3396 Erginaongen
445 3337 492 3376 ans
505 3322 600 3395 Rymer
612 3321 731 3375 Foedera
745 3318 770 3382 1,
785 3318 848 3374 384.
861 3318 1013 3374 Alexander
1026 3319 1171 3391 episeopus
1185 3335 1278 3374 servus
1292 3325 1344 3375 etc.

147 3413 289 3469 carissimo
307 3415 334 3468 in
347 3412 456 3469 Christo
474 3412 531 3467 filio
545 3411 659 3468 Ricardo
679 3412 706 3464 io
719 3411 792 3465 Rom.
813 3426 904 3480 regem
925 3410 1014 3467 electo
1032 3417 1059 3465 et
1079 3415 1207 3474 coronato
1228 3412 1344 3467 salutem

148 3510 177 3563 et
201 3506 374 3576 apostolicam
388 3504 599 3561 benedictionem
622 3502 665 3575 α).
688 3503 752 3557 Aru.
776 3518 836 3573 sap.
850 3518 875 3555 u.
898 3502 1142 3572 prothonotariom.
1166 3499 1193 3556 ist
1225 3504 1337 3557 fratrem

154 3597 331 3659 Wilielmum‚
354 3594 455 3652 ordinis
476 3593 604 3651 trinitatis
625 3602 653 3650 et
674 3594 840 3665 captivorum
862 3592 1019 3648 familiarem
1043 3596 1071 3647 et
1083 3591 1119 3665 β)
1135 3610 1166 3648 ae
1185 3594 1342 3648 uenerabilis

151 3689 241 3744 frater
263 3694 356 3746 noster
378 3688 521 3759 episcopus
545 3694 573 3742 et
595 3686 688 3743 dilecti
711 3685 758 3740 tilii
780 3683 987 3741 archidiaconus
1010 3683 1134 3739 dolensis
1153 3702 1185 3740 ac
1208 3685 1342 3740 liebertus

153 3783 188 3837 de
207 3781 275 3835 Baro
293 3780 333 3835 tui
345 3778 378 3851 γ)
392 3779 425 3834 de
440 3775 534 3848 Rogat'
553 3778 709 3834 familiarem
728 3780 758 3832 st
770 3774 802 3849 d)
821 3775 983 3831 favorabiles
996 3776 1024 3849 ε)
1045 3769 1073 3831 et
1091 3793 1141 3847 per
1160 3776 1249 3848 ipsum
1264 3773 1295 3849 ζ)
1310 3792 1342 3829 sc

153 3872 220 3937 ills,
240 3889 294 3944 qne
307 3888 357 3944 pre
370 3875 399 3926 te
413 3888 461 3942 per
474 3887 522 3925 nos
536 3869 562 3924 in
575 3870 626 3925 hae
640 3872 717 3941 parte
729 3870 803 3925 facts
816 3874 844 3923 et
856 3866 976 3923 ordinata
989 3868 1146 3923 consistunt.
1171 3863 1213 3921 Ad
1228 3865 1293 3935 loe,
1317 3872 1347 3919 ut

152 3964 259 4019 cautius
269 3965 299 4018 et
308 3961 399 4017 melius
408 3960 441 4017 sd
455 3967 572 4033 optutum
583 3961 763 4032 perducantur
771 3961 894 4015 allectam
904 3957 998 4031 (sict),
1010 3961 1114 4014 secreta
1126 3957 1195 4029 apud
1207 3962 1233 4011 te
1247 3956 1346 4011 nemini

156 4054 314 4118 revelando,
338 4057 431 4109 teneas
450 4052 504 4116 ills,
523 4052 624 4124 quiesi
644 4069 723 4106 secus
742 4051 833 4117 fleret,
846 4051 983 4123 plurimum
1004 4049 1111 4117 negotio
1132 4049 1277 4121 deperiret.
1299 4048 1347 4122 η).

151 4147 218 4201 Data
231 4147 368 4217 Anagniae
380 4146 406 4199 2.
420 4145 478 4199 Kal.
492 4145 561 4209 Maii,
575 4143 746 4216 pontificatus
760 4144 844 4198 nostri
859 4160 926 4196 anno
944 4143 1044 4213 quinto.
