3209 5392
843 690 902 765 15.

404 830 565 914 Episcopus
583 833 614 896 ll.
631 835 761 916 principi
779 836 834 897 ton
851 853 941 916 super
957 835 1168 899 consolacione
1184 833 1326 899 olclnnetl.

527 1020 533 1025 μ
768 955 838 1010 1290
851 957 902 1010 noi
917 955 962 1028 (i)

358 1061 409 1115 Eia
422 1061 540 1133 Biacbof
548 1069 643 1117 mactet
655 1063 708 1116 den
722 1063 810 1136 Konig
821 1064 928 1137 Baedolf
936 1065 1002 1119 uber
1014 1066 1066 1119 den
1082 1062 1137 1119 Tou
1149 1064 1238 1119 educe
1252 1061 1364 1119 Solones.

352 1167 524 1231 Audivimus
549 1173 579 1231 et
603 1170 798 1235 conturbatus
824 1177 871 1235 est
893 1177 999 1235 venter
1022 1176 1127 1235 noster
1137 1174 1181 1255 1),
1210 1191 1228 1234 a
1251 1189 1328 1236 uoce
1353 1173 1453 1232 nostra

262 1275 341 1338 labia
356 1281 551 1341 tremuerunt.
584 1279 746 1344 Relacione
763 1279 913 1364 siquidem
929 1279 1063 1344 veridica
1079 1281 1288 1362 cognovimus,
1313 1279 1393 1364 quod
1409 1278 1455 1341 illa

264 1389 364 1447 restra
378 1386 624 1467 magnanimitas,
652 1387 767 1451 celebri
783 1387 930 1451 hacteuus
948 1389 1087 1471 opinione
1105 1389 1280 1471 conspicua,
1310 1389 1342 1450 in
1364 1392 1456 1450 morte

262 1491 314 1554 lilii
336 1494 430 1557 uestri
452 1494 631 1560 mortificata
655 1502 702 1559 est
726 1501 757 1558 et
780 1497 908 1580 quadam
932 1496 1061 1560 mollicie
1091 1496 1230 1560 muliebri
1259 1496 1457 1578 degenerans,

263 1601 424 1682 gemitibus
448 1602 607 1685 indulgens
625 1608 655 1666 et
676 1603 820 1677 lacrimis,
844 1605 1020 1668 reverencia
1043 1605 1128 1687 regie
1144 1605 1313 1667 maiestatis
1330 1604 1457 1674 abiecta,

263 1728 356 1791 super
370 1709 474 1773 vacuis
491 1710 643 1775 doloribus
659 1712 831 1776 intabescit.
848 1713 968 1777 Dolonis
984 1713 1078 1796 igitur
1093 1712 1234 1776 affectum
1251 1713 1283 1776 in
1298 1713 1385 1776 vobis
1402 1733 1457 1774 non

263 1818 416 1898 arguimus
451 1820 505 1883 sed
539 1819 659 1883 dolendi
686 1841 858 1894 excessum,
887 1841 954 1885 cum
982 1821 1063 1904 pium
1093 1823 1133 1886 sit
1156 1823 1230 1885 llere
1254 1828 1406 1886 mortuum
1430 1828 1458 1884 et

263 1926 433 1990 huiusmodi
457 1935 626 1993 mestuosos
650 1929 776 1994 affectus
799 1931 847 1994 len
870 1937 976 1996 nature
999 1933 1137 1997 uideatur
1152 1932 1330 1996 naturaliter
1347 1931 1458 1994 indux-

263 2037 334 2099 isse.
378 2037 455 2100 Nam
476 2038 551 2110 Job,
582 2039 684 2103 audito
706 2039 829 2103 interitu
850 2039 993 2113 filiorum,
1017 2042 1265 2105 vestimentorum
1282 2040 1456 2104 concisione

264 2151 295 2208 et
309 2146 485 2227 aspersione
500 2147 630 2229 pulueris
647 2148 706 2212 uim
723 2147 835 2212 doloris
850 2149 961 2231 legitur
978 2151 1165 2232 expressisse
1174 2148 1213 2236 ²).
1231 2149 1348 2231 Joseph
1366 2149 1460 2213 eciam

265 2275 332 2316 cum
360 2255 498 2319 omnibus
526 2255 670 2319 fratribus
698 2257 762 2320 suis
786 2261 817 2320 et
838 2256 1006 2320 senioribus
1034 2258 1139 2321 domus
1165 2258 1280 2322 Israhel
1304 2258 1342 2321 de
1367 2277 1459 2340 regno

147 2363 428 2440 mngaraonis
450 2370 567 2446 patrem
590 2385 677 2428 suum
701 2364 814 2428 dellens
839 2372 999 2438 mortuum,
1022 2367 1105 2430 uenit
1128 2367 1285 2430 adoream
1302 2367 1343 2452 a)
1361 2375 1460 2432 trans-

260 2473 419 2557 jordanem
436 2478 467 2535 et
482 2478 599 2555 septem
615 2473 680 2536 dies
697 2493 790 2556 super
803 2479 900 2538 morte
924 2494 978 2538 sua
1002 2474 1033 2536 in
1049 2475 1122 2538 fletu
1139 2494 1175 2538 ac
1192 2476 1305 2557 gemitu
1323 2477 1457 2559 comple-

265 2585 372 2647 uerunt
381 2580 420 2669 8).
429 2582 565 2646 Christus
574 2581 870 2665 eciamsupermorte
879 2583 985 2645 Lazari
996 2583 1138 2646 lacrimas
1146 2584 1256 2667 legitur
1264 2584 1409 2649 effudisse
1419 2583 1458 2672 l).

264 2691 395 2773 ideoque
410 2710 470 2752 non
486 2689 637 2762 miramur,
661 2690 687 2754 si
705 2690 881 2773 deplorandi
897 2690 972 2754 tanti
989 2710 1025 2754 ac
1041 2691 1110 2756 talis
1126 2691 1180 2755 lilii
1196 2694 1312 2764 lunera,
1337 2693 1459 2775 pietatis

265 2800 403 2864 lacrimas
431 2798 589 2863 exhibetis.
621 2800 690 2864 Non
719 2800 798 2863 enim
826 2801 864 2864 dc
892 2801 1008 2864 illorum
1037 2802 1129 2874 estis,
1157 2822 1215 2865 nec
1243 2822 1313 2866 esse
1341 2802 1473 2865 debetis'

266 2930 407 2980 numero,
451 2910 488 2973 de
525 2908 634 2994 quibus
672 2909 747 2973 dicit
777 2909 922 2995 Dominus
953 2929 1009 2991 per
1039 2910 1232 2992 prophetam:
1278 2909 1456 2993 „percussi“

265 3020 399 3108 iuquit⁵)
421 3040 495 3095 „eos
508 3024 538 3083 et
550 3017 670 3082 minime
682 3018 874 3091 doluerunt“‚
889 3025 919 3081 et
932 3024 963 3081 ut
974 3018 1140 3083 verbis-lob
1158 3024 1276 3083 utamur
1293 3019 1423 3084 dicentis
1432 3017 1460 3105 θ)

268 3149 346 3204 „nec
369 3128 512 3194 fortitudo
534 3127 642 3210 lapidis
666 3127 808 3190 fortitudo
832 3131 949 3200 vestra,
972 3147 1028 3190 uec
1053 3146 1123 3190 caro
1147 3133 1248 3191 uestra
1271 3149 1348 3192 enea
1374 3133 1452 3192 est“.

266 3238 353 3303 Unde
376 3238 443 3323 quis
466 3239 525 3302 iste
541 3239 581 3302 sit
597 3237 717 3301 dolendi
733 3237 838 3300 modus
863 3258 901 3300 ne
925 3257 979 3301 vos
1002 3238 1100 3320 rapiat
1120 3238 1198 3300 ultra
1221 3237 1351 3301 modum.
1387 3236 1459 3300 Dies

267 3349 347 3414 enim
362 3348 491 3411 hominis
508 3346 587 3410 sicut
603 3346 707 3412 umbra
723 3345 949 3433 pretereunt⁷)‚
966 3346 1027 3410 vita
1044 3351 1092 3410 est
1108 3346 1206 3410 labilis
1219 3347 1299 3410 sicut
1313 3347 1415 3410 fenum
1432 3348 1462 3409 et

266 3463 334 3522 rota
348 3455 486 3520 volubilis
503 3474 652 3537 nunquam
669 3454 700 3517 iu
716 3455 823 3519 eodem
840 3458 920 3519 statu
937 3455 975 3542 l)
992 3475 1191 3538 perseverans
1202 3455 1230 3542 8)
1250 3462 1281 3518 et
1299 3455 1392 3518 nichil
1411 3458 1457 3516 est

266 3568 357 3638 aliud,
380 3586 469 3651 quam
492 3565 620 3651 quedam
644 3564 793 3628 serenitas
817 3565 974 3648 hyemalis,
1000 3565 1070 3629 dum
1092 3565 1154 3628 leta
1169 3566 1310 3629 inmiscet
1325 3563 1461 3627 tristibus

267 3683 299 3741 et
328 3678 396 3739 letis
426 3675 576 3739 interdum
607 3674 704 3738 tristia
734 3673 955 3757 preconiundit.
989 3673 1094 3738 Mortis
1126 3693 1254 3757 namque
1282 3676 1458 3753 argumento

268 3783 442 3851 necessaria
457 3789 505 3846 est
520 3782 707 3866 proposicio,
732 3783 818 3846 cuius
834 3782 1059 3847 conclusionem
1075 3801 1162 3845 nemo
1178 3786 1241 3846 tam
1257 3782 1382 3854 doctus,
1406 3780 1456 3864 qui

359 3911 392 3981 c)
405 3911 512 3966 arebam
523 3910 553 3964 V.
567 3925 657 3964 arcam
669 3911 697 3963 Z.
711 3940 744 3950 -
758 3908 791 3977 b)
804 3909 916 3964 termino
929 3907 957 3962 Z.

268 4049 595 4067 m

298 4140 322 4198 1)
339 4140 426 4184 'lbreni
441 4138 463 4192 l,
473 4137 513 4182 20.

296 4220 319 4281 ²)
336 4221 381 4267 lob
394 4220 417 4276 l,
428 4221 467 4266 2⁰.

295 4299 321 4363 ἲ)
339 4306 423 4350 (lones.
435 4303 476 4358 50,
490 4301 528 4347 1o.

294 4385 320 4441 ⁴)
336 4386 379 4429 Er.
391 4397 439 4429 sec.
451 4386 563 4448 loannem
575 4396 596 4427 c.
612 4382 648 4428 ll.

296 4464 321 4524 ⁸)
338 4468 423 4512 lenem.
436 4467 460 4520 2,
472 4467 497 4511 3.

295 4549 322 4608 θ)
338 4550 383 4595 lob
394 4550 419 4601 6,
433 4548 470 4592 12.

295 4628 319 4690 ¹)
336 4630 412 4675 Psalm
424 4627 515 4682 113,1.

296 4709 321 4771 ⁸)
338 4713 382 4756 lob
395 4709 434 4764 11,
446 4713 470 4755 2.
