3209 5392
254 481 302 552 to

238 654 312 726 tali,
343 654 391 719 vel
422 654 509 727 duci,
541 656 587 719 rel
618 655 784 751 marchioni
815 658 883 722 talis
920 661 1001 721 terre
1033 655 1162 738 gratiam
1190 674 1276 720 suam
1303 662 1335 721 et
1362 675 1451 720 omne

243 762 364 828 bonum.
400 763 452 828 Sic
480 764 570 827 etiarn
596 773 724 848 possunt
752 766 887 832 scribere
917 764 1080 830 maioribus
1114 765 1252 847 personis
1286 766 1317 829 in
1353 766 1452 838 clero,

189 924 193 929 .
243 873 295 956 qui
330 878 400 937 sunt
431 873 462 937 in
506 873 694 939 districtibus
722 877 882 959 legationis
907 895 971 941 sue.
1005 874 1117 939 Omnes
1140 893 1231 947 vero,
1254 873 1306 957 qni
1328 874 1451 938 suntin

225 981 337 1062 gipsius
359 979 546 1047 districtibus
564 983 772 1067 cuiuscunque
795 983 906 1047 fuerint
928 982 1125 1055 conditionis,
1148 980 1251 1045 clerici
1274 982 1338 1045 sive
1360 980 1450 1064 layci,

241 1088 340 1171 ipsum
370 1096 542 1172 preponunt
568 1092 599 1154 in
620 1092 823 1164 saluatione,
853 1090 989 1155 vocando
1021 1109 1090 1154 curn
1120 1091 1268 1156 illustrem
1299 1090 1452 1155 dominum

238 1217 327 1279 ¹suum
350 1205 380 1263 et
403 1199 508 1265 dicunt
525 1199 552 1263 ei
570 1199 720 1282 condigne
736 1200 905 1264 reverentie
922 1199 1114 1272 famulatum,
1137 1200 1212 1264 31133
1228 1219 1318 1273 varo,
1335 1198 1388 1265 ubi
1407 1199 1452 1288 a)

238 1289 300 1371 ¹non
317 1308 453 1392 fungitur
467 1307 567 1373 officio
584 1309 760 1391 legationis,
779 1309 886 1373 scribit
902 1330 935 1372 se
952 1309 1129 1392 simpliciter
1143 1307 1450 1405 tamquamtmarchio

241 1416 289 1479 vel
306 1415 375 1480 dux.

334 1530 506 1607 Notandum
522 1544 623 1616 edam,
641 1544 722 1628 quod
738 1550 786 1608 est
801 1543 969 1609 differentia
990 1545 1069 1608 inter
1086 1546 1271 1633 principem
1292 1553 1324 1612 et
1341 1549 1451 1635 presi·

241 1652 332 1717 dem:
344 1652 502 1738 princeps
517 1659 575 1724 est,
593 1653 643 1735 qui
659 1653 724 1716 iure
742 1653 924 1717 hereditario
942 1653 981 1716 ad
993 1654 1091 1716 minus
1106 1653 1200 1717 habet
1215 1674 1306 1718 unam
1322 1660 1448 1727 terram,

236 1780 352 1846 preses
381 1765 445 1831 est,
478 1762 529 1844 qui
559 1767 676 1825 tantum
708 1762 910 1825 demandato
938 1763 1129 1845 imperatoris
1153 1764 1204 1826 uni
1232 1765 1280 1828 vel
1312 1763 1451 1848 pluribus

239 1868 401 1949 provinciis
424 1874 527 1950 preest
553 1870 598 1933 vel
627 1871 761 1952 presidet
788 1872 827 1934 ad
854 1877 992 1952 tempus,
1017 1872 1096 1936 siout
1117 1872 1250 1937 faciebat
1272 1872 1394 1956 Pylatns
1420 1874 1453 1936 in
1576 1914 1579 1919 ι

133 1976 340 2040 rosso-audes
358 1996 413 2059 pro
427 1977 556 2060 Tyberio
574 1980 695 2043 cesare.
713 1980 837 2043 Romani
854 1999 975 2063 quoqne
991 1987 1147 2044 senatores
1164 1987 1195 2045 et
1210 1982 1338 2064 prefecti
1356 1982 1452 2055 urbis,

244 2086 295 2168 qui
317 2087 448 2168 pretorio
470 2095 611 2169 preerant
632 2090 774 2171 potestati
796 2090 976 2152 anctoritate
999 2096 1121 2154 senatus
1146 2096 1176 2153 et
1196 2091 1386 2173 prefectum,
1415 2098 1446 2155 et

244 2195 313 2277 quia
329 2196 422 2259 Roma
439 2202 521 2259 esset
537 2202 629 2279 ceput
643 2197 735 2260 totius
751 2197 865 2269 mundi,
883 2218 917 2260 se
933 2197 1070 2261 omnibus
1087 2199 1273 2282 principibus
1295 2219 1448 2283 prepone-

238 2304 311 2368 bant
333 2310 417 2368 extra
438 2324 564 2386 papam,
593 2305 816 2387 imperatorem,
837 2306 1070 2389 imperatricem.
1105 2309 1167 2374 Sed
1190 2311 1332 2392 quoniam
1355 2310 1445 2373 modo

240 2414 319 2476 facta
336 2419 383 2476 est
398 2413 480 2476 velut
495 2414 618 2485 ancilla,
641 2432 699 2496 qne
716 2415 866 2497 quondam
882 2415 939 2479 fuit
954 2415 1065 2489 libera,
1087 2422 1229 2481 cessante
1251 2439 1331 2482 nunc
1348 2437 1443 2483 eausa

240 2522 371 2586 cessarit
401 2520 544 2594 effectus,
577 2523 655 2586 unde
688 2524 767 2587 sicut
798 2524 893 2586 duces
925 2526 972 2587 vel
1003 2526 1194 2590 marchiones
1222 2528 1312 2590 modo
1341 2528 1379 2590 de
1410 2549 1445 2591 se

239 2630 390 2694 scribunt:
426 2632 549 2706 „lnclito
565 2633 694 2715 principi
722 2653 759 2695 ac
783 2633 902 2695 domino
924 2634 959 2695 H.
977 2634 1033 2697 Dei
1056 2635 1154 2715 gratia
1172 2636 1283 2718 Sycilie
1300 2638 1385 2719 regi,
1403 2638 1443 2700 bl.

239 2740 345 2804 eadem
361 2740 459 2822 gratia
474 2742 550 2804 alme
568 2742 650 2805 urbis
667 2743 714 2804 rel
730 2761 863 2805 summus
881 2748 1004 2806 senator
1025 2744 1071 2806 rel
1093 2745 1249 2826 prefectus
1268 2747 1396 2809 salntem
1415 2753 1447 2809 et

234 2850 446 2932 prosperitatis
472 2849 658 2914 obtentum“.
677 2889 721 2901 -
738 2851 791 2915 Sic
808 2849 945 2914 scribunt
961 2852 1152 2916 inferioribus
1169 2854 1233 2917 suis
1260 2860 1321 2919 tarn
1347 2856 1443 2936 laycis

238 2977 327 3042 quarn
353 2959 472 3023 clericis
500 2960 750 3042 quemadmodum
765 2959 860 3023 duces
887 2960 933 3022 rel
962 2961 1168 3035 marchiones,
1199 2970 1233 3027 ut
1261 2964 1445 3030 dictumest

236 3070 374 3151 superius
397 3070 428 3131 iu
449 3068 508 3131 hac
530 3075 637 3152 quarta
658 3067 769 3132 tabula.
787 3106 832 3117 —
848 3070 989 3133 Ceterum
1011 3071 1080 3153 qnia
1104 3073 1244 3135 consules
1260 3073 1443 3145 ,civitatum

236 3178 427 3241 castellorum
444 3198 498 3241 333
514 3178 649 3241 villarum
664 3178 695 3240 in
711 3177 823 3241 nostris
840 3197 899 3240 non
915 3178 1065 3241 habentur
1080 3179 1189 3251 terris,
1205 3180 1273 3244 ideo
1290 3181 1372 3263 apud
1387 3201 1445 3245 nos

236 3306 295 3350 non
311 3292 358 3350 est
374 3308 446 3357 3333
463 3285 616 3351 scribendi
630 3285 714 3368 ipsis.
746 3284 960 3350 Verumtamen
981 3287 1008 3350 si
1025 3289 1181 3370 contingat
1202 3290 1246 3352 eis
1269 3289 1306 3351 de
1329 3291 1442 3354 nostris

236 3395 371 3459 terminis
402 3395 466 3459 lieri
496 3396 693 3477 legationem,
725 3394 837 3457 debent
868 3395 939 3476 poni
970 3401 1095 3480 tanqum
1125 3396 1257 3461 barones
1288 3403 1437 3463 terrarum

108 3494 115 3507 ⁴
235 3511 406 3569 nostrarum
427 3510 458 3568 et
478 3505 537 3568 hoe
560 3525 620 3567 non
641 3525 678 3566 33
699 3498 780 3576 arte,
805 3503 860 3567 sed
882 3505 982 3585 potius
1005 3500 1235 3579 consuetudine,
1258 3526 1317 3590 quo
1333 3508 1392 3571 arti
1407 3508 1438 3571 in

236 3614 336 3678 multis
352 3614 530 3696 preiudioat.

539 3870 580 3934 lle'
604 3869 710 3954 quinto
732 3868 837 3935 tabula
859 3871 1075 3938 salutationum
1093 3867 1141 3956 b).

324 4072 396 4137 Viso
419 4070 456 4133 de
481 4073 588 4153 quarta
604 4065 717 4139 tabula,
734 4086 814 4130 nunc
838 4066 1024 4134 subinfertur
1045 4050 1147 4134 ultima
1170 4069 1233 4133 sire
1262 4070 1386 4155 quinta„
1407 4072 1440 4137 ln

235 4180 340 4265 quinta
355 4179 457 4248 tabula
473 4180 610 4251 docetur,
628 4175 776 4261 quomodo
793 4178 953 4258 populares
971 4199 1005 4243 se
1021 4180 1151 4243 salutent
1167 4199 1263 4264 usqne
1279 4179 1318 4243 ad
1334 4200 1439 4245 servos

235 4289 335 4373 glehe.

326 4418 444 4484 Mariti
457 4438 580 4483 umores
595 4416 743 4480 salutant
758 4420 791 4479 ut
807 4414 959 4498 principes
975 4436 1083 4480 uxores
1101 4437 1171 4483 suas
1188 4421 1291 4500 preter
1305 4417 1438 4500 impera-

236 4537 348 4600 torem,
377 4528 414 4589 de
438 4546 496 4610 qno
519 4524 690 4608 predictum
715 4529 777 4595 esa
803 4525 848 4587 sic
870 4524 1021 4589 scribunt:
1049 4526 1153 4591 lnclite
1181 4545 1217 4590 ac
1253 4527 1436 4608 preamande

326 4709 360 4778 a)
380 4707 425 4761 nbi
443 4706 513 4761 fehlt
531 4706 561 4759 V.
574 4732 611 4742 -
624 4703 656 4769 b)
677 4701 819 4758 Distinetio
831 4702 887 4768 llll,
897 4720 938 4758 am
957 4705 1048 4760 Raude
1067 4705 1099 4762 V.
1110 4707 1139 4762 V.
1154 4707 1209 4762 und
1223 4707 1250 4761 Z.
