3209 5392
1296 504 1371 579 351

170 684 292 766 gallina,
330 705 388 769 que
416 685 497 748 fovet
520 683 629 747 affectu
652 682 786 766 piissimo
810 684 890 745 setus
913 701 996 753 suos,
1022 681 1141 766 quando
1165 681 1376 744 incubatoris

182 793 258 864 suis,
275 794 300 854 si
319 792 380 855 alia
403 790 538 854 eiusdem
560 791 680 874 generis
704 792 815 874 gallina
837 790 880 853 illi
903 810 1107 873 compugnans
1130 809 1165 853 ac
1195 789 1300 852 eadem
1322 808 1378 851 ova

178 900 280 962 fouere
297 905 327 963 et
342 901 419 983 ipsis
436 899 581 963 incubare
604 901 741 963 certatim
764 898 932 968 contendit,
950 905 1022 961 tunc
1040 919 1075 961 ex
1091 897 1186 961 mutili
1203 897 1377 968 certamine,

177 1007 249 1071 licet
266 1008 434 1072 affectuoso
453 1015 609 1091 concepta,
627 1009 681 1072 sed
697 1009 873 1071 mutacione
890 1009 1009 1071 insolita
1027 1010 1109 1070 fetus
1126 1028 1185 1070 nou
1201 1006 1379 1090 producitur

147 1160 152 1167 ·
178 1118 270 1187 utilis,
288 1124 336 1183 set
357 1120 513 1191 del'ormis,
530 1119 576 1182 vel
593 1118 630 1183 ad
648 1119 791 1182 nichilum
809 1119 974 1200 redigetur.
1003 1118 1047 1180 Ad
1070 1117 1158 1181 buius
1181 1118 1274 1199 igitur
1289 1122 1379 1179 natu-

179 1226 253 1288 ralis
279 1227 406 1289 actionis
430 1229 595 1310 exemplum
619 1227 766 1310 quomodo
791 1228 901 1307 poterit
924 1227 980 1289 sub
1005 1226 1060 1288 alis
1083 1227 1191 1287 restris
1214 1225 1378 1288 animarum

181 1335 263 1398 fetus
282 1336 412 1399 salubris
436 1338 576 1408 existere,
601 1339 627 1399 si
643 1337 681 1400 de
703 1336 841 1398 manibus
866 1338 992 1400 rectoris
1014 1336 1126 1420 proprii
1149 1355 1201 1398 eas
1225 1334 1379 1397 extrahitis

178 1463 215 1506 eo
232 1445 320 1505 modo
338 1446 368 1506 et
386 1446 488 1509 lovere
506 1444 697 1515 contenditis,
720 1464 795 1527 quas
812 1448 913 1507 rector
929 1444 1058 1506 ecclesie
1075 1444 1178 1506 lovere
1194 1442 1261 1526 plus
1278 1441 1379 1505 debito

179 1551 480 1616 deberetsecundum
486 1556 610 1636 paterne
618 1553 664 1614 rel
672 1552 936 1636 maternepietatis
950 1551 1110 1615 affectum?
1121 1552 1212 1615 Porro
1225 1551 1274 1613 ille
1283 1553 1380 1613 anime

177 1661 309 1743 propriis
327 1665 358 1723 et
373 1661 517 1722 maternis
534 1659 714 1731 uisceribus,
733 1659 848 1743 pastori
871 1678 936 1729 suo,
965 1660 1033 1742 plus
1054 1661 1132 1723 iusto
1156 1659 1290 1723 debitum
1307 1659 1381 1722 sub-

182 1768 305 1830 trahunt
323 1768 496 1831 alimentum
516 1766 554 1853 ¹).
587 1767 626 1830 llt
642 1768 668 1829 si
684 1767 777 1840 sorte,
801 1766 881 1850 quod
904 1787 1005 1830 rarum
1025 1771 1071 1831 est
1093 1770 1123 1830 in
1145 1768 1197 1831 tali
1214 1768 1434 1836 contrarie-ru.
1447 1793 1495 1835 ure.

178 1881 251 1947 tate,
269 1876 348 1938 fetus
362 1876 487 1958 prodeat
499 1874 647 1958 aliqualis,
665 1874 779 1937 errabit
795 1880 895 1937 tamon
912 1875 943 1938 in
960 1876 1120 1958 agnicione
1137 1877 1282 1959 parentis,
1300 1877 1381 1960 quod
1410 1945 1415 1963 ,

179 1988 227 2047 est
259 1982 378 2045 devium
406 1983 502 2066 ipsius
530 1987 651 2054 nature,
683 1984 770 2046 cuius
799 1987 958 2066 corrupcio
988 1985 1068 2048 sicut
1091 1989 1121 2048 et
1143 1985 1240 2047 anime
1270 1985 1381 2048 domini

180 2091 337 2157 Sabbaoth
365 2090 429 2153 dire
458 2091 584 2164 clamat,
612 2097 642 2155 et
670 2093 772 2156 tunica
795 2093 914 2155 Domini
938 2113 997 2155 non
1022 2093 1103 2158 cadit
1124 2094 1155 2156 in
1178 2099 1305 2166 sortem,
1334 2098 1381 2157 set

180 2200 330 2264 scinditur
345 2201 416 2264 binc
434 2205 464 2264 et
480 2201 550 2264 inde
561 2200 599 2287 2).
637 2202 726 2263 Certe
744 2201 836 2264 nimia
853 2205 900 2264 est
916 2206 947 2264 et
963 2222 1053 2285 supra
1081 2203 1200 2266 modum
1227 2203 1381 2267 habundat

183 2313 286 2371 vestra
303 2308 485 2391 prudencia,
511 2308 607 2391 quod
632 2310 669 2370 in
693 2309 775 2371 sola
799 2309 1030 2372 Pataviensi
1055 2311 1213 2393 dyocesi
1238 2311 1274 2373 in
1299 2331 1382 2394 sep·

178 2402 1383 2499 temlocisautpluribussub'tantahabendipenuriaresidet

179 2528 313 2588 vester
337 2527 445 2597 ordo,
472 2545 539 2588 cum
557 2531 668 2609 quanto
684 2526 826 2597 rariores,
845 2530 927 2589 tanto
945 2528 1089 2590 clariores
1105 2527 1285 2609 haberemus
1303 2528 1382 2610 apud

181 2634 294 2697 omnes.
315 2634 377 2698 Sed
394 2634 472 2697 torte
489 2633 562 2696 illud
578 2633 684 2717 prebet
702 2633 788 2697 vobis
806 2633 946 2697 auxilium
959 2636 988 2697 in
1002 2636 1060 2700 hac
1074 2640 1171 2719 parte,
1191 2636 1271 2719 quod
1288 2637 1384 2700 nostri

184 2742 333 2813 detectus,
350 2763 425 2826 quos
441 2744 572 2824 patimur
586 2763 642 2825 per
656 2747 805 2826 raptores,
823 2743 976 2806 sanctitati
992 2747 1092 2807 vestre
1104 2745 1273 2827 profectum
1289 2764 1383 2826 gene-

182 2855 254 2913 rant
271 2855 301 2912 et
317 2850 398 2913 unde
415 2868 470 2911 nos
487 2852 707 2933 corrumpimur
722 2848 792 2912 inde
809 2849 896 2912 uobis
914 2851 1049 2913 nascitur
1064 2852 1291 2939 incrementum.
1315 2852 1383 2915 Non

187 2960 284 3023 eciam
311 2979 328 3021 a
356 2958 498 3022 memoria
526 2958 613 3022 uobis
643 2959 747 3030 cadat,
772 2959 852 3042 quod
876 2959 967 3021 nichil
987 2962 1017 3022 in
1040 2960 1162 3023 alterius
1184 2961 1382 3043 prciudicium

183 3067 276 3131 debet
292 3068 482 3149 adtemptari,
511 3072 542 3129 et
570 3068 650 3151 quod
678 3067 767 3130 unius
797 3072 843 3130 cst
876 3068 1075 3138 commodum,
1099 3090 1167 3132 csse
1200 3089 1259 3131 non
1292 3070 1383 3133 debet

181 3176 306 3240 alterius
339 3175 566 3247 detrimentum
606 3177 754 3259 alioquin,
795 3178 874 3238 sicut
914 3177 986 3238 dicit
1018 3196 1130 3248 canon,
1172 3197 1270 3251 omne,
1304 3179 1384 3261 quod

182 3285 233 3347 hic
250 3287 350 3367 agitur
365 3284 417 3347 tali
434 3283 533 3356 modo,
552 3262 672 3347 edificet
687 3285 725 3347 ad
748 3283 915 3349 iebennam.
950 3285 983 3349 Si
1007 3304 1059 3347 vos
1085 3285 1177 3366 igitur
1193 3290 1297 3349 eontra
1314 3307 1385 3370 pre-

120 3458 124 3465 ,
183 3395 276 3459 missa
301 3395 410 3467 omnia,
434 3415 492 3478 que
515 3394 599 3457 breui
622 3395 749 3457 articulo
773 3399 844 3458 sunt
867 3394 1019 3465 conclusa,
1037 3394 1239 3458 intencionem
1254 3402 1383 3460 uestram

184 3504 263 3567 iusta
276 3502 316 3587 a)
332 3503 471 3587 poteritis
491 3503 648 3566 defensare
665 3503 830 3566 secundum
848 3523 978 3566 canones
996 3508 1027 3568 et
1042 3504 1218 3586 theoloycas
1234 3504 1383 3578 raciones,

186 3613 386 3676 libentissime
408 3612 606 3675 adtendemus
630 3613 696 3674 sine
723 3611 848 3675 brachio
878 3612 1018 3675 seculari.
1055 3611 1117 3676 Sed
1145 3632 1205 3675 non
1233 3612 1383 3677 credimus

183 3720 248 3784 lieri
272 3718 324 3782 tali
352 3720 459 3791 modo,
492 3721 562 3803 quia
585 3719 737 3784 iniusticia
760 3726 789 3783 et
812 3721 921 3784 iniuria
944 3727 974 3784 et
996 3724 1071 3784 tales
1093 3726 1192 3784 motus
1209 3722 1308 3784 locum
1325 3743 1383 3785 non

182 3828 296 3892 babent
331 3828 360 3890 in
394 3826 537 3891 cordibus
560 3830 771 3912 perlectorum.
806 3831 840 3893 Si
863 3829 941 3892 enim
964 3850 1059 3913 usque
1087 3829 1126 3892 ad
1149 3830 1231 3892 celos
1254 3828 1383 3893 ambicio

181 3936 303 4001 tolleret
319 3955 418 3999 ramos
443 3955 525 4007 suos,
550 3937 650 4000 divina
672 3937 868 4020 providencia
892 3939 989 4001 donee
1013 3941 1051 4002 ad
1076 3944 1187 4003 terram
1212 3940 1384 4004 detraheret
1479 3990 1487 4002 .

184 4046 329 4108 elevatos.

278 4172 313 4240 a)
328 4187 357 4225 so
371 4171 415 4223 fur
425 4172 500 4240 juxta
515 4170 543 4223 V.

193 4326 272 4334 0....-
282 4328 291 4332 -
302 4329 307 4333 ,
329 4328 512 4334 *Qu—vm

215 4446 237 4505 ¹)
250 4451 282 4494 So
301 4451 383 4511 hlagtc
402 4452 462 4496 auch
475 4451 585 4497 Wilbelm
607 4463 655 4496 ron
673 4452 709 4496 st.
722 4452 822 4497 Amour:
842 4453 974 4500 Curiuslibet
987 4455 1148 4512 proprietates
1161 4468 1206 4514 per
1218 4458 1384 4504 consessiones

258 4541 363 4586 rimando
386 4548 411 4586 et
433 4543 467 4587 sic
489 4543 598 4602 populum
617 4541 783 4599 multipliciter
802 4543 848 4588 sibi
867 4543 986 4589 eliciendo
1006 4547 1031 4589 ct
1048 4558 1060 4590 s
1079 4558 1175 4591 suorum
1196 4548 1340 4604 prelatorum
1360 4549 1385 4593 et

260 4634 383 4680 doctorum
396 4637 514 4681 voracium
528 4635 637 4681 doctrine
650 4636 674 4681 ct
688 4628 796 4681 consiliis
811 4637 949 4683 avertendo.
964 4637 1073 4683 Ncunder
1085 4638 1102 4682 l.
1117 4653 1138 4685 e.
1152 4653 1176 4696 p.
1190 4639 1246 4683 377.

216 4720 241 4779 ²)
256 4724 430 4786 Auspielungen
444 4728 486 4772 aut
495 4727 536 4772 liv.
550 4738 599 4771 sec.
612 4727 753 4772 Matthecum
768 4739 820 4783 cap.
835 4727 864 4771 1³
877 4728 923 4772 und
937 4728 1013 4784 Epist.
1027 4730 1112 4773 cathol.
1127 4729 1209 4774 iacobi
1222 4743 1272 4789 cup.
1286 4731 1310 4776 li.
