3209 5392
255 499 304 570 76

251 673 335 737 litem
357 679 457 736 movet
479 672 688 755 proscribenti,
717 673 943 756 prescriptione
965 674 1095 739 nondum
1116 674 1217 748 linita,
1238 695 1294 757 per
1308 674 1368 737 hoc
1383 672 1450 755 ipsa

250 781 436 864 prescripcio
460 782 685 863 interrumpitur
712 788 743 846 et
770 789 917 847 cassatur.
950 782 1024 847 Cum
1052 803 1125 866 ergo
1153 782 1339 866 prescripcio
1364 779 1449 843 finita

254 889 355 961 fuerit,
372 895 403 953 et
418 895 487 972 post
502 891 553 955 XL
569 909 663 953 annos
679 892 866 973 prescriptos
882 897 1100 973 remvrepetere
1123 892 1250 955 voluerit
1270 896 1301 953 et
1323 894 1450 953 couten-

251 999 333 1071 dere,
349 1004 420 1063 tunc
436 999 628 1081 prescribens
645 1000 737 1063 nichil
753 1001 833 1064 aliud
849 1000 979 1083 allegare
999 999 1089 1064 debet
1110 1020 1165 1083 pro
1189 999 1366 1064 defensione
1382 1016 1449 1068 sua,

252 1125 340 1191 quam
355 1108 592 1189 prescripcionis
608 1109 743 1190 perfecte
760 1107 913 1171 sufficiens
930 1116 1058 1190 tempus,
1076 1110 1106 1172 id
1123 1114 1170 1172 cst
1181 1113 1299 1190 tempus
1317 1106 1450 1189 quadra-

251 1214 332 1297 ginta
343 1215 542 1278 annorumrel
555 1216 814 1279 continuacionem
825 1215 1027 1297 possessionis
1039 1218 1091 1280 XL
1103 1218 1200 1279 annis.
1213 1254 1258 1266 -
1270 1212 1383 1300 Nera]
1400 1217 1451 1275 est

252 1327 371 1386 cantum
387 1323 518 1405 allegare
534 1323 658 1405 tytulum
676 1324 755 1407 quod
773 1324 903 1387 diceret:
918 1325 985 1406 Ego
1001 1324 1141 1406 possideo
1157 1324 1251 1407 tytulo
1268 1322 1448 1405 empcionis,

253 1429 426 1495 donacionis
454 1431 501 1492 vel
529 1431 791 1503 commutacionis,
819 1432 958 1515 quoniam
992 1434 1042 1515 qui
1063 1433 1189 1516 tytulum
1209 1433 1321 1513 allegat
1347 1431 1450 1512 ipsum

259 1539 380 1621 cogitur
394 1538 536 1621 probare,
552 1539 633 1622 quod
650 1539 771 1603 dit'lrcile
788 1546 843 1603 est.

689 1681 736 1725 no
750 1681 832 1728 mnis
845 1681 961 1725 Domini
974 1682 1013 1737 b).

761 1773 887 1818 bretinolis
900 1774 938 1817 Xl.

343 1887 512 1954 Notandum
532 1890 632 1963 etiam,
660 1892 740 1974 quod
764 1892 835 1954 anni
852 1891 890 1977 c)
912 1891 1132 1955 incarnacionis
1160 1890 1272 1956 debent
1298 1886 1391 1952 scribi
1417 1888 1450 1950 in

253 1996 332 2062 omni
347 1996 434 2060 litera
450 1998 535 2063 cuius
552 2000 651 2063 datarn
667 2001 807 2082 ignorare
820 1999 973 2071 nonlicet,
985 1999 1064 2063 sicut
1075 1999 1241 2063 suntlitere
1259 1998 1447 2062 diversorum

257 2110 480 2178 contractuum,
502 2107 581 2170 sicut
602 2108 721 2190 quando
742 2107 817 2172 fiunt
838 2127 874 2170 ca
897 2125 956 2190 que
973 2113 1044 2172 sunt
1059 2107 1158 2190 aliquo
1174 2107 1262 2171 modo
1279 2106 1317 2169 de
1334 2126 1448 2187 genere

252 2218 476 2286 contractuum,
507 2221 541 2278 ut
566 2216 768 2297 possessionis
795 2215 941 2280 alienacio
957 2221 988 2279 et
1007 2221 1040 2279 ut
1054 2214 1095 2303 d)
1111 2214 1145 2279 fit
1170 2216 1201 2278 in
1222 2214 1386 2297 precariis,
1414 2214 1446 2280 ia

249 2322 357 2394 feodis,
373 2322 404 2384 in
420 2323 617 2394 commodato,
644 2323 675 2385 in
692 2324 842 2406 emptione
858 2323 1045 2396 vendicione,
1057 2324 1089 2386 in
1101 2322 1268 2386 debitorum
1284 2321 1447 2392 solutione,

250 2434 281 2496 in
298 2431 540 2496 ordinacionibus
558 2433 607 2520 e),
624 2433 655 2496 in
670 2433 867 2505 testamentis,
879 2434 910 2497 in
923 2433 1118 2497 ecclesiarum
1135 2430 1394 2502 dedicacionibus,
1411 2431 1443 2493 in

251 2541 425 2613 locacione‚
443 2542 473 2603 in
490 2542 690 2604 conductione
704 2540 753 2626 f),
777 2543 808 2605 in
824 2562 924 2605 rerum
946 2543 1186 2624 permutacione,
1213 2541 1244 2604 in
1260 2541 1447 2622 impignora-

256 2649 353 2721 cicae,
369 2650 400 2711 in
415 2647 672 2722 fideiussionibus,
690 2649 720 2712 in
735 2649 830 2713 literis
848 2649 1029 2733 questuosis,
1045 2649 1276 2732 procuratoriis,
1303 2648 1334 2710 in
1346 2647 1444 2711 literis

254 2758 438 2831 emissoriis,
455 2777 529 2841 quas
545 2761 645 2823 ferunt
659 2759 791 2840 religiosi
808 2760 858 2843 qui
883 2759 1059 2822 emittuntur
1079 2779 1096 2822 a
1112 2758 1235 2841 prelatis
1251 2758 1313 2821 suis
1330 2758 1369 2820 ad
1386 2758 1445 2821 alia

254 2870 331 2940 loca,
359 2868 390 2932 in
417 2869 524 2952 quibus
552 2870 639 2932 etiarn
668 2869 760 2932 scribi
788 2869 880 2933 debet
896 2870 1037 2952 quamdiu
1058 2871 1124 2952 ipse
1145 2869 1230 2933 litere
1252 2870 1379 2932 valeant.
1412 2869 1446 2932 ln

260 2977 343 3040 iteris
366 2979 455 3041 etiam
476 2977 654 3041 arbitrorum
680 2976 958 3049 confirmacionum,
985 2977 1172 3049 libertatum,
1200 2959 1386 3059 graciarum,
1415 2977 1447 3039 in

256 3085 352 3150 literis
374 3088 462 3150 etiam
485 3086 607 3149 aliarum
629 3086 787 3150 accionem
808 3085 918 3171 quibus
939 3088 1078 3150 convenit
1100 3087 1170 3149 sciri
1192 3086 1310 3170 quando
1338 3086 1450 3149 fuemnt

258 3203 336 3260 acte.
372 3197 435 3261 Sed
456 3195 630 3278 inpossibile
656 3200 704 3258 est
725 3196 781 3259 sub
804 3201 887 3259 certo
915 3216 1038 3259 numero
1060 3196 1316 3277 comprehendere
1344 3216 1448 3259 omnes
1530 3190 1533 3198 ’

256 3285 360 3367 literas
382 3305 413 3366 in
435 3302 542 3386 quibus
558 3304 628 3367 anni
643 3304 761 3367 Domini
783 3310 853 3368 sunt
874 3303 1041 3375 scribendi,
1069 3304 1148 3367 unde
1171 3311 1288 3387 oportet
1310 3303 1390 3387 quod
1413 3323 1449 3366 ex

262 3413 404 3497 qualitate
431 3433 530 3476 rerum
558 3433 616 3495 que
643 3413 816 3477 scribuntur
841 3413 898 3476 hoc
925 3413 1096 3494 perpendas
1103 3433 1113 3485 3
1144 3413 1227 3477 verbi
1255 3413 1376 3495 gracia:
1414 3413 1448 3476 Si

260 3521 423 3585 monachus
439 3521 486 3583 vel
503 3540 667 3584 conversus
682 3521 843 3585 mittendus
860 3528 942 3585 esset
957 3521 996 3584 ad
1012 3521 1132 3605 aliquod
1147 3522 1288 3585 iudicium
1301 3522 1449 3585 ecelesia-

253 3631 362 3701 sticam
379 3631 426 3693 vel
443 3630 547 3701 civile,
574 3635 608 3693 ut
623 3630 665 3693 ibi
681 3637 785 3712 ageret
801 3650 909 3694 causas
926 3632 1098 3694 monasterii
1121 3632 1184 3703 sui,
1213 3631 1239 3693 si
1261 3632 1302 3693 illi
1325 3631 1451 3696 daretur

256 3742 342 3805 litera
364 3741 568 3822 procuratoris
590 3739 729 3804 obmissis
758 3744 827 3805 anni
842 3742 976 3814 Domini,
1003 3747 1075 3805 tunc
1103 3762 1174 3824 pars
1195 3741 1322 3804 adversa
1344 3750 1450 3824 posset

255 3851 447 3933 calumpniari
463 3851 579 3915 literam
596 3850 698 3914 dicens
718 3852 847 3924 „iraterl
863 3852 922 3915 ista
937 3851 1024 3916 litera
1039 3853 1117 3914 forte
1134 3853 1246 3933 scripta
1259 3857 1305 3914 est
1317 3857 1387 3915 ante
1394 3853 1448 3915 XX

246 3979 346 4024 annos
371 3959 418 4021 rel
440 3958 585 4041 amplius,
608 3958 688 4022 unde
710 3978 769 4021 non
785 3965 872 4042 potes
888 3980 957 4023 osse
973 3980 1062 4023 verus
1079 3964 1258 4042 procurator
1273 3960 1448 4025 monasterii

255 4071 308 4141 tui,
332 4068 401 4152 quia
424 4068 509 4130 litera
532 4067 739 4149 procuratoria
762 4088 822 4130 non
846 4070 978 4132 eontinet
1000 4074 1117 4150 tempus
1142 4087 1202 4152 quo
1226 4066 1296 4131 data
1320 4073 1400 4132 est“.

557 4212 604 4255 Bc
618 4210 784 4257 differentia
797 4209 876 4256 inter
889 4212 986 4255 datum
1000 4212 1030 4256 et
1044 4212 1149 4256 actum.

742 4303 882 4348 -Distinctio
903 4302 952 4351 xu.

348 4404 518 4467 Notandum
545 4405 644 4477 etiam,
673 4404 753 4488 quod
780 4408 829 4466 est
856 4403 1029 4466 differencia
1045 4403 1124 4465 intor
1149 4403 1252 4466 vdaturn
1276 4409 1307 4467 et
1333 4410 1447 4468 actum.

252 4515 360 4578 Datum
377 4513 497 4597 quidem
511 4514 643 4595 inportat
664 4513 848 4577 solummodo
864 4519 982 4596 ternpus
1004 4514 1034 4576 in
1051 4531 1110 4596 quo
1126 4513 1211 4575 litera
1227 4513 1324 4585 datur,
1340 4520 1442 4577 actum

338 4640 372 4707 a)
387 4655 439 4692 non
452 4638 480 4692 V.
496 4669 524 4678 -
539 4638 571 4707 b)
586 4639 652 4693 llist.
665 4639 730 4694 lllll.
748 4669 776 4679 -
793 4641 826 4709 c)
840 4638 937 4695 domiui
950 4640 978 4693 Ζ.
996 4668 1022 4678 -
1038 4638 1073 4707 d)
1089 4641 1118 4693 ut
1132 4638 1199 4691 fehlt
1215 4637 1286 4692 V.r-
1301 4638 1334 4706 e)
1355 4639 1443 4693 dona-

260 4731 377 4785 cionibus
391 4731 419 4783 Z.
437 4760 460 4771 -
478 4729 511 4800 f)
532 4731 683 4786 conditiouc
697 4732 725 4784 V.
