<?xml version="1.0" encoding="UTF-8"?>
<!DOCTYPE html PUBLIC "-//W3C//DTD XHTML 1.0 Transitional//EN"
    "http://www.w3.org/TR/xhtml1/DTD/xhtml1-transitional.dtd">
<html xmlns="http://www.w3.org/1999/xhtml" xml:lang="en" lang="en">
 <head>
  <title>
</title>
<meta http-equiv="Content-Type" content="text/html;charset=utf-8" />
  <meta name='ocr-system' content='tesseract 3.04.00' />
  <meta name='ocr-capabilities' content='ocr_page ocr_carea ocr_par ocr_line ocrx_word'/>
</head>
<body>
  <div class='ocr_page' id='page_1' title='image "./fontesrerumaust00unkngoog_0371.png"; bbox 0 0 3209 5392; ppageno 0'>
   <div class='ocr_carea' id='block_1_1' title="bbox 289 490 367 560">
    <p class='ocr_par' dir='ltr' id='par_1_1' title="bbox 289 490 367 560">
     <span class='ocr_line' id='line_1_1' title="bbox 289 490 367 560; baseline 0 -1"><span class='ocrx_word' id='word_1_1' title='bbox 289 490 367 560; x_wconf 77' lang='lat'>344</span> 
     </span>
    </p>
   </div>
   <div class='ocr_carea' id='block_1_2' title="bbox 245 661 1473 1508">
    <p class='ocr_par' dir='ltr' id='par_1_2' title="bbox 245 661 1473 1508">
     <span class='ocr_line' id='line_1_2' title="bbox 289 661 1466 747; baseline -0.003 -22"><span class='ocrx_word' id='word_1_2' title='bbox 289 661 484 744; x_wconf 81' lang='lat' dir='ltr'>Neapolim</span> <span class='ocrx_word' id='word_1_3' title='bbox 508 668 650 744; x_wconf 80' lang='lat' dir='ltr'><strong>tanquam</strong></span> <span class='ocrx_word' id='word_1_4' title='bbox 666 669 793 726; x_wconf 90' lang='lat' dir='ltr'>matrem</span> <span class='ocrx_word' id='word_1_5' title='bbox 809 666 947 747; x_wconf 87' lang='lat' dir='ltr'>prolecto</span> <span class='ocrx_word' id='word_1_6' title='bbox 966 670 995 728; x_wconf 92' lang='lat' dir='ltr'>et</span> <span class='ocrx_word' id='word_1_7' title='bbox 1012 663 1163 727; x_wconf 87' lang='lat' dir='ltr'>dominam</span> <span class='ocrx_word' id='word_1_8' title='bbox 1179 661 1270 726; x_wconf 89' lang='lat' dir='ltr'>studii</span> <span class='ocrx_word' id='word_1_9' title='bbox 1288 665 1349 724; x_wconf 92' lang='lat' dir='ltr'>tam</span> <span class='ocrx_word' id='word_1_10' title='bbox 1364 661 1466 723; x_wconf 92' lang='lat' dir='ltr'>marine</span> 
     </span>
     <span class='ocr_line' id='line_1_3' title="bbox 245 767 1467 851; baseline -0.003 -20"><span class='ocrx_word' id='word_1_11' title='bbox 245 836 251 839; x_wconf 62' lang='grc'>,</span> <span class='ocrx_word' id='word_1_12' title='bbox 290 767 453 831; x_wconf 82' lang='lat' dir='ltr'>vicinitatis</span> <span class='ocrx_word' id='word_1_13' title='bbox 480 767 619 830; x_wconf 81' lang='lat' dir='ltr'>habilitas</span> <span class='ocrx_word' id='word_1_14' title='bbox 648 788 736 851; x_wconf 89' lang='lat' dir='ltr'>quam</span> <span class='ocrx_word' id='word_1_15' title='bbox 770 777 888 833; x_wconf 76' lang='lat' dir='ltr'><strong>terrene</strong></span> <span class='ocrx_word' id='word_1_16' title='bbox 921 771 1058 834; x_wconf 80' lang='lat' dir='ltr'>utilitatis</span> <span class='ocrx_word' id='word_1_17' title='bbox 1090 770 1228 833; x_wconf 80' lang='lat' dir='ltr'>fertilitas</span> <span class='ocrx_word' id='word_1_18' title='bbox 1260 767 1366 830; x_wconf 89' lang='lat' dir='ltr'>reddat</span> <span class='ocrx_word' id='word_1_19' title='bbox 1396 771 1467 828; x_wconf 91' lang='lat' dir='ltr'>tanto</span> 
     </span>
     <span class='ocr_line' id='line_1_4' title="bbox 289 875 1469 963; baseline -0.002 -25"><span class='ocrx_word' id='word_1_20' title='bbox 289 877 417 959; x_wconf 85' lang='lat' dir='ltr'>negocio</span> <span class='ocrx_word' id='word_1_21' title='bbox 445 880 677 957; x_wconf 78' lang='lat' dir='ltr'>congruentem:</span> <span class='ocrx_word' id='word_1_22' title='bbox 707 879 848 958; x_wconf 82' lang='lat' dir='ltr'>generale</span> <span class='ocrx_word' id='word_1_23' title='bbox 876 879 1008 944; x_wconf 89' lang='lat' dir='ltr'>studium</span> <span class='ocrx_word' id='word_1_24' title='bbox 1042 879 1072 941; x_wconf 92' lang='lat' dir='ltr'>in</span> <span class='ocrx_word' id='word_1_25' title='bbox 1105 880 1171 963; x_wconf 91' lang='lat' dir='ltr'>ipsa</span> <span class='ocrx_word' id='word_1_26' title='bbox 1194 879 1315 940; x_wconf 83' lang='lat' dir='ltr'>civitate</span> <span class='ocrx_word' id='word_1_27' title='bbox 1337 875 1469 939; x_wconf 89' lang='lat' dir='ltr'>iussimus</span> 
     </span>
     <span class='ocr_line' id='line_1_5' title="bbox 287 982 1469 1071; baseline 0.002 -22"><span class='ocrx_word' id='word_1_28' title='bbox 287 985 460 1055; x_wconf 90' lang='lat' dir='ltr'>reformari,</span> <span class='ocrx_word' id='word_1_29' title='bbox 496 990 529 1047; x_wconf 90' lang='lat' dir='ltr'>ut</span> <span class='ocrx_word' id='word_1_30' title='bbox 556 1004 645 1068; x_wconf 92' lang='lat' dir='ltr'>quam</span> <span class='ocrx_word' id='word_1_31' title='bbox 674 985 777 1049; x_wconf 89' lang='lat' dir='ltr'>localis</span> <span class='ocrx_word' id='word_1_32' title='bbox 805 989 951 1051; x_wconf 86' lang='lat' dir='ltr'>amenitas</span> <span class='ocrx_word' id='word_1_33' title='bbox 979 1009 1080 1052; x_wconf 90' lang='lat' dir='ltr'>rerum</span> <span class='ocrx_word' id='word_1_34' title='bbox 1115 986 1289 1071; x_wconf 89' lang='lat' dir='ltr'>placiditate</span> <span class='ocrx_word' id='word_1_35' title='bbox 1322 982 1469 1067; x_wconf 78' lang='lat' dir='ltr'>gratificat,</span> 
     </span>
     <span class='ocr_line' id='line_1_6' title="bbox 291 1091 1471 1180; baseline -0.003 -25"><span class='ocrx_word' id='word_1_36' title='bbox 291 1091 469 1157; x_wconf 87' lang='lat' dir='ltr'>decencium</span> <span class='ocrx_word' id='word_1_37' title='bbox 502 1097 593 1176; x_wconf 89' lang='lat' dir='ltr'>atque</span> <span class='ocrx_word' id='word_1_38' title='bbox 620 1091 806 1157; x_wconf 89' lang='lat' dir='ltr'>discencium</span> <span class='ocrx_word' id='word_1_39' title='bbox 833 1095 966 1180; x_wconf 85' lang='lat' dir='ltr'>undique</span> <span class='ocrx_word' id='word_1_40' title='bbox 994 1097 1120 1160; x_wconf 88' lang='lat' dir='ltr'>collecta</span> <span class='ocrx_word' id='word_1_41' title='bbox 1148 1094 1344 1159; x_wconf 88' lang='lat' dir='ltr'>commoditas</span> <span class='ocrx_word' id='word_1_42' title='bbox 1371 1092 1471 1154; x_wconf 86' lang='lat' dir='ltr'>efficiat</span> 
     </span>
     <span class='ocr_line' id='line_1_7' title="bbox 290 1199 1471 1288; baseline -0.003 -23"><span class='ocrx_word' id='word_1_43' title='bbox 290 1202 469 1284; x_wconf 83' lang='lat' dir='ltr'>graciosam.</span> <span class='ocrx_word' id='word_1_44' title='bbox 503 1204 548 1264; x_wconf 81' lang='lat' dir='ltr'>&#39;l&#39;e</span> <span class='ocrx_word' id='word_1_45' title='bbox 576 1203 677 1283; x_wconf 87' lang='lat' dir='ltr'>igitur,</span> <span class='ocrx_word' id='word_1_46' title='bbox 706 1224 795 1286; x_wconf 88' lang='lat' dir='ltr'>quem</span> <span class='ocrx_word' id='word_1_47' title='bbox 824 1205 946 1288; x_wconf 89' lang='lat' dir='ltr'>antique</span> <span class='ocrx_word' id='word_1_48' title='bbox 975 1205 1045 1268; x_wconf 89' lang='lat' dir='ltr'>lidci</span> <span class='ocrx_word' id='word_1_49' title='bbox 1072 1205 1241 1288; x_wconf 87' lang='lat' dir='ltr'>prescripta</span> <span class='ocrx_word' id='word_1_50' title='bbox 1267 1201 1423 1266; x_wconf 84' lang='lat' dir='ltr'>sinceritas</span> <span class='ocrx_word' id='word_1_51' title='bbox 1438 1199 1471 1285; x_wconf 86' lang='grc' dir='ltr'>α)</span> 
     </span>
     <span class='ocr_line' id='line_1_8' title="bbox 289 1308 1473 1394; baseline -0.002 -22"><span class='ocrx_word' id='word_1_52' title='bbox 289 1310 377 1374; x_wconf 92' lang='lat' dir='ltr'>nobis</span> <span class='ocrx_word' id='word_1_53' title='bbox 391 1310 556 1374; x_wconf 85' lang='lat' dir='ltr'>efficaciter</span> <span class='ocrx_word' id='word_1_54' title='bbox 570 1312 803 1383; x_wconf 80' lang='lat' dir='ltr'>recommendat,</span> <span class='ocrx_word' id='word_1_55' title='bbox 818 1313 856 1376; x_wconf 95' lang='lat' dir='ltr'>de</span> <span class='ocrx_word' id='word_1_56' title='bbox 870 1316 956 1378; x_wconf 88' lang='lat' dir='ltr'>cuius</span> <span class='ocrx_word' id='word_1_57' title='bbox 970 1315 1066 1378; x_wconf 90' lang='lat' dir='ltr'>eciam</span> <span class='ocrx_word' id='word_1_58' title='bbox 1078 1319 1162 1377; x_wconf 90' lang='lat' dir='ltr'>certa</span> <span class='ocrx_word' id='word_1_59' title='bbox 1174 1317 1205 1375; x_wconf 89' lang='lat' dir='ltr'>et</span> <span class='ocrx_word' id='word_1_60' title='bbox 1216 1316 1339 1394; x_wconf 86' lang='lat' dir='ltr'>experta</span> <span class='ocrx_word' id='word_1_61' title='bbox 1352 1308 1473 1373; x_wconf 87' lang='lat' dir='ltr'>sciencia</span> 
     </span>
     <span class='ocr_line' id='line_1_9' title="bbox 291 1418 1473 1508; baseline -0.001 -28"><span class='ocrx_word' id='word_1_62' title='bbox 291 1425 321 1482; x_wconf 90' lang='lat' dir='ltr'>et</span> <span class='ocrx_word' id='word_1_63' title='bbox 344 1418 479 1481; x_wconf 90' lang='lat' dir='ltr'>doctrina</span> <span class='ocrx_word' id='word_1_64' title='bbox 500 1418 625 1501; x_wconf 90' lang='lat' dir='ltr'>probata</span> <span class='ocrx_word' id='word_1_65' title='bbox 647 1419 677 1481; x_wconf 92' lang='lat' dir='ltr'>in</span> <span class='ocrx_word' id='word_1_66' title='bbox 705 1429 870 1503; x_wconf 89' lang='lat' dir='ltr'>conspectu</span> <span class='ocrx_word' id='word_1_67' title='bbox 893 1428 996 1485; x_wconf 88' lang='lat' dir='ltr'>nostro</span> <span class='ocrx_word' id='word_1_68' title='bbox 1013 1421 1053 1508; x_wconf 85' lang='lat' dir='ltr'>a)</span> <span class='ocrx_word' id='word_1_69' title='bbox 1075 1423 1133 1484; x_wconf 93' lang='lat' dir='ltr'>iam</span> <span class='ocrx_word' id='word_1_70' title='bbox 1155 1420 1268 1504; x_wconf 86' lang='lat' dir='ltr'>pluries</span> <span class='ocrx_word' id='word_1_71' title='bbox 1290 1420 1473 1504; x_wconf 89' lang='lat' dir='ltr'>plurimorum</span> 
     </span>
    </p>
   </div>
   <div class='ocr_carea' id='block_1_3' title="bbox 289 1525 1472 1610">
    <p class='ocr_par' dir='ltr' id='par_1_3' title="bbox 289 1504 1590 1610">
     <span class='ocr_line' id='line_1_10' title="bbox 289 1525 1472 1610; baseline -0.005 -21"><span class='ocrx_word' id='word_1_72' title='bbox 289 1525 461 1589; x_wconf 88' lang='lat' dir='ltr'>testimonia</span> <span class='ocrx_word' id='word_1_73' title='bbox 472 1526 675 1589; x_wconf 91' lang='lat' dir='ltr'>clamaverunt</span> <span class='ocrx_word' id='word_1_74' title='bbox 681 1526 729 1610; x_wconf 84' lang='lat' dir='ltr'>b),</span> <span class='ocrx_word' id='word_1_75' title='bbox 743 1528 782 1590; x_wconf 91' lang='lat' dir='ltr'>ad</span> <span class='ocrx_word' id='word_1_76' title='bbox 795 1527 976 1593; x_wconf 90' lang='lat' dir='ltr'>celebranda</span> <span class='ocrx_word' id='word_1_77' title='bbox 989 1527 1214 1591; x_wconf 84' lang='lat' dir='ltr'>reformacionis</span> <span class='ocrx_word' id='word_1_78' title='bbox 1227 1526 1364 1610; x_wconf 82' lang='lat' dir='ltr'>predicte</span> <span class='ocrx_word' id='word_1_79' title='bbox 1375 1525 1472 1587; x_wconf 84' lang='lat' dir='ltr'>festiva</span> 
     </span>
    </p>
   </div>
   <div class='ocr_carea' id='block_1_4' title="bbox 290 1634 1476 2373">
    <p class='ocr_par' dir='ltr' id='par_1_4' title="bbox 290 1634 1476 2373">
     <span class='ocr_line' id='line_1_11' title="bbox 290 1634 1472 1716; baseline 0.004 -19"><span class='ocrx_word' id='word_1_80' title='bbox 290 1635 467 1716; x_wconf 89' lang='lat' dir='ltr'>sollempnia</span> <span class='ocrx_word' id='word_1_81' title='bbox 480 1634 625 1716; x_wconf 82' lang='lat' dir='ltr'>hylariter</span> <span class='ocrx_word' id='word_1_82' title='bbox 638 1634 822 1716; x_wconf 88' lang='lat' dir='ltr'>providimus</span> <span class='ocrx_word' id='word_1_83' title='bbox 847 1636 1041 1707; x_wconf 85' lang='lat' dir='ltr'>invitandum,</span> <span class='ocrx_word' id='word_1_84' title='bbox 1063 1634 1199 1700; x_wconf 85' lang='lat' dir='ltr'>fidelitati</span> <span class='ocrx_word' id='word_1_85' title='bbox 1221 1641 1272 1698; x_wconf 90' lang='lat' dir='ltr'>tue</span> <span class='ocrx_word' id='word_1_86' title='bbox 1296 1635 1472 1701; x_wconf 77' lang='lat' dir='ltr'>mandantes,</span> 
     </span>
     <span class='ocr_line' id='line_1_12' title="bbox 291 1744 1474 1827; baseline -0.002 -22"><span class='ocrx_word' id='word_1_87' title='bbox 291 1748 437 1827; x_wconf 88' lang='lat' dir='ltr'>quatenus</span> <span class='ocrx_word' id='word_1_88' title='bbox 456 1744 492 1805; x_wconf 90' lang='lat' dir='ltr'>de</span> <span class='ocrx_word' id='word_1_89' title='bbox 508 1745 610 1805; x_wconf 85' lang='lat' dir='ltr'>favore</span> <span class='ocrx_word' id='word_1_90' title='bbox 627 1747 730 1805; x_wconf 91' lang='lat' dir='ltr'>nostro</span> <span class='ocrx_word' id='word_1_91' title='bbox 749 1747 779 1804; x_wconf 92' lang='lat' dir='ltr'>et</span> <span class='ocrx_word' id='word_1_92' title='bbox 794 1745 900 1826; x_wconf 83' lang='lat' dir='ltr'>gracia</span> <span class='ocrx_word' id='word_1_93' title='bbox 916 1765 1041 1808; x_wconf 88' lang='lat' dir='ltr'>securus</span> <span class='ocrx_word' id='word_1_94' title='bbox 1058 1745 1096 1806; x_wconf 94' lang='lat' dir='ltr'>ad</span> <span class='ocrx_word' id='word_1_95' title='bbox 1113 1744 1264 1806; x_wconf 83' lang='lat' dir='ltr'>civitatem</span> <span class='ocrx_word' id='word_1_96' title='bbox 1281 1744 1380 1825; x_wconf 88' lang='lat' dir='ltr'>ipsam</span> <span class='ocrx_word' id='word_1_97' title='bbox 1395 1762 1474 1805; x_wconf 89' lang='lat' dir='ltr'>acee-</span> 
     </span>
     <span class='ocr_line' id='line_1_13' title="bbox 292 1849 1475 1934; baseline -0.002 -21"><span class='ocrx_word' id='word_1_98' title='bbox 292 1851 357 1921; x_wconf 69' lang='lat' dir='ltr'>daa</span> <span class='ocrx_word' id='word_1_99' title='bbox 380 1854 518 1913; x_wconf 88' lang='lat' dir='ltr'>recturus</span> <span class='ocrx_word' id='word_1_100' title='bbox 541 1849 652 1913; x_wconf 89' lang='lat' dir='ltr'>ibidem</span> <span class='ocrx_word' id='word_1_101' title='bbox 670 1851 801 1914; x_wconf 89' lang='lat' dir='ltr'>studium</span> <span class='ocrx_word' id='word_1_102' title='bbox 824 1853 965 1934; x_wconf 86' lang='lat' dir='ltr'>generale</span> <span class='ocrx_word' id='word_1_103' title='bbox 988 1852 1026 1915; x_wconf 91' lang='lat' dir='ltr'>ob</span> <span class='ocrx_word' id='word_1_104' title='bbox 1050 1856 1151 1914; x_wconf 86' lang='lat' dir='ltr'>nostre</span> <span class='ocrx_word' id='word_1_105' title='bbox 1167 1852 1374 1915; x_wconf 86' lang='lat' dir='ltr'>reverenciam</span> <span class='ocrx_word' id='word_1_106' title='bbox 1390 1850 1475 1912; x_wconf 87' lang='lat' dir='ltr'>maie·</span> 
     </span>
     <span class='ocr_line' id='line_1_14' title="bbox 291 1957 1474 2041; baseline -0.002 -20"><span class='ocrx_word' id='word_1_107' title='bbox 291 1959 387 2021; x_wconf 88' lang='lat' dir='ltr'>statis.</span> <span class='ocrx_word' id='word_1_108' title='bbox 427 1959 466 2021; x_wconf 89' lang='lat' dir='ltr'>Et</span> <span class='ocrx_word' id='word_1_109' title='bbox 493 1962 525 2020; x_wconf 92' lang='lat' dir='ltr'>ut</span> <span class='ocrx_word' id='word_1_110' title='bbox 549 1964 630 2021; x_wconf 92' lang='lat' dir='ltr'>certe</span> <span class='ocrx_word' id='word_1_111' title='bbox 660 1958 815 2040; x_wconf 81' lang='lat' dir='ltr'>concipias</span> <span class='ocrx_word' id='word_1_112' title='bbox 844 1960 882 2022; x_wconf 93' lang='lat' dir='ltr'>de</span> <span class='ocrx_word' id='word_1_113' title='bbox 898 1962 1002 2041; x_wconf 84' lang='lat' dir='ltr'>gracie</span> <span class='ocrx_word' id='word_1_114' title='bbox 1025 1966 1125 2023; x_wconf 91' lang='lat' dir='ltr'>nostre</span> <span class='ocrx_word' id='word_1_115' title='bbox 1142 1959 1322 2023; x_wconf 88' lang='lat' dir='ltr'>liberalitate</span> <span class='ocrx_word' id='word_1_116' title='bbox 1334 1957 1474 2027; x_wconf 88' lang='lat' dir='ltr'>fiduciam,</span> 
     </span>
     <span class='ocr_line' id='line_1_15' title="bbox 290 2065 1475 2150; baseline 0 -22"><span class='ocrx_word' id='word_1_117' title='bbox 290 2065 415 2130; x_wconf 88' lang='lat' dir='ltr'>firmiter</span> <span class='ocrx_word' id='word_1_118' title='bbox 425 2067 561 2129; x_wconf 89' lang='lat' dir='ltr'>volumus</span> <span class='ocrx_word' id='word_1_119' title='bbox 577 2072 608 2128; x_wconf 93' lang='lat' dir='ltr'>te</span> <span class='ocrx_word' id='word_1_120' title='bbox 624 2071 738 2137; x_wconf 90' lang='lat' dir='ltr'>tenere,</span> <span class='ocrx_word' id='word_1_121' title='bbox 761 2067 842 2148; x_wconf 91' lang='lat' dir='ltr'>quod</span> <span class='ocrx_word' id='word_1_122' title='bbox 858 2068 1034 2149; x_wconf 86' lang='lat' dir='ltr'>inadventu</span> <span class='ocrx_word' id='word_1_123' title='bbox 1050 2073 1100 2130; x_wconf 94' lang='lat' dir='ltr'>tuo</span> <span class='ocrx_word' id='word_1_124' title='bbox 1118 2069 1148 2130; x_wconf 92' lang='lat' dir='ltr'>in</span> <span class='ocrx_word' id='word_1_125' title='bbox 1165 2069 1283 2150; x_wconf 86' lang='lat' dir='ltr'>signum</span> <span class='ocrx_word' id='word_1_126' title='bbox 1301 2066 1475 2130; x_wconf 90' lang='lat' dir='ltr'>fecundioris</span> 
     </span>
     <span class='ocr_line' id='line_1_16' title="bbox 291 2175 1476 2264; baseline -0.001 -25"><span class='ocrx_word' id='word_1_127' title='bbox 291 2176 420 2259; x_wconf 89' lang='lat' dir='ltr'>auspicii</span> <span class='ocrx_word' id='word_1_128' title='bbox 434 2175 490 2238; x_wconf 91' lang='lat' dir='ltr'>tibi</span> <span class='ocrx_word' id='word_1_129' title='bbox 514 2175 551 2238; x_wconf 92' lang='lat' dir='ltr'>de</span> <span class='ocrx_word' id='word_1_130' title='bbox 567 2177 667 2238; x_wconf 92' lang='lat' dir='ltr'>valore</span> <span class='ocrx_word' id='word_1_131' title='bbox 689 2197 787 2240; x_wconf 90' lang='lat' dir='ltr'>annuo</span> <span class='ocrx_word' id='word_1_132' title='bbox 805 2177 845 2239; x_wconf 83' lang='lat'>12</span> <span class='ocrx_word' id='word_1_133' title='bbox 862 2177 1018 2240; x_wconf 83' lang='lat' dir='ltr'>unciarum</span> <span class='ocrx_word' id='word_1_134' title='bbox 1033 2178 1098 2242; x_wconf 91' lang='lat' dir='ltr'>auri</span> <span class='ocrx_word' id='word_1_135' title='bbox 1115 2175 1142 2264; x_wconf 83' lang='grc'>1)</span> <span class='ocrx_word' id='word_1_136' title='bbox 1160 2184 1262 2241; x_wconf 91' lang='lat' dir='ltr'>nostra</span> <span class='ocrx_word' id='word_1_137' title='bbox 1278 2175 1476 2241; x_wconf 83' lang='lat' dir='ltr'>munificencia</span> 
     </span>
     <span class='ocr_line' id='line_1_17' title="bbox 290 2283 945 2373; baseline 0 -26"><span class='ocrx_word' id='word_1_138' title='bbox 290 2283 459 2373; x_wconf 80' lang='lat' dir='ltr'>providebit</span> <span class='ocrx_word' id='word_1_139' title='bbox 474 2283 580 2346; x_wconf 88' lang='lat' dir='ltr'>harum</span> <span class='ocrx_word' id='word_1_140' title='bbox 595 2285 766 2349; x_wconf 92' lang='lat' dir='ltr'>testimonio</span> <span class='ocrx_word' id='word_1_141' title='bbox 782 2285 945 2348; x_wconf 87' lang='lat' dir='ltr'>literarum.</span> 
     </span>
    </p>
   </div>
   <div class='ocr_carea' id='block_1_5' title="bbox 291 2446 1479 3044">
    <p class='ocr_par' dir='ltr' id='par_1_5' title="bbox 291 2446 1479 3044">
     <span class='ocr_line' id='line_1_18' title="bbox 364 2446 1477 2519; baseline 0 -21"><span class='ocrx_word' id='word_1_142' title='bbox 364 2447 523 2516; x_wconf 78' lang='lat' dir='ltr'>Ergtnnung</span> <span class='ocrx_word' id='word_1_143' title='bbox 548 2462 596 2498; x_wconf 85' lang='lat' dir='ltr'>nus</span> <span class='ocrx_word' id='word_1_144' title='bbox 621 2446 796 2501; x_wconf 79' lang='lat' dir='ltr'>uuirt-uren.</span> <span class='ocrx_word' id='word_1_145' title='bbox 823 2447 839 2499; x_wconf 92' lang='lat' dir='ltr'>l.</span> <span class='ocrx_word' id='word_1_146' title='bbox 867 2465 890 2500; x_wconf 90' lang='lat' dir='ltr'>c.</span> <span class='ocrx_word' id='word_1_147' title='bbox 919 2447 1072 2501; x_wconf 79' lang='lat' dir='ltr'>Fridericus</span> <span class='ocrx_word' id='word_1_148' title='bbox 1098 2453 1151 2501; x_wconf 90' lang='lat' dir='ltr'>etc.</span> <span class='ocrx_word' id='word_1_149' title='bbox 1184 2447 1312 2519; x_wconf 72' lang='lat' dir='ltr'>magistro</span> <span class='ocrx_word' id='word_1_150' title='bbox 1344 2451 1423 2505; x_wconf 85' lang='lat' dir='ltr'>Petro</span> <span class='ocrx_word' id='word_1_151' title='bbox 1447 2447 1477 2499; x_wconf 89' lang='lat' dir='ltr'>de</span> 
     </span>
     <span class='ocr_line' id='line_1_19' title="bbox 292 2536 1477 2610; baseline 0 -21"><span class='ocrx_word' id='word_1_152' title='bbox 292 2536 409 2590; x_wconf 82' lang='lat' dir='ltr'>Ysernia.</span> <span class='ocrx_word' id='word_1_153' title='bbox 430 2536 464 2606; x_wconf 84' lang='grc' dir='ltr'>α)</span> <span class='ocrx_word' id='word_1_154' title='bbox 484 2541 512 2589; x_wconf 89' lang='lat' dir='ltr'>et</span> <span class='ocrx_word' id='word_1_155' title='bbox 530 2538 641 2605; x_wconf 78' lang='lat' dir='ltr'>prestita</span> <span class='ocrx_word' id='word_1_156' title='bbox 662 2538 761 2592; x_wconf 88' lang='lat' dir='ltr'>dndmn</span> <span class='ocrx_word' id='word_1_157' title='bbox 780 2539 867 2593; x_wconf 82' lang='lat' dir='ltr'>felicis</span> <span class='ocrx_word' id='word_1_158' title='bbox 888 2538 1084 2607; x_wconf 74' lang='lat' dir='ltr'>recordationis</span> <span class='ocrx_word' id='word_1_159' title='bbox 1096 2539 1204 2593; x_wconf 92' lang='lat' dir='ltr'>domino</span> <span class='ocrx_word' id='word_1_160' title='bbox 1216 2539 1286 2610; x_wconf 82' lang='lat' dir='ltr'>patri</span> <span class='ocrx_word' id='word_1_161' title='bbox 1301 2544 1393 2594; x_wconf 78' lang='lat' dir='ltr'>nostro</span> <span class='ocrx_word' id='word_1_162' title='bbox 1407 2544 1477 2607; x_wconf 80' lang='lat' dir='ltr'>grata</span> 
     </span>
     <span class='ocr_line' id='line_1_20' title="bbox 292 2618 1476 2685; baseline 0 -5"><span class='ocrx_word' id='word_1_163' title='bbox 292 2626 407 2680; x_wconf 83' lang='lat' dir='ltr'>servitia.</span> <span class='ocrx_word' id='word_1_164' title='bbox 425 2655 455 2665; x_wconf 97' lang='lat'><em>-</em></span> <span class='ocrx_word' id='word_1_165' title='bbox 477 2626 513 2679; x_wconf 88' lang='lat' dir='ltr'>lm</span> <span class='ocrx_word' id='word_1_166' title='bbox 531 2624 599 2680; x_wconf 83' lang='lat' dir='ltr'>coo.</span> <span class='ocrx_word' id='word_1_167' title='bbox 619 2627 703 2682; x_wconf 83' lang='lat' dir='ltr'>Vatic.</span> <span class='ocrx_word' id='word_1_168' title='bbox 722 2627 774 2683; x_wconf 85' lang='lat' dir='ltr'>No.</span> <span class='ocrx_word' id='word_1_169' title='bbox 792 2627 865 2682; x_wconf 72' lang='grc'>1957</span> <span class='ocrx_word' id='word_1_170' title='bbox 883 2645 926 2683; x_wconf 92' lang='lat' dir='ltr'>no.</span> <span class='ocrx_word' id='word_1_171' title='bbox 940 2629 976 2682; x_wconf 78' lang='lat'>³2</span> <span class='ocrx_word' id='word_1_172' title='bbox 990 2629 1035 2683; x_wconf 84' lang='lat' dir='ltr'>bat</span> <span class='ocrx_word' id='word_1_173' title='bbox 1056 2629 1146 2682; x_wconf 84' lang='lat' dir='ltr'>dieser</span> <span class='ocrx_word' id='word_1_174' title='bbox 1159 2629 1235 2683; x_wconf 80' lang='lat' dir='ltr'>briei</span> <span class='ocrx_word' id='word_1_175' title='bbox 1245 2629 1288 2683; x_wconf 90' lang='lat' dir='ltr'>die</span> <span class='ocrx_word' id='word_1_176' title='bbox 1302 2618 1476 2685; x_wconf 81' lang='lat' dir='ltr'>Uberscbrift:</span> 
     </span>
     <span class='ocr_line' id='line_1_21' title="bbox 292 2715 1478 2788; baseline -0.001 -17"><span class='ocrx_word' id='word_1_177' title='bbox 292 2715 433 2771; x_wconf 75' lang='lat' dir='ltr'>Conmdus</span> <span class='ocrx_word' id='word_1_178' title='bbox 453 2716 501 2770; x_wconf 89' lang='lat' dir='ltr'>Dci</span> <span class='ocrx_word' id='word_1_179' title='bbox 520 2717 611 2786; x_wconf 79' lang='lat' dir='ltr'>gracia</span> <span class='ocrx_word' id='word_1_180' title='bbox 629 2716 703 2770; x_wconf 81' lang='lat' dir='ltr'>llom.</span> <span class='ocrx_word' id='word_1_181' title='bbox 724 2717 749 2770; x_wconf 92' lang='lat' dir='ltr'>in</span> <span class='ocrx_word' id='word_1_182' title='bbox 769 2734 861 2788; x_wconf 77' lang='lat' dir='ltr'>regern</span> <span class='ocrx_word' id='word_1_183' title='bbox 875 2719 978 2773; x_wconf 79' lang='lat' dir='ltr'>clectus</span> <span class='ocrx_word' id='word_1_184' title='bbox 991 2719 1141 2774; x_wconf 84' lang='lat' dir='ltr'>Jerusalem</span> <span class='ocrx_word' id='word_1_185' title='bbox 1156 2726 1185 2773; x_wconf 85' lang='lat' dir='ltr'>et</span> <span class='ocrx_word' id='word_1_186' title='bbox 1197 2718 1288 2773; x_wconf 90' lang='lat' dir='ltr'>Sicilie</span> <span class='ocrx_word' id='word_1_187' title='bbox 1302 2737 1349 2773; x_wconf 85' lang='lat' dir='ltr'>rex</span> <span class='ocrx_word' id='word_1_188' title='bbox 1362 2720 1438 2773; x_wconf 88' lang='lat' dir='ltr'>Petro</span> <span class='ocrx_word' id='word_1_189' title='bbox 1449 2717 1478 2770; x_wconf 91' lang='lat' dir='ltr'>de</span> 
     </span>
     <span class='ocr_line' id='line_1_22' title="bbox 292 2804 1477 2880; baseline 0 -20"><span class='ocrx_word' id='word_1_190' title='bbox 292 2804 382 2860; x_wconf 75' lang='lat' dir='ltr'>Caroli</span> <span class='ocrx_word' id='word_1_191' title='bbox 403 2811 454 2859; x_wconf 84' lang='lat' dir='ltr'>etc.</span> <span class='ocrx_word' id='word_1_192' title='bbox 472 2806 563 2877; x_wconf 69' lang='lat' dir='ltr'>Vergl.</span> <span class='ocrx_word' id='word_1_193' title='bbox 582 2808 660 2860; x_wconf 76' lang='lat' dir='ltr'>Perta</span> <span class='ocrx_word' id='word_1_194' title='bbox 678 2808 776 2862; x_wconf 77' lang='lat' dir='ltr'>Archiv</span> <span class='ocrx_word' id='word_1_195' title='bbox 795 2810 825 2868; x_wconf 87' lang='lat' dir='ltr'>V,</span> <span class='ocrx_word' id='word_1_196' title='bbox 844 2808 905 2862; x_wconf 82' lang='grc'>379.</span> <span class='ocrx_word' id='word_1_197' title='bbox 927 2810 997 2863; x_wconf 85' lang='lat' dir='ltr'>Petr.</span> <span class='ocrx_word' id='word_1_198' title='bbox 1012 2810 1045 2864; x_wconf 91' lang='lat' dir='ltr'>de</span> <span class='ocrx_word' id='word_1_199' title='bbox 1060 2809 1115 2863; x_wconf 87' lang='lat' dir='ltr'>Vin.</span> <span class='ocrx_word' id='word_1_200' title='bbox 1129 2809 1154 2872; x_wconf 84' lang='lat'>3,</span> <span class='ocrx_word' id='word_1_201' title='bbox 1170 2810 1204 2864; x_wconf 90' lang='grc'>10</span> <span class='ocrx_word' id='word_1_202' title='bbox 1217 2810 1343 2880; x_wconf 77' lang='lat' dir='ltr'>magistro</span> <span class='ocrx_word' id='word_1_203' title='bbox 1357 2813 1434 2865; x_wconf 84' lang='lat' dir='ltr'>Petro</span> <span class='ocrx_word' id='word_1_204' title='bbox 1446 2809 1477 2861; x_wconf 89' lang='lat' dir='ltr'>de</span> 
     </span>
     <span class='ocr_line' id='line_1_23' title="bbox 291 2887 1479 2969; baseline 0.001 -18"><span class='ocrx_word' id='word_1_205' title='bbox 291 2897 424 2969; x_wconf 79' lang='lat' dir='ltr'>Hybernia</span> <span class='ocrx_word' id='word_1_206' title='bbox 446 2896 480 2948; x_wconf 93' lang='lat' dir='ltr'>de</span> <span class='ocrx_word' id='word_1_207' title='bbox 503 2898 593 2951; x_wconf 80' lang='lat' dir='ltr'>studio</span> <span class='ocrx_word' id='word_1_208' title='bbox 606 2897 790 2967; x_wconf 80' lang='lat' dir='ltr'>Neapolitano.</span> <span class='ocrx_word' id='word_1_209' title='bbox 815 2928 847 2939; x_wconf 91' lang='lat'>-</span> <span class='ocrx_word' id='word_1_210' title='bbox 868 2887 940 2953; x_wconf 88' lang='lat' dir='ltr'>llber</span> <span class='ocrx_word' id='word_1_211' title='bbox 963 2899 1007 2954; x_wconf 86' lang='lat' dir='ltr'>die</span> <span class='ocrx_word' id='word_1_212' title='bbox 1029 2901 1117 2955; x_wconf 87' lang='lat' dir='ltr'>Sacbe</span> <span class='ocrx_word' id='word_1_213' title='bbox 1140 2900 1214 2954; x_wconf 83' lang='lat' dir='ltr'>siebe</span> <span class='ocrx_word' id='word_1_214' title='bbox 1236 2901 1285 2954; x_wconf 80' lang='lat' dir='ltr'>Ed.</span> <span class='ocrx_word' id='word_1_215' title='bbox 1305 2900 1479 2955; x_wconf 76' lang='lat' dir='ltr'>Wrulrlmann</span> 
     </span>
     <span class='ocr_line' id='line_1_24' title="bbox 292 2986 1009 3044; baseline 0.003 -2"><span class='ocrx_word' id='word_1_216' title='bbox 292 2987 389 3042; x_wconf 83' lang='lat' dir='ltr'>Gescb.</span> <span class='ocrx_word' id='word_1_217' title='bbox 402 2986 562 3041; x_wconf 78' lang='lat' dir='ltr'>Friedricb&#39;s</span> <span class='ocrx_word' id='word_1_218' title='bbox 575 2988 607 3040; x_wconf 91' lang='lat' dir='ltr'>ll.</span> <span class='ocrx_word' id='word_1_219' title='bbox 621 2988 673 3041; x_wconf 92' lang='lat' dir='ltr'>und</span> <span class='ocrx_word' id='word_1_220' title='bbox 689 2988 776 3042; x_wconf 87' lang='lat' dir='ltr'>seiner</span> <span class='ocrx_word' id='word_1_221' title='bbox 789 2989 890 3043; x_wconf 84' lang='lat' dir='ltr'>Reicbe</span> <span class='ocrx_word' id='word_1_222' title='bbox 905 2993 932 3043; x_wconf 91' lang='lat' dir='ltr'>S.</span> <span class='ocrx_word' id='word_1_223' title='bbox 948 2990 1009 3044; x_wconf 86' lang='grc'><strong>184.</strong></span> 
     </span>
    </p>
   </div>
   <div class='ocr_carea' id='block_1_6' title="bbox 864 3136 1037 3248">
    <p class='ocr_par' dir='ltr' id='par_1_6' title="bbox 864 3136 1037 3248">
     <span class='ocr_line' id='line_1_25' title="bbox 864 3136 1037 3248; baseline 0.006 -1"><span class='ocrx_word' id='word_1_224' title='bbox 864 3178 928 3248; x_wconf 78' lang='lat' dir='ltr'>oa.</span> <span class='ocrx_word' id='word_1_225' title='bbox 1030 3136 1037 3149; x_wconf 67' lang='grc'>’</span> 
     </span>
    </p>
   </div>
   <div class='ocr_carea' id='block_1_7' title="bbox 472 3314 1298 3402">
    <p class='ocr_par' dir='ltr' id='par_1_7' title="bbox 472 3314 1298 3402">
     <span class='ocr_line' id='line_1_26' title="bbox 472 3314 1298 3402; baseline 0.004 -24"><span class='ocrx_word' id='word_1_226' title='bbox 472 3314 666 3380; x_wconf 68' lang='lat' dir='ltr'>Romanorum</span> <span class='ocrx_word' id='word_1_227' title='bbox 681 3336 736 3380; x_wconf 79' lang='lat' dir='ltr'>rex</span> <span class='ocrx_word' id='word_1_228' title='bbox 751 3317 788 3380; x_wconf 88' lang='lat' dir='ltr'>de</span> <span class='ocrx_word' id='word_1_229' title='bbox 803 3318 1001 3383; x_wconf 80' lang='lat' dir='ltr'>trstltnelene</span> <span class='ocrx_word' id='word_1_230' title='bbox 1017 3320 1087 3382; x_wconf 87' lang='lat' dir='ltr'>novt</span> <span class='ocrx_word' id='word_1_231' title='bbox 1101 3322 1231 3402; x_wconf 79' lang='lat' dir='ltr'>pastoris</span> <span class='ocrx_word' id='word_1_232' title='bbox 1249 3319 1298 3402; x_wconf 87' lang='lat' dir='ltr'>c).</span> 
     </span>
    </p>
   </div>
   <div class='ocr_carea' id='block_1_8' title="bbox 292 3470 1479 3640">
    <p class='ocr_par' dir='ltr' id='par_1_8' title="bbox 292 3470 1479 3640">
     <span class='ocr_line' id='line_1_27' title="bbox 292 3470 1479 3549; baseline 0.004 -24"><span class='ocrx_word' id='word_1_233' title='bbox 292 3470 343 3525; x_wconf 78' lang='lat' dir='ltr'>nin</span> <span class='ocrx_word' id='word_1_234' title='bbox 355 3471 442 3544; x_wconf 74' lang='lat' dir='ltr'>Kdnr&#39;p</span> <span class='ocrx_word' id='word_1_235' title='bbox 460 3473 556 3527; x_wconf 70' lang='lat' dir='ltr'>drdrlrt</span> <span class='ocrx_word' id='word_1_236' title='bbox 573 3473 726 3549; x_wconf 76' lang='lat' dir='ltr'>demandent</span> <span class='ocrx_word' id='word_1_237' title='bbox 744 3473 820 3529; x_wconf 81' lang='lat' dir='ltr'>aeine</span> <span class='ocrx_word' id='word_1_238' title='bbox 837 3476 941 3530; x_wconf 82' lang='lat' dir='ltr'>Frende</span> <span class='ocrx_word' id='word_1_239' title='bbox 954 3477 1073 3532; x_wconf 80' lang='lat' dir='ltr'>derildcr</span> <span class='ocrx_word' id='word_1_240' title='bbox 1090 3496 1151 3544; x_wconf 84' lang='lat' dir='ltr'>aua,</span> <span class='ocrx_word' id='word_1_241' title='bbox 1169 3481 1234 3533; x_wconf 83' lang='lat' dir='ltr'>doec</span> <span class='ocrx_word' id='word_1_242' title='bbox 1252 3479 1306 3534; x_wconf 74' lang='lat' dir='ltr'>ilem</span> <span class='ocrx_word' id='word_1_243' title='bbox 1320 3481 1366 3535; x_wconf 80' lang='lat' dir='ltr'>die</span> <span class='ocrx_word' id='word_1_244' title='bbox 1377 3481 1479 3548; x_wconf 77' lang='lat' dir='ltr'>Leituop</span> 
     </span>
     <span class='ocr_line' id='line_1_28' title="bbox 644 3563 1478 3640; baseline 0.008 -22"><span class='ocrx_word' id='word_1_245' title='bbox 644 3564 718 3618; x_wconf 85' lang='lat' dir='ltr'>einer</span> <span class='ocrx_word' id='word_1_246' title='bbox 730 3563 831 3620; x_wconf 80' lang='lat' dir='ltr'>Kircbe</span> <span class='ocrx_word' id='word_1_247' title='bbox 843 3566 1002 3640; x_wconf 70' lang='lat' dir='ltr'>ildertrapen</span> <span class='ocrx_word' id='word_1_248' title='bbox 1015 3569 1131 3622; x_wconf 78' lang='lat' dir='ltr'>worden.</span> <span class='ocrx_word' id='word_1_249' title='bbox 1475 3572 1478 3577; x_wconf 56' lang='lat'><strong>⁴</strong></span> 
     </span>
    </p>
   </div>
   <div class='ocr_carea' id='block_1_9' title="bbox 288 3672 1478 4195">
    <p class='ocr_par' dir='ltr' id='par_1_9' title="bbox 288 3672 1478 4195">
     <span class='ocr_line' id='line_1_29' title="bbox 381 3672 1478 3764; baseline 0.005 -30"><span class='ocrx_word' id='word_1_250' title='bbox 381 3672 467 3736; x_wconf 90' lang='lat' dir='ltr'>Licet</span> <span class='ocrx_word' id='word_1_251' title='bbox 484 3673 515 3736; x_wconf 94' lang='lat' dir='ltr'>in</span> <span class='ocrx_word' id='word_1_252' title='bbox 531 3673 687 3736; x_wconf 90' lang='lat' dir='ltr'>latitudine</span> <span class='ocrx_word' id='word_1_253' title='bbox 703 3673 853 3738; x_wconf 89' lang='lat' dir='ltr'>libertatis</span> <span class='ocrx_word' id='word_1_254' title='bbox 872 3677 1016 3740; x_wconf 89' lang='lat' dir='ltr'>naturalis</span> <span class='ocrx_word' id='word_1_255' title='bbox 1035 3677 1077 3764; x_wconf 85' lang='lat' dir='ltr'>d)</span> <span class='ocrx_word' id='word_1_256' title='bbox 1096 3679 1234 3742; x_wconf 90' lang='lat' dir='ltr'>condicio</span> <span class='ocrx_word' id='word_1_257' title='bbox 1253 3678 1383 3742; x_wconf 90' lang='lat' dir='ltr'>bumana</span> <span class='ocrx_word' id='word_1_258' title='bbox 1408 3697 1478 3761; x_wconf 84' lang='lat' dir='ltr'>gau·</span> 
     </span>
     <span class='ocr_line' id='line_1_30' title="bbox 291 3780 1472 3871; baseline 0.003 -29"><span class='ocrx_word' id='word_1_259' title='bbox 291 3780 360 3843; x_wconf 88' lang='lat' dir='ltr'>dent</span> <span class='ocrx_word' id='word_1_260' title='bbox 372 3780 420 3863; x_wconf 80' lang='lat' dir='ltr'>e),</span> <span class='ocrx_word' id='word_1_261' title='bbox 433 3782 573 3865; x_wconf 87' lang='lat' dir='ltr'>quoniam</span> <span class='ocrx_word' id='word_1_262' title='bbox 577 3782 616 3869; x_wconf 81' lang='lat' dir='ltr'>f)</span> <span class='ocrx_word' id='word_1_263' title='bbox 624 3788 723 3847; x_wconf 90' lang='lat' dir='ltr'>tamen</span> <span class='ocrx_word' id='word_1_264' title='bbox 734 3785 911 3867; x_wconf 91' lang='lat' dir='ltr'>plerumque</span> <span class='ocrx_word' id='word_1_265' title='bbox 917 3785 969 3871; x_wconf 75' lang='lat' dir='ltr'>p),</span> <span class='ocrx_word' id='word_1_266' title='bbox 984 3786 1118 3848; x_wconf 85' lang='lat' dir='ltr'>examine</span> <span class='ocrx_word' id='word_1_267' title='bbox 1131 3788 1261 3850; x_wconf 91' lang='lat' dir='ltr'>racionis</span> <span class='ocrx_word' id='word_1_268' title='bbox 1276 3787 1418 3858; x_wconf 90' lang='lat' dir='ltr'>obmisso,</span> <span class='ocrx_word' id='word_1_269' title='bbox 1445 3787 1472 3847; x_wconf 94' lang='lat' dir='ltr'>in</span> 
     </span>
     <span class='ocr_line' id='line_1_31' title="bbox 291 3889 1475 3978; baseline 0.003 -28"><span class='ocrx_word' id='word_1_270' title='bbox 291 3889 485 3972; x_wconf 85' lang='lat' dir='ltr'>precipicium</span> <span class='ocrx_word' id='word_1_271' title='bbox 496 3909 638 3972; x_wconf 89' lang='lat' dir='ltr'>perverse</span> <span class='ocrx_word' id='word_1_272' title='bbox 654 3890 764 3954; x_wconf 91' lang='lat' dir='ltr'>labitur</span> <span class='ocrx_word' id='word_1_273' title='bbox 775 3893 937 3957; x_wconf 87' lang='lat' dir='ltr'>voluntatis</span> <span class='ocrx_word' id='word_1_274' title='bbox 949 3892 1000 3978; x_wconf 82' lang='lat' dir='ltr'>b),</span> <span class='ocrx_word' id='word_1_275' title='bbox 1014 3895 1115 3958; x_wconf 86' lang='lat' dir='ltr'>datum</span> <span class='ocrx_word' id='word_1_276' title='bbox 1128 3901 1185 3966; x_wconf 74' lang='lat' dir='ltr'>est,</span> <span class='ocrx_word' id='word_1_277' title='bbox 1199 3902 1231 3959; x_wconf 89' lang='lat' dir='ltr'>ut</span> <span class='ocrx_word' id='word_1_278' title='bbox 1243 3896 1371 3960; x_wconf 90' lang='lat' dir='ltr'>vinculis</span> <span class='ocrx_word' id='word_1_279' title='bbox 1391 3894 1475 3957; x_wconf 86' lang='lat' dir='ltr'>disci·</span> 
     </span>
     <span class='ocr_line' id='line_1_32' title="bbox 288 3998 1474 4091; baseline 0.003 -32"><span class='ocrx_word' id='word_1_280' title='bbox 288 3998 371 4080; x_wconf 91' lang='lat' dir='ltr'>&#39;pline</span> <span class='ocrx_word' id='word_1_281' title='bbox 385 4000 526 4061; x_wconf 84' lang='lat' dir='ltr'>restricta</span> <span class='ocrx_word' id='word_1_282' title='bbox 542 3998 597 4062; x_wconf 92' lang='lat' dir='ltr'>sub</span> <span class='ocrx_word' id='word_1_283' title='bbox 615 4000 791 4064; x_wconf 89' lang='lat' dir='ltr'>obediencie</span> <span class='ocrx_word' id='word_1_284' title='bbox 805 4001 876 4084; x_wconf 87' lang='lat' dir='ltr'>iugo</span> <span class='ocrx_word' id='word_1_285' title='bbox 894 4002 970 4064; x_wconf 88' lang='lat' dir='ltr'>colla</span> <span class='ocrx_word' id='word_1_286' title='bbox 986 4006 1020 4089; x_wconf 80' lang='lat' dir='ltr'>i)</span> <span class='ocrx_word' id='word_1_287' title='bbox 1036 4008 1129 4084; x_wconf 90' lang='lat' dir='ltr'>ponat</span> <span class='ocrx_word' id='word_1_288' title='bbox 1146 4010 1175 4066; x_wconf 92' lang='lat' dir='ltr'>et</span> <span class='ocrx_word' id='word_1_289' title='bbox 1190 4005 1231 4091; x_wconf 80' lang='lat' dir='ltr'>lc)</span> <span class='ocrx_word' id='word_1_290' title='bbox 1249 4004 1299 4067; x_wconf 91' lang='lat' dir='ltr'>hic</span> <span class='ocrx_word' id='word_1_291' title='bbox 1315 4006 1474 4088; x_wconf 81' lang='lat' dir='ltr'>preferatur</span> 
     </span>
     <span class='ocr_line' id='line_1_33' title="bbox 292 4107 1475 4195; baseline 0.001 -26"><span class='ocrx_word' id='word_1_292' title='bbox 292 4107 380 4171; x_wconf 92' lang='lat' dir='ltr'>bomo</span> <span class='ocrx_word' id='word_1_293' title='bbox 402 4107 573 4171; x_wconf 88' lang='lat' dir='ltr'>hominibus</span> <span class='ocrx_word' id='word_1_294' title='bbox 596 4107 634 4170; x_wconf 88' lang='lat' dir='ltr'>ad</span> <span class='ocrx_word' id='word_1_295' title='bbox 653 4115 750 4171; x_wconf 90' lang='lat' dir='ltr'>motus</span> <span class='ocrx_word' id='word_1_296' title='bbox 767 4109 887 4172; x_wconf 90' lang='lat' dir='ltr'>illicitos</span> <span class='ocrx_word' id='word_1_297' title='bbox 903 4110 935 4195; x_wconf 82' lang='lat'>1)</span> <span class='ocrx_word' id='word_1_298' title='bbox 952 4109 1023 4171; x_wconf 91' lang='lat' dir='ltr'>loris</span> <span class='ocrx_word' id='word_1_299' title='bbox 1039 4110 1157 4174; x_wconf 88' lang='lat' dir='ltr'>iusticie</span> <span class='ocrx_word' id='word_1_300' title='bbox 1173 4113 1378 4175; x_wconf 82' lang='lat' dir='ltr'>refrenandos.</span> <span class='ocrx_word' id='word_1_301' title='bbox 1407 4111 1475 4174; x_wconf 92' lang='lat' dir='ltr'>Hinc</span> 
     </span>
    </p>
   </div>
   <div class='ocr_carea' id='block_1_10' title="bbox 291 4235 1479 4575">
    <p class='ocr_par' dir='ltr' id='par_1_10' title="bbox 291 4235 1479 4575">
     <span class='ocr_line' id='line_1_34' title="bbox 382 4235 1477 4311; baseline -0.001 -21"><span class='ocrx_word' id='word_1_302' title='bbox 382 4238 417 4306; x_wconf 83' lang='lat' dir='ltr'>a)</span> <span class='ocrx_word' id='word_1_303' title='bbox 440 4241 530 4289; x_wconf 85' lang='lat' dir='ltr'>nostre</span> <span class='ocrx_word' id='word_1_304' title='bbox 546 4235 575 4288; x_wconf 89' lang='lat' dir='ltr'>V.</span> <span class='ocrx_word' id='word_1_305' title='bbox 591 4266 623 4275; x_wconf 94' lang='lat'>—</span> <span class='ocrx_word' id='word_1_306' title='bbox 638 4235 670 4302; x_wconf 83' lang='lat' dir='ltr'>b)</span> <span class='ocrx_word' id='word_1_307' title='bbox 684 4236 837 4289; x_wconf 86' lang='lat' dir='ltr'>claruerunt</span> <span class='ocrx_word' id='word_1_308' title='bbox 850 4237 938 4290; x_wconf 78' lang='lat' dir='ltr'>u-ur.</span> <span class='ocrx_word' id='word_1_309' title='bbox 956 4267 981 4275; x_wconf 88' lang='lat'>-</span> <span class='ocrx_word' id='word_1_310' title='bbox 1000 4238 1031 4304; x_wconf 86' lang='lat' dir='ltr'>e)</span> <span class='ocrx_word' id='word_1_311' title='bbox 1050 4239 1190 4294; x_wconf 62' lang='grc'><strong>101111-</strong></span> <span class='ocrx_word' id='word_1_312' title='bbox 1206 4243 1241 4311; x_wconf 89' lang='lat' dir='ltr'>d)</span> <span class='ocrx_word' id='word_1_313' title='bbox 1258 4243 1410 4295; x_wconf 84' lang='lat' dir='ltr'>naturaliter</span> <span class='ocrx_word' id='word_1_314' title='bbox 1427 4239 1477 4292; x_wconf 78' lang='lat' dir='ltr'>lot.</span> 
     </span>
     <span class='ocr_line' id='line_1_35' title="bbox 292 4324 1475 4403; baseline 0.003 -23"><span class='ocrx_word' id='word_1_315' title='bbox 292 4326 327 4380; x_wconf 77' lang='grc'>57</span> <span class='ocrx_word' id='word_1_316' title='bbox 345 4327 400 4380; x_wconf 89' lang='lat' dir='ltr'>und</span> <span class='ocrx_word' id='word_1_317' title='bbox 416 4326 461 4379; x_wconf 80' lang='lat'>82.</span> <span class='ocrx_word' id='word_1_318' title='bbox 477 4358 507 4368; x_wconf 97' lang='lat'><em>-</em></span> <span class='ocrx_word' id='word_1_319' title='bbox 522 4327 554 4394; x_wconf 86' lang='lat' dir='ltr'>e)</span> <span class='ocrx_word' id='word_1_320' title='bbox 573 4327 675 4396; x_wconf 85' lang='lat' dir='ltr'>aspiret</span> <span class='ocrx_word' id='word_1_321' title='bbox 691 4324 736 4380; x_wconf 82' lang='lat'>82.</span> <span class='ocrx_word' id='word_1_322' title='bbox 753 4355 781 4364; x_wconf 94' lang='lat'>-</span> <span class='ocrx_word' id='word_1_323' title='bbox 795 4324 827 4396; x_wconf 82' lang='lat' dir='ltr'>f)</span> <span class='ocrx_word' id='word_1_324' title='bbox 842 4327 912 4396; x_wconf 91' lang='lat' dir='ltr'>quod</span> <span class='ocrx_word' id='word_1_325' title='bbox 927 4328 962 4380; x_wconf 75' lang='grc'>87</span> <span class='ocrx_word' id='word_1_326' title='bbox 975 4328 1029 4381; x_wconf 94' lang='lat' dir='ltr'>und</span> <span class='ocrx_word' id='word_1_327' title='bbox 1042 4330 1086 4382; x_wconf 79' lang='lat'>82.</span> <span class='ocrx_word' id='word_1_328' title='bbox 1102 4359 1133 4368; x_wconf 90' lang='lat'>-</span> <span class='ocrx_word' id='word_1_329' title='bbox 1146 4334 1181 4401; x_wconf 78' lang='lat'>9)</span> <span class='ocrx_word' id='word_1_330' title='bbox 1197 4331 1377 4403; x_wconf 84' lang='lat' dir='ltr'>utplurimum</span> <span class='ocrx_word' id='word_1_331' title='bbox 1389 4331 1434 4385; x_wconf 76' lang='lat'>82.</span> <span class='ocrx_word' id='word_1_332' title='bbox 1452 4358 1475 4366; x_wconf 90' lang='lat'>-</span> 
     </span>
     <span class='ocr_line' id='line_1_36' title="bbox 291 4417 1479 4493; baseline -0.002 -21"><span class='ocrx_word' id='word_1_333' title='bbox 291 4419 325 4486; x_wconf 78' lang='lat' dir='ltr'>lt)</span> <span class='ocrx_word' id='word_1_334' title='bbox 344 4420 508 4472; x_wconf 83' lang='lat' dir='ltr'>voluntatum</span> <span class='ocrx_word' id='word_1_335' title='bbox 521 4419 565 4472; x_wconf 78' lang='lat'>57.</span> <span class='ocrx_word' id='word_1_336' title='bbox 576 4447 609 4456; x_wconf 95' lang='lat'><em>-</em></span> <span class='ocrx_word' id='word_1_337' title='bbox 620 4418 646 4485; x_wconf 69' lang='lat' dir='ltr'>r)</span> <span class='ocrx_word' id='word_1_338' title='bbox 660 4418 729 4471; x_wconf 92' lang='lat' dir='ltr'>collo</span> <span class='ocrx_word' id='word_1_339' title='bbox 742 4417 772 4471; x_wconf 82' lang='lat' dir='ltr'>V.</span> <span class='ocrx_word' id='word_1_340' title='bbox 787 4447 821 4456; x_wconf 94' lang='lat'>-</span> <span class='ocrx_word' id='word_1_341' title='bbox 834 4418 869 4485; x_wconf 80' lang='lat' dir='ltr'>lr)</span> <span class='ocrx_word' id='word_1_342' title='bbox 880 4420 977 4473; x_wconf 89' lang='lat' dir='ltr'>collum</span> <span class='ocrx_word' id='word_1_343' title='bbox 989 4426 1113 4489; x_wconf 90' lang='lat' dir='ltr'>ponatur,</span> <span class='ocrx_word' id='word_1_344' title='bbox 1128 4428 1157 4474; x_wconf 90' lang='lat' dir='ltr'>ut</span> <span class='ocrx_word' id='word_1_345' title='bbox 1172 4420 1249 4476; x_wconf 84' lang='lat' dir='ltr'>borno</span> <span class='ocrx_word' id='word_1_346' title='bbox 1274 4425 1419 4493; x_wconf 80' lang='lat' dir='ltr'>preferatur</span> <span class='ocrx_word' id='word_1_347' title='bbox 1437 4418 1479 4471; x_wconf 80' lang='lat'>82.</span> 
     </span>
     <span class='ocr_line' id='line_1_37' title="bbox 296 4507 658 4575; baseline -0.006 -13"><span class='ocrx_word' id='word_1_348' title='bbox 296 4541 324 4550; x_wconf 89' lang='lat'>-</span> <span class='ocrx_word' id='word_1_349' title='bbox 340 4510 367 4575; x_wconf 86' lang='lat' dir='ltr'>l)</span> <span class='ocrx_word' id='word_1_350' title='bbox 381 4507 495 4562; x_wconf 83' lang='lat' dir='ltr'>admotis</span> <span class='ocrx_word' id='word_1_351' title='bbox 507 4508 607 4561; x_wconf 82' lang='lat' dir='ltr'>illicitis</span> <span class='ocrx_word' id='word_1_352' title='bbox 630 4508 658 4560; x_wconf 83' lang='lat' dir='ltr'>V.</span> 
     </span>
    </p>
   </div>
   <div class='ocr_carea' id='block_1_11' title="bbox 319 4695 626 4756">
    <p class='ocr_par' dir='ltr' id='par_1_11' title="bbox 319 4695 626 4756">
     <span class='ocr_line' id='line_1_38' title="bbox 319 4695 626 4756; baseline -0.016 -11"><span class='ocrx_word' id='word_1_353' title='bbox 319 4695 341 4754; x_wconf 86' lang='lat'>¹)</span> <span class='ocrx_word' id='word_1_354' title='bbox 360 4698 440 4756; x_wconf 78' lang='lat' dir='ltr'>gleiob</span> <span class='ocrx_word' id='word_1_355' title='bbox 454 4697 515 4742; x_wconf 73' lang='lat'>1332</span> <span class='ocrx_word' id='word_1_356' title='bbox 529 4697 626 4741; x_wconf 79' lang='lat' dir='ltr'>Franco.</span> 
     </span>
    </p>
   </div>
   <div class='ocr_carea' id='block_1_12' title="bbox 0 0 1617 5392">
    <p class='ocr_par' dir='ltr' id='par_1_12' title="bbox 0 0 1617 5392">
     <span class='ocr_line' id='line_1_39' title="bbox 0 0 1617 5392; baseline 0 0"><span class='ocrx_word' id='word_1_357' title='bbox 0 0 1617 5392; x_wconf 95' lang='lat' dir='ltr'> </span> 
     </span>
    </p>
   </div>
  </div>
 </body>
</html>
