3209 5392
735 787 800 857 w.

557 960 618 1024 Rex
634 961 666 1025 ll.
683 962 876 1025 Romanorum
892 965 964 1043 regi.

660 1122 740 1178 1278.
755 1123 863 1178 Vienne.

163 1265 250 1337 lr'dnip
263 1263 376 1335 «liudolf
393 1266 466 1322 tuter
487 1266 539 1321 den
561 1267 650 1338 Koniq
671 1268 819 1322 Lodialaua
841 1285 890 1322 con
920 1270 1027 1340 (inpare
1053 1285 1097 1323 am
1124 1267 1253 1321 Beieiond
1274 1283 1360 1339 yeqen

656 1358 745 1430 Konip
761 1358 870 1412 Otalccr.

257 1500 382 1561 Gerbmt,
395 1520 421 1573 p.
437 1501 497 1557 155.
513 1503 623 1565 sienne,
638 1502 700 1556 162.

254 1648 328 1711 Cum
352 1647 544 1730 interreges
569 1650 651 1712 orbis
677 1651 718 1736 a)
742 1658 772 1714 et
795 1651 949 1733 principes
973 1650 1129 1713 affinitatis
1156 1650 1306 1713 interdum
1332 1654 1362 1711 et

164 1755 302 1819 amicicie
327 1756 431 1820 federa
456 1758 683 1830 contrabuntur,
708 1764 791 1822 tanto
816 1759 937 1823 maioris
954 1760 1033 1823 inter
1050 1760 1175 1823 eosdem
1191 1757 1361 1822 affectionis

164 1865 232 1928 unio
250 1865 342 1939 debet
358 1865 464 1929 merito
482 1866 623 1937 suboriri,
647 1874 756 1951 quanto
781 1867 911 1932 maiores
928 1868 1008 1938 aliis,
1029 1868 1058 1930 in
1076 1866 1255 1931 celsioribus
1270 1867 1362 1949 positi

164 1973 294 2056 speculis
320 1974 510 2056 dignitatum,
535 1974 647 2041 debent
669 1976 865 2039 inferioribus
889 1978 1031 2040 virtutum
1048 1976 1182 2058 exempla
1200 1976 1361 2047 disserere,

164 2088 195 2145 et
223 2088 333 2164 quanto
362 2102 418 2164 per
445 2084 600 2146 unanimes
628 2084 796 2147 voluntates
833 2106 936 2148 eorum
965 2104 1022 2166 pax
1050 2083 1162 2147 firmior
1190 2083 1304 2146 crescit
1332 2083 1363 2144 in

163 2193 290 2274 populo,
322 2193 452 2256 honores
485 2194 664 2276 ampliantur
696 2196 871 2258 alterutrum
904 2188 935 2258 et
967 2215 1088 2257 suorum
1120 2193 1301 2257 roborantur
1332 2192 1363 2256 in

164 2307 318 2382 posterum
337 2301 402 2364 iura
418 2321 580 2382 regnorum
596 2308 631 2388 ί).

255 2410 336 2473 Sane
361 2416 516 2473 contracta
540 2412 620 2487 inter
643 2432 698 2474 nos
722 2410 854 2491 feliciter
878 2411 937 2473 iam
952 2411 1069 2494 pridem
1085 2412 1201 2474 alterne
1219 2411 1363 2479 connexi-

163 2518 233 2582 tatis
251 2518 432 2601 ydemptitas
446 2518 492 2580 sic
508 2539 615 2583 revera
640 2519 918 2601 inextinguibiliter
933 2520 972 2605 b)
990 2526 1036 2583 est
1052 2520 1082 2582 in
1098 2519 1210 2582 nostris
1226 2519 1363 2583 radicata

163 2627 342 2709 precordiis,
355 2627 401 2690 sic
413 2627 524 2691 intimis
539 2629 639 2693 cordis
655 2630 748 2693 nostri
763 2628 922 2692 affectibus
937 2634 984 2692 est
996 2628 1111 2692 lirmata
1118 2627 1276 2700 tenaciter,
1284 2629 1363 2712 quod

164 2736 296 2799 delectat
312 2756 366 2798 nos
384 2736 489 2818 exequi
503 2756 558 2818 per
572 2735 711 2800 ellectum
725 2736 861 2821 quitquid
874 2735 1007 2817 regalem
1019 2742 1152 2799 vestrum
1166 2735 1316 2798 demulcet
1324 2737 1363 2822 e)

164 2846 304 2917 animum,
329 2844 466 2927 quitquid
482 2850 583 2908 vestre
602 2845 769 2909 maiestatis
792 2843 958 2908 honoribus
983 2843 1120 2907 arbitrati
1145 2844 1288 2906 fuerimus
1305 2843 1361 2907 ad·

164 2952 326 3025 auctivam,
344 2953 579 3016 incommutabili
594 2954 692 3015 animo
707 2954 914 3035 disponentes,
932 2951 1181 3015 confibulacionis
1193 2952 1364 3015 huiusmodi

166 3063 317 3127 vinculum
345 3061 593 3126 indissolubiliter
622 3064 794 3126 observare.
828 3063 904 3124 Hinc
933 3068 998 3134 est,
1026 3061 1106 3145 quod
1135 3062 1180 3122 sic
1208 3067 1365 3125 contracte

167 3174 245 3237 inter
261 3193 316 3236 nos
333 3171 471 3245 amicicie
489 3172 621 3236 debiturn
646 3173 712 3237 vice
737 3173 894 3254 reciproca
918 3175 1092 3252 repetentes
1117 3192 1134 3232 a
1157 3169 1254 3241 vobis,
1278 3174 1367 3251 prout

167 3288 268 3345 vester
291 3286 470 3363 procurator
494 3287 524 3343 et
548 3282 676 3345 nuncius
701 3300 754 3343 vos
783 3280 894 3343 asserit
921 3279 1138 3362 spopondisse,
1171 3278 1366 3341 serenitatem

168 3392 284 3472 regiam
323 3389 460 3472 ampliori
502 3409 560 3472 qua
594 3410 754 3472 possumus
781 3396 910 3472 precum
936 3388 1094 3451 allectione
1123 3386 1312 3469 deposcimus
1338 3394 1368 3451 et

168 3500 339 3572 hortamur,
364 3505 511 3584 quatenus
528 3504 631 3563 mutuo
649 3498 736 3562 nobis
753 3500 783 3560 in
800 3499 912 3561 nostris
929 3495 1162 3559 necessitatibus
1181 3494 1367 3558 subveniatis

261 3664 295 3732 a)
310 3663 382 3717 urbis
395 3664 423 3716 Z.
442 3694 470 3702 —
486 3663 518 3732 b)
532 3662 749 3732 inextinguiliter
763 3663 792 3715 V.
811 3691 836 3700 -
855 3662 885 3729 c)
901 3662 1022 3715 nostrum
1035 3658 1185 3714 demulceat
1197 3660 1225 3712 Z.

171 3802 497 3813 --—--—————--

237 3883 349 3935 solliciti,
376 3882 428 3927 dum
454 3883 477 3927 in
504 3881 571 3928 nobis
597 3880 784 3927 iurisdictionem
810 3880 954 3935 imperialem
983 3877 1123 3930 vendicatis,
1141 3875 1361 3922 commissioneme

236 3968 330 4023 pactum
353 3963 421 4017 illud,
444 3978 490 4021 quo
513 3977 555 4008 rex
576 3964 731 4008 Romanorum
751 3964 789 4015 N.‚
813 3965 870 4006 tunc
887 3961 1024 4006 moderator
1044 3959 1149 4015 imperii,
1172 3972 1216 4004 uos
1239 3943 1371 4002 vonerabili

237 4047 332 4091 domino
354 4047 381 4091 N.
405 4045 515 4106 subiecit,
538 4046 572 4089 sic
596 4045 751 4089 concorditer
773 4057 825 4089 eum
848 4044 899 4101 ipso
924 4042 1053 4099 disponere
1076 4040 1214 4100 dignemini,
1238 4041 1264 4084 ut
1280 4051 1310 4083 ex
1326 4040 1372 4084 boc

238 4130 362 4186 predictus
387 4130 498 4185 princeps
523 4129 608 4175 nullam
635 4129 719 4173 contra
744 4141 789 4172 noe
812 4127 898 4173 babeat
922 4127 1053 4180 actionem,
1079 4124 1201 4181 quinimo,
1227 4135 1271 4179 pro
1297 4121 1372 4167 vestri

239 4212 346 4257 culminis
362 4212 514 4264 excellencia,
529 4211 623 4255 adiutor
637 4212 720 4255 noster
735 4211 767 4254 sit
792 4212 815 4252 in
828 4207 1007 4254 necessitatibus
1021 4206 1169 4263 opportunis.
1182 4204 1370 4249 -Gerbertlc

239 4294 322 4338 nimmt
342 4307 384 4348 an,
408 4294 450 4337 der
472 4292 539 4336 Brief
558 4293 592 4337 sei
615 4293 646 4335 im
669 4293 740 4337 lubre
764 4292 826 4336 1275
849 4302 895 4335 uon
914 4289 958 4333 den
980 4288 1124 4332 biniliindern
1145 4300 1173 4331 an
1192 4286 1271 4344 Kbnig
1288 4285 1377 4330 liudolf

239 4377 367 4435 gerieblet.
390 4376 413 4419 lu
436 4375 560 4433 dequbat
581 4373 714 4429 entspricbt
737 4374 779 4417 der
801 4373 877 4416 lnbnlt
899 4369 1025 4414 desselben
1050 4368 1127 4412 dieser
1149 4368 1274 4411 bunahme.
1292 4366 1373 4423 Vergl.
1470 4388 1473 4395 .

243 4461 317 4515 llopp.
336 4457 535 4513 Eidgenirssiscbe
551 4458 631 4502 Blande
651 4458 673 4509 1,
693 4456 738 4500 110
756 4454 778 4500 r.

205 4541 229 4601 1)
247 4542 320 4586 Einrn
343 4541 388 4586 fast
410 4541 616 4598 gleicblantenden
639 4542 746 4598 Eingaug
769 4538 812 4597 bat,
831 4539 868 4581 ein
895 4535 960 4580 Briel
979 4534 1115 4579 Friedricbs
1139 4534 1166 4577 ΙΙ.
1190 4546 1217 4576 nn
1235 4533 1279 4577 den
1297 4533 1376 4592 Kbuig

244 4636 290 4668 ron
314 4623 420 4680 England
445 4636 496 4667 rom
519 4625 589 4669 Jabre
613 4622 682 4668 1240.
699 4615 853 4668 uuirt-mdo.
873 4619 896 4673 5,
914 4617 963 4663 454
979 4616 1025 4661 und
1044 4617 1115 4660 Malo.
1134 4615 1201 4660 Pario
1218 4628 1239 4659 a.
1260 4612 1320 4658 talo
1338 4613 1373 4661 ed.

244 4707 339 4750 bondou
360 4704 421 4749 roal
437 4719 460 4762 p.
479 4704 533 4751 472.

244 4797 592 4845 contemnendarum
1122 4797 1155 4853 21
