3209 5392
1260 571 1335 643 353

142 763 214 824 loca
247 762 347 824 divino
381 763 474 824 cultui
507 763 659 832 dedicata,
692 765 825 845 benigna
856 762 1104 827 consideracione
1133 768 1278 843 reguntur
1310 768 1340 823 et

142 871 279 951 ipsorum
312 869 468 933 libertates
503 871 727 934 conservandas
759 879 789 933 et
820 873 980 934 facultates
1013 870 1167 953 augendas
1198 870 1338 952 graciosa

141 978 293 1060 protectio
310 977 480 1063 principum
497 978 655 1041 invenitur.
689 979 763 1041 Cum
786 980 863 1041 enirn
887 979 983 1042 omnis
1001 978 1096 1061 gloria
1121 979 1184 1040 sive
1200 977 1339 1062 potencia

141 1085 334 1170 principatus
353 1087 382 1148 in
399 1086 585 1150 subditorum
608 1088 753 1169 precipue
776 1087 922 1149 consistat
945 1086 1072 1149 solidata
1092 1085 1232 1155 fortunis,
1249 1104 1340 1169 expe-

137 1176 231 1257 diens
248 1194 432 1258 arbitramur
444 1202 475 1259 et
487 1194 669 1265 condecens,
687 1201 718 1257 ut
735 1196 829 1259 simus
845 1195 991 1259 subiectis
1007 1201 1038 1259 et
1053 1196 1084 1257 in
1099 1193 1218 1258 iusticia
1233 1192 1339 1255 faciles

143 1308 173 1365 et
190 1302 221 1365 in
239 1303 343 1383 gracia
359 1303 508 1367 liberales.

240 1411 367 1474 Noverit
389 1412 483 1493 igitur
502 1432 628 1494 presens
651 1417 716 1476 etas
739 1421 769 1476 et
792 1416 967 1477 successiva
987 1413 1160 1495 posteritas,
1184 1413 1263 1496 quod
1285 1431 1341 1475 nos

143 1522 344 1584 devocionem
367 1523 533 1593 sinceram,
568 1543 626 1605 qua
654 1522 788 1605 religiosi
817 1523 873 1586 viri
902 1522 996 1586 abbas
1024 1527 1055 1585 et
1082 1527 1245 1586 conventus
1272 1521 1341 1584 talis

141 1631 204 1694 loci
234 1631 448 1713 cysterciensis
478 1631 592 1694 ordinis
609 1630 650 1717 β)
667 1633 748 1695 circa
777 1632 869 1695 divini
897 1634 994 1696 cultus
1018 1631 1163 1714 obsequia
1184 1631 1294 1713 iugiter
1311 1635 1343 1693 et

141 1741 322 1823 frequenter
349 1740 517 1821 invigilant,
533 1742 703 1822 graciosius
732 1741 935 1814 attendentes,
963 1740 1190 1804 considerantes
1222 1759 1343 1823 quoque

141 1849 310 1931 benignius
327 1850 445 1930 integre
461 1849 530 1912 [idei
546 1852 720 1932 puritatem,
737 1870 795 1933 qua
812 1869 885 1933 erga
899 1870 953 1912 nos
967 1855 997 1912 et
1008 1850 1172 1913 Romanum
1185 1849 1342 1933 imperium

142 1976 306 2021 coruscare
323 1956 473 2027 dicuntur,
489 1961 614 2041 propter
630 1957 710 2040 quod
734 1957 872 2039 cupimus
895 1956 1059 2020 eorundem
1081 1957 1295 2020 monasterium
1312 1962 1342 2020 et

142 2066 173 2128 in
187 2064 443 2147 prosperitatibus
461 2085 529 2128 esse
545 2064 684 2127 lloridum
698 2070 727 2127 et
740 2066 771 2127 in
786 2065 1001 2147 temporalibus
1018 2065 1200 2148 opulentum.
1218 2064 1342 2128 bevotis
1423 2104 1429 2115 ·

38 2180 49 2185 “
141 2174 237 2257 igitur
250 2173 384 2258 ipsorum
399 2172 518 2236 abbatis
531 2178 561 2235 et
574 2179 741 2236 conventus
754 2172 888 2236 eiusdem
902 2172 1180 2257 supplicacionibus
1196 2173 1342 2245 inclinati,

142 2282 313 2366 predictum
332 2301 435 2344 eornm
451 2282 667 2345 monasterium
688 2302 749 2346 una
772 2301 841 2346 cum
865 2281 1003 2345 omnibus
1025 2280 1197 2346 hominibus
1220 2286 1251 2346 et
1271 2301 1342 2364 per·

142 2392 226 2456 sonis
244 2411 280 2454 ac
296 2389 552 2476 possessionibus,
570 2410 646 2473 quas
663 2391 693 2452 in
705 2390 933 2475 presenciarum
945 2388 1172 2454 racionabiliter
1187 2389 1343 2474 possident

142 2506 174 2565 ct
191 2500 393 2584 inposterum
410 2498 496 2560 iustis
513 2497 610 2560 modis
627 2497 743 2580 absque
759 2498 835 2562 iuris
859 2498 947 2561 alieni
972 2498 1129 2583 dispendio
1145 2502 1285 2582 poterunt
1300 2498 1341 2583 a)

145 2607 272 2692 adipisci
281 2605 331 2692 b),
345 2605 401 2668 sub
415 2611 517 2668 nostra
532 2611 561 2668 et
575 2606 691 2687 imperii
704 2607 893 2690 protectione
909 2606 1072 2691 recipimus
1089 2605 1225 2689 speciali,
1242 2605 1341 2669 omnia

141 2714 311 2798 privilegia,
326 2713 494 2785 libertates,
512 2714 724 2777 concessiones
741 2720 772 2776 et
788 2717 853 2778 iura
871 2736 888 2778 a
905 2716 955 2797 pie
978 2715 1120 2797 memorie
1143 2719 1173 2776 et
1193 2714 1338 2777 recorda-

144 2823 241 2887 cionis
257 2825 291 2886 F.
317 2823 468 2906 quondam
491 2824 691 2886 Romanorum
708 2823 891 2906 imperatore
914 2823 1039 2904 suisque
1059 2822 1456 2907 predecessoribusrnsaa.

142 2933 255 2996 inclitis
270 2931 502 3014 imperatoribus
518 2931 659 2993 Romanis
683 2936 713 2993 et
733 2931 869 3013 regibus,
887 2930 1070 2994 monasterio
1088 2935 1246 3014 prenotato
1264 2949 1339 2993 con-

141 3062 242 3113 cessa,
258 3046 346 3125 prout
362 3041 420 3103 rite
436 3059 584 3103 concessa
601 3045 767 3101 noscuntur
784 3045 814 3102 et
830 3038 967 3123 provide,
983 3038 1337 3123 sepedicto‘mooasterio

141 3172 178 3214 ac
194 3151 333 3234 personis
355 3149 467 3212 ibidem
491 3147 591 3211 divino
617 3147 763 3231 obsequio
786 3147 967 3230 mancipatis
990 3148 1027 3209 de
1048 3145 1230 3210 liberalitate
1252 3147 1338 3229 regia

61 3248 65 3255 ⁵
141 3257 369 3329 confirmantes,
398 3258 575 3321 innovantes
604 3262 634 3318 et
656 3255 805 3340 presentis
835 3255 939 3338 scripti
961 3254 1128 3337 patrocinio
1157 3255 1336 3318 munientes.
1417 3263 1420 3267 ’

139 3367 220 3431 Nulli
238 3386 310 3448 ergo
327 3366 439 3427 bomini
455 3365 547 3427 liceat
563 3366 641 3427 banc
658 3365 808 3447 presentis
827 3368 929 3426 nostre
946 3362 1154 3448 protectionis,
1178 3362 1339 3427 confirma-

140 3476 236 3540 cionis
254 3480 284 3536 et
301 3473 507 3537 innovacionis
524 3474 665 3558 paginam
688 3473 837 3536 infirmare
860 3478 912 3536 aut
936 3473 964 3535 ei
986 3492 1062 3535 ausu
1087 3472 1246 3534 temerario
1264 3492 1338 3535 con-

140 3583 242 3648 traire.
278 3583 311 3646 Si
343 3582 410 3665 quis
439 3587 538 3643 autem
567 3581 776 3644 contravenire
804 3581 1024 3665 presumpserit
1053 3585 1110 3643 etc.
1150 3581 1183 3643 In
1212 3599 1342 3662 quorum

140 3693 271 3755 omnium
287 3691 491 3753 testimonium
508 3695 538 3751 et
554 3690 693 3772 perpetui
709 3689 828 3752 roboris
846 3688 1019 3751 firmitatem
1040 3708 1167 3770 presens
1191 3687 1335 3772 scriptum

141 3800 247 3863 exinde
262 3797 329 3862 lieri
351 3804 381 3861 et
397 3797 563 3860 maiestatis
587 3802 689 3859 nostre
713 3797 810 3877 sigillo
835 3796 976 3859 iussimus
1001 3796 1186 3859 communiri.
1220 3798 1336 3869 Actum,

142 3908 244 3971 datum
262 3912 320 3971 etc.
338 3907 386 3993 p).

232 4069 265 4136 a)
279 4067 419 4138 poteritll.
434 4068 553 4137 poterint
566 4068 593 4120 Z.
617 4098 639 4106 -
656 4068 689 4136 b)
704 4065 835 4137 addipisci
849 4068 879 4121 V.

213 4331 349 4375 erwannten
368 4329 581 4382 aueldbrlicberen,
598 4330 622 4372 in
636 4329 712 4373 eiaem
726 4328 875 4397 beeoadereu
888 4330 1018 4386 Quateruio
1036 4331 1089 4375 dem
1102 4331 1189 4376 werke
1209 4333 1339 4390 vorgebel·

212 4421 278 4465 teteu
296 4419 491 4478 lnbaltaaagaben
511 4420 535 4463 in
553 4421 596 4464 der
608 4420 687 4464 Weise
707 4420 829 4474 callebat,
852 4421 905 4466 duee
923 4421 1006 4466 immor
1025 4421 1063 4466 die
1082 4421 1163 4466 ersten
1182 4423 1264 4468 warte
1283 4423 1339 4468 der-

211 4506 293 4556 e'elben
311 4509 413 4553 berdber
431 4522 570 4568 genomraen
589 4509 650 4554 sind.
681 4511 705 4554 la
724 4511 751 4554 V.
770 4509 871 4568 beginat
891 4511 1000 4557 dberdiee
1017 4511 1060 4556 mit
1084 4511 1171 4558 diesem
1189 4511 1267 4557 Briete
1286 4512 1340 4557 eine

211 4600 298 4645 audere
316 4599 391 4652 Hand,
410 4599 501 4644 welche
521 4611 566 4644 voa
584 4598 635 4643 Fol.
655 4600 687 4645 58
705 4613 745 4644 uo.
764 4598 795 4643 49
814 4600 850 4645 bia
872 4602 921 4645 llol⁴
942 4601 972 4647 59
990 4615 1030 4647 no.
1049 4602 1078 4648 bb
1098 4616 1144 4647 voa
1164 4602 1230 4648 einer
1248 4602 1339 4648 dritten

213 4690 323 4750 abgelbet
340 4690 408 4743 wird,
428 4704 474 4735 von
493 4691 522 4735 da
542 4704 571 4736 an
588 4690 646 4734 aber
659 4690 725 4735 ncht
737 4705 782 4736 nur
795 4705 866 4737 unser
879 4693 961 4747 Werk,
974 4693 1078 4739 eoadera
1092 4694 1152 4739 euch
1166 4695 1219 4740 eine
1232 4693 1275 4739 mit
1287 4695 1339 4739 aar.

213 4780 241 4823 61
267 4781 416 4841 beginaende
439 4782 524 4826 endere
548 4781 743 4839 Briel'eammlung
756 4797 784 4827 zu
798 4785 864 4829 liade
877 4785 950 4828 liibrt.

207 4884 294 4928 Fontes
305 4883 373 4927 Abtb.
384 4882 409 4925 ll.
424 4882 464 4927 ud.
476 4882 543 4925 XXV.
1083 4886 1119 4939 23
