3209 5392
810 835 870 911 15.

551 1015 717 1096 inperator
740 1014 885 1095 potestatl
909 1013 957 1077 rel
982 1014 1106 1077 ctrltatl.

691 1170 769 1223 1245.
789 1171 958 1241 September.

232 1312 376 1369 Friedrich
388 1315 422 1367 11.
441 1312 568 1369 bericbtet
583 1313 714 1387 peroiaacn
732 1311 872 1388 itotrbcben
886 1314 1005 1375 Stddten,
1020 1329 1049 1364 er
1062 1310 1142 1373 bade,
1163 1330 1212 1366 aar
1227 1314 1331 1368 Gewalt
1339 1331 1425 1384 papea

232 1407 285 1458 den
297 1405 382 1475 Popat
395 1401 547 1474 panolbipt,
564 1404 634 1457 narb
653 1406 702 1457 der
721 1422 752 1456 zu
764 1404 864 1455 Parma
886 1403 934 1457 mit
945 1400 1022 1455 ibren
1034 1403 1118 1455 Boten
1128 1400 1285 1472 pebottenen
1298 1404 1422 1475 Sprocbc

232 1496 285 1548 den
297 1494 396 1548 dritten
413 1493 488 1548 Tbeil
499 1495 549 1547 der
560 1493 725 1548 bireblicben
736 1491 882 1562 Einbitnfte
894 1490 1061 1548 einzuzicben
1073 1490 1193 1561 befolrten
1199 1511 1211 1559 ,·
1223 1492 1265 1546 aie
1277 1500 1371 1563 mopere
1383 1492 1428 1548 dic

232 1601 317 1637 neuen
334 1583 513 1638 baiaerliolucn
533 1584 738 1653 Vercrdnunpca
754 1580 913 1636 beobacbten
931 1582 988 1635 aad
1003 1582 1033 1636 in
1045 1580 1112 1637 ‘iture
1125 1583 1244 1637 Statuten
1256 1581 1427 1653 ausnebmen.

322 1725 493 1781 nutri-oen.
506 1727 548 1789 vr,
561 1724 714 1781 asu-aso.
730 1756 759 1765 -
774 1727 845 1779 uon.
858 1726 942 1796 segg.
955 1700 987 1787 n,
1001 1723 1063 1777 aaa.

322 1869 482 1933 Multifarie
498 1869 659 1953 multisque
675 1870 783 1942 modis,
806 1874 894 1950 prout
915 1869 994 1931 fama
1018 1867 1168 1931 celebrior
1189 1867 1285 1931 literis
1306 1866 1427 1949 publice

232 1977 428 2058 provulgasse
444 1977 503 2041 iam
525 1979 632 2061 potuit,
656 1979 694 2041 ad
716 1978 801 2059 pacis
825 1976 1035 2040 universaliter
1058 1981 1215 2058 expectate
1237 1976 1428 2039 dulcedinem

232 2084 394 2172 imperialis
421 2086 589 2148 humanitas
618 2086 746 2148 animam
778 2084 943 2164 inelinavit.
991 2083 1053 2148 Sed
1082 2084 1300 2167 quantumlibet
1331 2084 1428 2164 ipsam

231 2192 380 2255 instanter
402 2193 568 2275 inquireret
589 2197 620 2255 et
640 2212 695 2273 per
715 2191 909 2255 humanitatis
933 2192 1055 2253 semitas
1080 2197 1272 2273 sequeretur:
1297 2190 1428 2253 *Romani

231 2298 382 2381 pontificis
398 2300 539 2379 impetus,
556 2319 645 2381 quern
662 2299 769 2360 ducem
785 2298 871 2381 pacis
889 2318 957 2360 esse
975 2298 1184 2370 credebamus,
1197 2300 1294 2381 ipsam
1310 2317 1427 2380 pacem,

232 2413 335 2489 preter
351 2426 435 2488 spem
451 2411 583 2468 nostram
602 2412 632 2468 et
647 2410 749 2469 votum
765 2426 922 2468 commune
939 2406 1142 2477 eredencium,
1160 2406 1270 2469 erroris
1293 2405 1376 2468 duxit
1398 2406 1431 2468 in

233 2513 367 2584 devium,
397 2518 427 2575 et
449 2531 537 2595 quarn
554 2513 696 2575 ardenter
711 2511 852 2594 amplecti
876 2512 1039 2582 debuerat,
1066 2514 1201 2576 indebite
1216 2493 1429 2595 procbdolorl

232 2621 412 2703 profugavit.
451 2619 640 2701 Quapropter
671 2626 789 2701 oportet
820 2640 892 2690 nos,
924 2621 997 2683 licet
1022 2620 1144 2693 invitos,
1172 2625 1205 2684 ut
1232 2621 1351 2684 scilicet
1377 2621 1428 2703 qui

232 2729 349 2811 pondus
365 2728 483 2791 incudis
499 2729 645 2791 hactenus
662 2729 818 2809 pacienter
834 2734 865 2791 et
882 2728 989 2791 devote
1007 2728 1182 2802 subivimus,
1204 2729 1303 2792 mallei
1321 2749 1429 2792 conse-

234 2844 362 2922 quenter
377 2838 507 2903 officium
522 2859 720 2912 resumamus,
736 2860 773 2903 ac
789 2840 840 2902 ubi
864 2839 1021 2921 paciencie
1043 2846 1145 2904 nostre
1161 2841 1297 2905 theriaca
1314 2840 1354 2921 a)
1371 2860 1430 2904 non

233 2947 336 3019 valuit,
351 2968 406 3029 per
422 2947 559 3011 victorie'
565 2948 708 3029 gladium,
726 2968 814 3031 quern
830 2947 1009 3030 pontificalis
1027 2948 1103 3011 cotis
1121 2950 1268 3030 asperitas
1286 2950 1368 3012 acuit
1384 2954 1428 3019 et,

234 3055 403 3118 occasionis
420 3056 580 3119 cuiuslibet
596 3056 717 3138 expulsa
733 3056 887 3136 rubigine,
904 3056 942 3118 ad
957 3055 1154 3137 precipicium
1176 3057 1292 3119 fabrica
1314 3056 1431 3119 noviter

204 3183 206 3186 ·
235 3162 411 3234 eliminavit,
428 3168 568 3245 tanquam
585 3183 757 3244 supremum
779 3161 895 3244 grande
917 3164 1099 3234 remedium,
1124 3183 1178 3225 nos
1196 3164 1234 3226 ad
1249 3163 1429 3244 potencialis
1462 3182 1464 3186 ’

235 3270 352 3332 medele
369 3269 545 3350 suffragium
561 3277 780 3334 convertamus.
814 3269 906 3333 Cuius
923 3270 975 3332 alti
991 3270 1086 3334 nostri
1103 3271 1250 3352 propositi
1273 3272 1430 3335 consilium

236 3376 353 3440 nunciis
363 3377 490 3447 vestris,
507 3395 582 3458 quos
599 3376 637 3438 ad
654 3381 787 3438 nostram
798 3375 988 3457 presenciam
1000 3382 1102 3439 vestra
1116 3377 1241 3439 devocio
1256 3377 1429 3448 destinavit,

234 3489 317 3548 tanto
334 3483 484 3546 salubrius
501 3482 778 3545 communicandum
800 3482 1004 3564 previdimus,
1028 3489 1140 3565 quanto
1162 3485 1302 3564 potencie
1327 3489 1431 3546 nostre

235 3591 401 3657 sublimitas
423 3590 591 3653 voluntates
612 3596 729 3654 vestras
753 3591 791 3653 ad
813 3591 844 3653 id
867 3590 1034 3653 concordes
1057 3594 1234 3672 expostulat,
1257 3597 1287 3654 et
1303 3591 1430 3655 effectus

235 3698 419 3761 voluntatum
447 3697 609 3760 earundem
636 3698 675 3760 ad
701 3717 828 3779 presens
857 3703 976 3779 reputat
998 3703 1160 3779 oportunus
1179 3699 1230 3780 α).
1264 3698 1373 3780 Igitur,
1397 3704 1430 3760 ut

235 3806 400 3869 maiestatis
417 3811 519 3868 nostre
537 3805 668 3868 sublime.
680 3806 867 3888 propositum
883 3805 1033 3868 salubrius
1057 3812 1088 3868 et
1110 3806 1295 3869 commodius
1319 3827 1431 3870 consu-

235 3919 343 3985 metur,
360 3913 391 3975 in
406 3914 525 3976 fortune
542 3932 666 3976 cesaree
683 3913 900 3984 fulcimentum,
916 3913 1043 3976 terciam
1055 3919 1171 3994 partem
1183 3919 1381 3995 proventuum
1399 3920 1431 3977 et

237 4021 453 4085 obveucionum
470 4021 609 4093 omniurn,
625 4028 714 4104 prout
729 4023 787 4084 hoc
803 4042 859 4103 per
875 4021 1001 4089 nuncios
1018 4022 1056 4084 ad
1074 4022 1284 4084 celsitudinem
1299 4028 1431 4085 vestram

236 4130 346 4193 missos
361 4128 489 4212 liquebit
504 4130 654 4211 apercius,
672 4129 710 4191 ab
727 4130 865 4192 omnibus
883 4130 1022 4192 ecclesiis
1039 4135 1142 4192 nostre
1164 4129 1291 4192 dicionis
1314 4130 1432 4191 sereni-

237 4235 308 4297 tatis
343 4245 445 4298 uostre
480 4233 579 4297 edicto
612 4234 756 4298 iussimus
791 4235 977 4316 exigendam.
1022 4235 1123 4298 Novas
1151 4238 1247 4297 eciam
1275 4239 1376 4297 nostre
1393 4236 1432 4319 b)

237 4340 465 4422 magnificencie
474 4342 656 4414 sanctiones,
673 4362 748 4425 quas
758 4363 855 4424 nuper
870 4342 1032 4424 imperialis
1046 4341 1182 4404 culminis
1198 4343 1310 4425 tytulus
1328 4341 1434 4412 edidit,
1465 4328 1466 4331 ¹

238 4457 378 4530 tanquam
405 4449 532 4524 victorie
555 4459 658 4512 nostre
686 4451 806 4533 quidam
833 4450 1041 4533 preambulus‚
1069 4450 1155 4512 vobis
1183 4451 1238 4513 sub
1267 4450 1433 4513 maiestatis

327 4611 363 4677 a)
379 4608 491 4681 tyrieira
503 4611 533 4664 V.
546 4609 654 4663 aiunlos.
669 4640 702 4649 -
716 4610 748 4678 b)
765 4617 856 4664 nostre
870 4629 911 4665 am
924 4611 1015 4664 Raude
1031 4611 1059 4664 V.
