3209 5392
1283 506 1362 579 31⁷

163 677 310 741 malorum
327 676 519 740 consciencia
537 681 567 740 et
582 680 680 740 terror
695 683 837 760 angustat
854 684 884 743 et
901 682 998 741 terret
1013 679 1175 761 angustia?
1196 679 1283 744 Unde
1306 678 1364 743 hoc

173 785 245 857 tibi,
267 790 301 848 ut
327 785 358 847 in
385 785 498 848 teneris
515 785 674 850 admodum
690 788 776 850 annis
791 788 895 850 mundi
911 786 1004 850 robur
1018 788 1197 871 refugeres,
1223 788 1360 853 abhomi-

165 895 285 959 nareris
309 893 433 956 delicias
450 899 481 956 et
497 894 665 957 declinares
680 895 856 978 amplexus?
879 895 905 960 0
921 894 1002 968 felix,
1019 916 1107 980 quem
1128 897 1238 961 misera
1260 897 1363 961 mundi

172 1003 359 1088 prosperitas
381 1022 441 1065 non
464 1003 597 1067 seducit!
623 1003 648 1066 0
672 1004 758 1075 felix,
786 1023 876 1088 quem
897 1005 1037 1086 perplexa
1061 1007 1266 1088 temporalium
1283 1008 1365 1071 recia

174 1114 233 1175 non
260 1111 428 1174 involvunt!
460 1109 538 1193 Quin
567 1112 657 1175 immo
684 1118 717 1176 tu
743 1112 848 1175 liberis
877 1117 908 1176 et
937 1112 1029 1174 siccis
1051 1114 1159 1195 pennis
1181 1113 1219 1177 ab
1241 1114 1367 1179 bumore

170 1219 334 1283 carnalium
358 1212 573 1283 desideriorum
591 1219 631 1305 a)
647 1220 755 1284 volasti
777 1221 808 1282 in
825 1220 1027 1293 solitudinem,
1045 1241 1103 1305 qua
1119 1221 1261 1304 quiescis.
1285 1222 1367 1286 Ecce

169 1349 249 1394 nunc
265 1330 355 1393 sedes
378 1330 416 1392 ad
437 1330 531 1412 pedes
547 1330 667 1394 Domini
690 1350 758 1393 cum
774 1330 888 1401 Maria,
911 1350 984 1395 ecee
1003 1351 1080 1395 nunc
1098 1332 1128 1394 in
1143 1331 1283 1395 Rachelis
1301 1331 1368 1414 pul-

175 1439 345 1504 chritudine
368 1439 546 1513 delectaris,
574 1459 647 1504 ecce
673 1440 733 1503 iam
760 1441 906 1522 degustas
930 1440 1055 1531 delicias
1078 1442 1171 1506 multe
1187 1441 1368 1514 dulcedinis,

177 1568 251 1633 quas
267 1548 348 1613 Deus
366 1570 399 1612 se
415 1547 588 1612 timentibus
603 1550 783 1632 preparavit.
816 1550 928 1614 Verum
947 1554 1064 1621 tamen,
1082 1570 1193 1635 queso,
1217 1555 1368 1615 memento

175 1659 250 1731 mei,
280 1660 360 1741 quod
381 1660 584 1724 intumescunt
605 1661 765 1723 aduersum
785 1681 834 1724 me
857 1661 951 1725 seculi
974 1661 1063 1725 buius
1086 1661 1195 1724 fluctus
1212 1666 1243 1724 et
1258 1661 1303 1724 sic
1318 1681 1367 1724 me

174 1765 271 1829 valida
298 1768 494 1849 negociorum
515 1771 679 1850 tempestas
707 1768 847 1840 involvit,
875 1769 956 1851 quod
979 1768 1010 1830 in
1032 1767 1091 1831 boc
1112 1769 1188 1831 mari
1209 1787 1318 1850 magno
1336 1774 1367 1831 et

176 1877 314 1957 spacioso
348 1875 500 1958 dimergar
529 1876 649 1958 penitus
681 1883 712 1940 et
749 1875 945 1959 submergor,
984 1877 1042 1940 nisi
1074 1877 1214 1941 virtutem
1247 1875 1370 1940 dextera

171 1984 290 2049 Domini
322 1985 413 2048 faciat
433 1985 478 2072 ¹),
511 1991 675 2068 quatenus,
707 1986 732 2048 si
764 2006 825 2048 non
853 1986 936 2048 sicco
964 1986 1112 2068 vestigio,
1151 1985 1250 2048 saltim
1282 1984 1370 2068 quasi

175 2097 352 2176 naufragum
376 2100 446 2176 post
467 2094 596 2177 impetus
618 2099 849 2176 tempestatum,
876 2100 946 2178 post
968 2093 1093 2176 spiritus
1115 2093 1314 2176 procellarum
1331 2093 1369 2156 ad

171 2208 289 2285 portum
306 2202 410 2266 salutis
428 2208 458 2265 et
474 2203 569 2283 glorie
585 2202 641 2265 sub
658 2198 866 2265 misericordie
891 2223 944 2265 sue
960 2202 1141 2285 patrocino,
1163 2201 1365 2266 mediantibus

168 2311 230 2375 tuis
248 2310 409 2392 suffragiis,
426 2329 474 2372 me
490 2310 648 2392 perducat.
679 2310 760 2374 lnsta
777 2328 850 2391 ergo
868 2309 964 2372 amice
980 2308 1053 2380 Dei,
1076 2315 1109 2371 ut
1124 2328 1180 2391 per
1196 2309 1370 2373 oracionum

170 2426 289 2484 tuarum
307 2418 458 2483 canticum
478 2418 565 2482 ambo
587 2419 702 2502 pariter
723 2418 950 2482 introducamur
971 2418 1002 2480 in
1025 2416 1193 2480 cubiculum
1217 2417 1314 2498 glorie
1340 2421 1371 2479 et

171 2530 275 2610 gracie
291 2530 359 2602 Dei,
382 2548 470 2612 quem
487 2529 671 2613 concupivit,
688 2549 776 2613 quem
794 2528 887 2611 elegit
902 2528 1001 2592 anima
1016 2535 1069 2593 tua
1085 2534 1116 2591 et
1132 2547 1232 2612 quem,
1255 2528 1370 2592 relictis

172 2639 329 2709 omnibus,
356 2659 389 2701 es
412 2642 535 2702 secutus
558 2639 595 2702 de
617 2639 809 2703 retributoris
831 2637 1062 2720 magnificencia
1096 2641 1126 2700 et
1157 2636 1370 2701 retribucionis

175 2747 380 2829 magnitudine
402 2746 573 2828 centuplum
595 2752 776 2830 accepturus
799 2752 830 2810 et
853 2747 943 2811 vitam
966 2752 1099 2809 eternam
1124 2744 1221 2807 denuo
1246 2764 1371 2827 posses-

173 2876 271 2920 surus.

750 3059 811 3128 18.

440 3243 544 3304 Frater
559 3240 646 3304 tratri
662 3257 753 3320 super
768 3239 847 3301 nalo
863 3237 1106 3300 conversacione.

178 3403 293 3458 Jemand
310 3401 407 3456 drrtclct
424 3400 522 3454 acinam
540 3418 572 3453 zu
589 3398 681 3453 acinco·
698 3397 864 3468 Aucbildanp
876 3396 904 3452 in
917 3397 967 3450 der
978 3396 1091 3450 Fremde
1109 3394 1254 3451 roeilecden
1267 3396 1375 3448 Bruder

178 3494 268 3550 acinon
281 3492 404 3548 Sedmerz
418 3509 467 3546 auo
480 3491 545 3545 elder
558 3491 653 3545 descen
665 3487 816 3543 ocblecbten
828 3487 1035 3543 Ledcocwaodel
1047 3489 1104 3542 und
1116 3483 1374 3547 mendacilocum

694 3599 726 3634 au
739 3580 856 3634 bosserre.

272 3732 305 3797 Si
324 3732 456 3794 fraterne
473 3727 640 3792 dulcedinis
656 3732 741 3789 reete
764 3731 904 3808 gustares
929 3724 1034 3806 sapida
1057 3724 1259 3794 condimenta,
1277 3723 1302 3784 si
1320 3722 1372 3784 alti

181 3846 265 3926 origo
281 3839 436 3923 sanguinis
454 3839 496 3901 tui
513 3843 653 3919 tangeret
668 3842 783 3918 petram
801 3834 914 3908 cordis,
940 3833 965 3897 si
982 3838 1138 3915 parentum
1159 3838 1190 3895 et
1211 3831 1373 3894 amicorum

179 3951 287 4017 uotiuis
307 3947 466 4013 affectibus
483 3966 571 4010 aures
583 3945 699 4028 patulas
717 3943 878 4007 inclinares
896 3948 926 4006 et
942 3943 1076 4007 attonitis
1094 3940 1189 4004 oculis
1205 3941 1373 4023 sapientum

180 4063 300 4146 legeres
335 4060 532 4129 documenta,
566 4077 626 4118 non
652 4055 764 4118 invitus
792 4052 946 4116 vocareris
974 4053 1005 4116 in
1030 4051 1176 4134 patriam,
1205 4069 1264 4113 non
1291 4069 1374 4112 more

182 4170 339 4253 dispendio
355 4168 527 4237 luctareris,
543 4186 602 4229 non
614 4165 704 4228 uitam
717 4170 799 4227 tuam
812 4163 990 4246 procellosis
1004 4160 1208 4226 committeres
1221 4158 1373 4229 fluctibus,

182 4301 240 4344 non
256 4285 325 4362 post
341 4284 460 4360 tergum
478 4276 614 4339 deiceres
632 4274 731 4357 aliquo
748 4273 854 4336 federe
871 4273 1064 4354 parentelam.
1096 4269 1263 4333 Credebam
1281 4266 1375 4349 siqui-

274 4462 309 4528 α)
324 4459 486 4516 desiderium
498 4458 527 4512 V.

180 4634 505 4647 -u-—u--a--n-q

208 4753 232 4813 ι)
251 4755 323 4799 esaim
338 4752 393 4807 mr,
406 4752 443 4798 ra.
