3209 5392
1290 482 1364 554 407

179 660 320 731 sollempni
339 658 413 714 curie
432 658 589 731 specialiter
607 660 685 715 etiam
704 677 755 733 pcr
773 676 814 712 me
834 660 919 730 ipsum
939 675 970 713 ac
990 658 1057 712 alios
1076 656 1195 711 dominos
1215 658 1243 709 et
1261 656 1368 715 amicos,

170 754 276 807 vestrae
286 749 455 823 paternitatis
469 751 629 815 absentiam,
649 755 679 805 ut
690 749 848 811 mandastis,
870 748 1042 804 excusatione
1055 746 1179 819 pervigili
1194 747 1368 816 supportabo.

168 842 262 895 Valeat
287 844 376 895 restra
400 841 546 895 reverende
566 842 715 911 paternitas
734 856 804 892 nune
824 843 851 892 et
870 855 984 909 semper.
1014 836 1160 891 Conserret
1179 853 1225 889 ros
1244 834 1368 887 Dominus

172 931 319 985 ministerio
333 947 397 987 suae
412 930 620 999 gloriosissimae
633 930 770 1001 genitricis
784 931 810 982 in
823 933 943 1000 tempora
956 929 1105 983 diuturns“.

749 1119 813 1189 60.

176 1260 278 1323 loma
293 1258 453 1341 prlrllcgll,
472 1277 531 1340 qno
554 1259 707 1340 principes
729 1259 880 1321 llemnnlc
911 1256 1107 1321 conscuclunt
1136 1260 1166 1317 et
1195 1254 1372 1317 connrusm

176 1369 376 1449 donacionem,
390 1388 479 1450 cuam
494 1389 548 1433 rex
564 1371 715 1434 llemsnle
732 1369 805 1434 lacit
821 1371 906 1432 uxori
923 1387 976 1430 suc
993 1368 1029 1430 rlc
1046 1366 1136 1431 certis
1152 1365 1240 1429 bonis
1257 1364 1372 1444 lmpcrll

588 1480 642 1541 ἰιι
659 1482 794 1559 temporo
806 1478 872 1541 nto
889 1495 955 1539 auc.

573 1635 653 1689 1273.
668 1637 797 1698 October,
812 1636 981 1708 Aquisgrani.

181 1777 234 1832 nie
247 1777 410 1849 Kurfitroten
427 1780 510 1849 peteo
528 1779 590 1834 itere
610 1780 791 1852 Zuotimmunp
810 1780 972 1842 desudare
991 1779 1042 1832 cler
1060 1777 1148 1849 Kenip
1165 1773 1270 1845 Rudolf
1288 1773 1376 1827 seiner

182 1867 320 1923 Gemellino
345 1869 398 1940 auf
420 1871 572 1925 Lebenszeit
602 1869 781 1943 Reicbepeitcr
807 1871 842 1925 im
869 1869 975 1939 Betouf
995 1885 1043 1924 eon
1060 1868 1150 1933 ,1000
1176 1865 1255 1920 narr
1279 1865 1377 1917 Goldeo

556 1959 711 2031 jcibrlr'clrer
723 1959 869 2030 Einlcalnfte
881 1958 1000 2016 zacceus.

274 2105 400 2166 Gerbert,
414 2103 439 2165 l,
452 2105 478 2157 4.

269 2249 419 2311 Virtutum
436 2248 549 2311 candor
566 2249 690 2312 eximius
707 2255 737 2313 et
759 2249 907 2312 laudande
928 2248 1103 2331 prestancia
1125 2246 1287 2315 bonitatis,
1311 2242 1378 2325 qui-

179 2357 237 2421 bus
254 2356 355 2420 inclita
374 2356 493 2420 domina
509 2364 612 2420 nostra
627 2358 664 2420 N.
678 2357 786 2438 regina
799 2356 825 2443 1)
842 2356 1069 2439 predicabiliter
1082 2355 1256 2423 adornatur,
1274 2374 1309 2415 ex
1326 2372 1379 2413 sue

181 2486 234 2528 nos
258 2466 475 2529 delectamento
498 2466 663 2547 flagrancie
681 2466 724 2555 a)
740 2466 841 2531 taliter
857 2465 1023 2528 recreando
1041 2463 1212 2546 gratificent
1238 2468 1268 2524 et
1284 2461 1380 2542 greti-

181 2573 298 2637 ticando
316 2572 485 2643 delectant,
501 2575 581 2657 quod
597 2573 635 2639 ιι
652 2576 747 2658 ipsius
763 2575 907 2639 honorem
925 2581 955 2637 et
972 2573 1161 2637 commodum
1180 2571 1378 2654 ampliandum

181 2682 312 2746 libenter
339 2684 525 2765 assurgimus
554 2690 585 2748 et
612 2685 649 2746 ad
679 2691 806 2756 cuncta,
835 2684 975 2769 quesibi
1002 2685 1034 2747 in
1062 2685 1188 2747 salutem
1209 2681 1379 2764 proficient,

183 2792 349 2855 liberaliter
364 2792 535 2857 innitamur.
565 2794 641 2855 llinc
665 2800 728 2864 cst,
757 2793 838 2877 quod
860 2814 949 2856 nosse
978 2812 1032 2855 vos
1054 2793 1189 2857 volumus
1213 2791 1379 2860 uniuersos,

185 2900 266 2983 quod
282 2922 337 2963 nos
354 2922 413 2964 una
431 2922 499 2964 cum
516 2901 581 2964 aliis
599 2901 711 2965 nostris
735 2901 957 2964 coelectoribus
980 2901 1010 2962 in
1032 2900 1091 2963 lroc
1114 2906 1196 2964 motu
1212 2900 1379 2964 voluntario

185 3010 388 3072 consentimus
406 3016 436 3072 et
452 3010 573 3091 plenum
589 3030 624 3073 ac
641 3009 768 3073 liberum
784 3010 972 3093 impertimur
988 2988 1161 3080 assensum,
1191 3008 1271 3091 quod
1293 3028 1379 3070 serc-

187 3117 327 3180 nissimus
346 3116 483 3179 dominus
500 3122 603 3180 noster
618 3117 792 3199 Rudolphus
810 3117 930 3180 inclitus
948 3138 1073 3180 consors
1095 3117 1175 3180 thori
1198 3118 1256 3190 sui,
1281 3118 1378 3179 eidem
1390 3128 1496 3174 umora.

187 3226 305 3288 domine
323 3231 443 3294 nostre,
470 3225 502 3286 in
517 3225 622 3295 bonis,
646 3225 771 3296 castris,
793 3227 883 3287 terris
897 3231 927 3289 et
943 3227 1188 3308 possessionibus
1202 3226 1267 3290 aliis
1285 3246 1380 3310 usque

186 3333 224 3395 ad
236 3332 317 3395 mille
330 3352 447 3395 marces
462 3333 526 3395 auri
538 3333 686 3402 redditus,
699 3334 729 3394 in
746 3332 822 3394 loeis
840 3332 897 3396 sibi
914 3334 1169 3417 oportunioribus,
1186 3335 1238 3398 ubi
1253 3336 1383 3399 voluerit

186 3446 216 3504 ct
233 3442 446 3524 expediencius
462 3441 588 3512 viderit,
605 3441 703 3504 valent
720 3442 877 3523 assignare
888 3489 907 3513 ,,
925 3442 963 3505 ab
986 3444 1052 3527 ipsa
1074 3443 1194 3506 domina
1216 3450 1320 3508 nostra
1344 3444 1383 3508 ed

185 3556 321 3635 tempora
355 3572 408 3613 sue
436 3551 497 3614 uite
529 3550 656 3633 pacifice
684 3552 884 3633 possidenda,
913 3553 954 3615 ita
981 3557 1100 3623 temen,
1132 3553 1212 3636 qunrl
1240 3554 1382 3617 custodes

187 3665 365 3731 castrorum,
383 3664 542 3731 terrarum,
558 3659 786 3741 posscssionum
802 3660 975 3723 huiusmodi
998 3661 1110 3724 adhoc
1131 3662 1324 3727 iureiurando
1349 3684 1382 3726 se

188 3769 333 3852 obligent,
351 3769 432 3852 quod
447 3790 515 3832 mon
535 3769 601 3852 ipse
625 3769 746 3832 domina
762 3774 864 3832 nostre
880 3771 916 3833 N.
935 3771 1041 3851 regina
1064 3770 1180 3853 inclyta
1204 3772 1322 3835 sublata
1345 3773 1383 3836 de

187 3878 297 3950 medio,
315 3877 421 3941 cadem
437 3876 518 3941 bona
534 3878 573 3941 nd
588 3879 803 3962 proprietatem
826 3885 856 3942 et
879 3879 924 3942 ius
947 3880 1064 3962 imperii
1080 3878 1209 3945 liclelitcr
1223 3882 1384 3946 restituent

186 3992 216 4051 el
232 3987 389 4051 reducent.

281 4133 329 4186 Die
342 4132 479 4187 Annnbme
492 4133 640 4196 Gerbert's,
661 4132 724 4186 dass
738 4133 827 4187 dieser
838 4132 990 4189 Willebrief
1004 4152 1047 4187 um
1066 4135 1110 4189 rlie
1121 4134 1178 4188 Zeit
1196 4136 1245 4189 der
1258 4137 1384 4206 Krinung

192 4241 222 4276 zu
241 4223 350 4277 Aacben
369 4224 529 4294 ausgestellt
542 4224 649 4278 worden
662 4225 710 4287 sci,
729 4225 793 4281 wircl
814 4225 898 4278 durch
918 4227 968 4278 den
986 4226 1123 4289 Umstenrl,
1143 4227 1204 4282 dass
1224 4228 1325 4282 liudolf
1341 4246 1384 4283 um

194 4313 269 4367 diere
283 4314 340 4368 Zeit
352 4314 404 4367 den
418 4314 581 4368 Kurlrirsten
595 4315 778 4385 mennigfacbe
791 4317 942 4370 Beneficien
956 4319 1110 4373 znkommcn
1124 4320 1195 4381 liess,
1209 4320 1273 4374 sehr
1295 4320 1385 4373 wabr-

190 4405 341 4460 scbeinlich
354 4407 489 4477 gemacht.
503 4407 593 4477 Vergl.
607 4406 747 4467 boehmer‚
761 4407 827 4474 Reg.
842 4407 907 4460 nuc.
922 4425 964 4461 no.
979 4409 1004 4460 2.
1019 4409 1043 4462 3.
1058 4408 1083 4462 6.
1097 4409 1123 4462 7.

282 4531 315 4601 a)
329 4533 475 4601 fraglencie
486 4533 516 4588 V.

192 4668 519 4683 υ-ῄ-ι--ι

210 4753 236 4814 ¹)
260 4758 437 4812 (lertrubscit
454 4759 625 4819 depllrbnung
638 4759 709 4803 Anna.
742 4727 745 4731 ¹
