3209 5392
212 486 289 555 256

212 665 384 735 consilium,
414 665 586 745 specialiter
607 662 757 727 habilitari
782 663 967 743 disponimus
985 668 1015 724 et
1031 662 1061 724 in
1078 663 1186 726 restris
1203 664 1405 746 beneplacitis

211 776 331 836 fervere
349 771 488 835 continuo
505 774 546 855 a)
563 770 740 835 reverencia
755 769 846 831 filiali.

301 931 353 983 Der
376 931 454 985 Satn:
479 930 609 995 Quocirca
634 934 710 999 pater
730 930 840 999 egregie
864 928 991 988 bewcist,
1014 928 1075 981 dass
1100 928 1147 982 der
1165 931 1336 992 Briesnicbt,
1356 931 1406 982 wie

212 1021 255 1073 die
267 1009 435 1073 llberscbrist
452 1020 559 1087 besagt,
573 1036 606 1073 an
620 1018 670 1071 den
684 1021 767 1088 Papst
781 1018 915 1085 gericbtet
931 1017 975 1078 ist,
991 1018 1040 1071 der
1058 1019 1128 1071 decb
1141 1020 1186 1073 mit
1199 1025 1276 1090 pater
1290 1020 1406 1073 satietis-

212 1112 277 1164 sime
301 1108 448 1177 angeredet
469 1109 543 1161 wird.
572 1110 612 1161 An
638 1108 688 1162 den
702 1109 779 1162 Erzb.
804 1107 1031 1160 ronldainukann
1053 1124 1092 1169 er,
1122 1110 1175 1163 wie
1195 1093 1409 1163 ecbonGerbert

212 1198 340 1259 bcmerlrt,
360 1197 485 1251 ebentalls
501 1196 573 1250 nicbt
586 1197 719 1266 gericbtet
737 1198 809 1257 sein,
827 1197 884 1249 weil
904 1196 993 1249 dieser
1006 1196 1052 1248 mit
1063 1196 1165 1250 Rudolf
1175 1198 1258 1251 schcn
1272 1200 1349 1265 lange
1361 1214 1408 1251 vor

212 1289 307 1341 descen
325 1285 492 1355 Kdnigswabl
510 1286 669 1340 betreundet
688 1302 756 1349 war,
774 1302 825 1339 von
842 1286 895 1337 ihm
909 1285 965 1337 also
980 1301 1008 1335 es
1021 1284 1096 1336 uicbt
1108 1286 1213 1339 baiesen
1231 1287 1300 1339 lrann
1319 1286 1409 1351 „nulla

212 1380 370 1448 prevenerat
382 1381 470 1429 vestre
480 1376 663 1428 familiaritatis
676 1375 801 1428 noticia“.
815 1375 906 1428 Daher
918 1374 952 1425 ist
966 1360 1182 1429 diefiberscbrifl
1196 1374 1301 1428 Oenni's
1316 1377 1340 1437 1,
1357 1375 1407 1427 13:

212 1468 369 1536 Rudolpbus
383 1467 486 1519 cuidam
499 1465 624 1518 cardinali
637 1464 680 1517 die
693 1463 779 1534 cinrig
792 1463 915 1533 ricbtige.
929 1462 1006 1515 Nacb
1018 1461 1066 1514 der
1079 1464 1147 1516 oben
1160 1482 1187 1535 p.
1201 1462 1252 1517 24¹
1264 1482 1295 1517 zu
1308 1465 1357 1518 No.
1372 1464 1408 1515 30

213 1558 368 1626 gemacblen
395 1555 561 1624 chcrkung
587 1555 684 1623 gebdrt
709 1553 799 1607 dieser
823 1553 898 1607 Brief
918 1554 943 1604 in
966 1550 1009 1606 die
1032 1552 1089 1605 Zelt
1116 1554 1245 1610 vordero
1266 1555 1309 1608 26.
1331 1558 1409 1624 Sept.

215 1645 293 1698 1274.

785 1941 849 2010 la.

584 2117 748 2198 lnperater
770 2122 957 2199 procuratori
982 2139 1045 2183 suo.

216 2276 304 2345 Kdnr'p
317 2275 421 2345 Budolf
433 2276 515 2327 doubt
527 2274 610 2329 cirtem
624 2275 765 2345 Because,
784 2277 834 2329 der
853 2276 1057 2348 reneipeonittzip
1069 2278 1142 2331 edne
1158 2277 1244 2333 Scede
1255 2278 1291 2333 im
1299 2279 1415 2349 pdpatlr'·

214 2366 279 2421 eden
294 2361 489 2432 consistorium
492 2365 606 2437 pefodrt
616 2366 692 2431 dede,
704 2366 761 2420 und
772 2377 914 2422 amuntert
926 2367 979 2430 obn,
993 2369 1022 2423 in
1034 2369 1126 2424 aciaco
1141 2370 1327 2441 chdbunpen
1340 2366 1413 2423 nicht

714 2457 913 2513 nacbzulnsacn.

308 2598 434 2660 Gerbert,
449 2600 473 2662 l,
486 2599 530 2651 20.

307 2744 453 2806 Ascendit
468 2749 500 2806 ut
515 2744 614 2807 fumus
631 2751 796 2810 aromatum
815 2745 962 2828 exquisite
979 2746 1191 2833 tlagrancieb)
1201 2747 1231 2809 in
1244 2751 1408 2830 conspectu

221 2854 306 2932 regie
323 2852 487 2915 maiestatis
500 2852 577 2914 illius
589 2853 782 2934 predicabilis
798 2855 1018 2935 proposicionis
1031 2860 1131 2918 vestre
1144 2856 1329 2937 preconium,
1347 2876 1405 2939 quo

218 2981 272 3043 pro
303 2959 405 3031 nobis,
435 2965 467 3026 ut
494 2959 554 3021 lida
575 2980 669 3042 nuper
698 2962 904 3024 insinnacicne
928 2965 1138 3044 cognovimus,
1162 2964 1220 3025 hiis
1250 2963 1356 3026 diebus
1379 2966 1413 3025 in

218 3068 383 3150 apostolice
410 3068 614 3149 preminencie
643 3070 822 3133 consistorio
848 3071 1013 3142 claruistis,
1043 3071 1113 3133 dum
1135 3073 1213 3134 nullo
1236 3072 1326 3136 tracti
1340 3091 1412 3153 pre-

219 3174 335 3238 ambulo
374 3174 573 3237 benificencie
618 3183 720 3240 nostre
756 3177 906 3248 funiculo,
945 3178 1024 3240 nullo
1062 3199 1185 3260 prorsus
1217 3180 1412 3241 humanarum

217 3282 433 3344 blandiciarum
449 3288 581 3362 ungento
598 3285 746 3364 peruncti,
764 3285 819 3346 sed
835 3285 931 3346 solum
949 3285 1056 3357 divIne,
1075 3291 1107 3347 ut
1124 3286 1286 3357 credimus,
1304 3286 1410 3348 admo-

222 3389 348 3451 nicionis
366 3394 396 3450 et
419 3389 540 3469 proprie
562 3391 722 3470 probitatis
746 3392 889 3454 instinctu
914 3393 1067 3454 ferventer
1088 3394 1225 3464 accensi,
1254 3392 1292 3454 ad
1321 3411 1412 3455 cause

221 3504 324 3561 nostre
347 3496 495 3560 iusticiam
519 3505 579 3559 tam
597 3498 780 3561 disertioris
805 3505 836 3561 et
851 3499 968 3561 venusti
986 3500 1134 3561 sermonis
1158 3500 1275 3582 eloquio
1304 3518 1416 3582 propa-

219 3606 347 3677 landam,
364 3604 453 3667 velud
470 3605 545 3666 alter
557 3604 676 3685 legifer,
694 3607 770 3668 adeo
787 3607 956 3669 litteraliter
974 3613 1005 3669 et
1021 3607 1209 3670 laudabiliter
1226 3607 1409 3671 surrexistis.

220 3716 320 3795 Super
347 3732 406 3794 quo
434 3712 518 3775 vobis
547 3712 586 3775 ad
614 3713 787 3785 uberiores,
817 3734 893 3797 quas
914 3735 1093 3797 possumus,
1122 3723 1224 3798 grates
1248 3723 1278 3779 et
1294 3716 1414 3797 gracias

221 3822 411 3891 inclinantes,
430 3820 593 3883 exhibitum
609 3821 696 3884 nobis
714 3822 744 3884 id
761 3821 927 3885 amicabilis
944 3830 1045 3886 vestre
1061 3825 1301 3905 presentacionis
1317 3822 1415 3904 presi·

220 3929 302 3992 diurn
334 3929 413 3990 inter
447 3927 617 3990 indelebilia
655 3929 764 3991 mentis
796 3936 900 3993 nostre
932 3930 1116 3993 memorialia
1149 3930 1416 3994 commendacione

220 4034 368 4118 perhenni
397 4035 650 4116 conscripsimus,
686 4037 795 4099 vestris
830 4038 932 4118 tytulis
967 4043 998 4099 et
1026 4037 1206 4109 honoribus,
1239 4036 1414 4119 opportunis

220 4142 422 4223 temporibus,
444 4142 650 4205 reddibicione
674 4144 806 4224 gratuita
829 4145 1076 4207 conservandum.
1106 4145 1168 4226 Eva
1190 4146 1273 4226 pugil
1291 4143 1415 4224 egregie

220 4260 251 4314 et
279 4251 378 4312 adleta
407 4249 559 4320 consulte,
598 4256 714 4322 vestra,
756 4271 934 4333 quesumus,
977 4253 1120 4314 inchoata
1147 4252 1329 4315 strennuitas
1357 4272 1417 4314 non

221 4357 348 4421 desistat
374 4354 412 4418 ab
447 4375 553 4437 opere,
592 4357 647 4418 sed
681 4350 909 4422 continuacione
938 4362 1065 4423 t'erventi
1094 4361 1199 4423 tloride
1228 4365 1418 4442 perseveret,

223 4469 318 4528 donec
342 4485 377 4525 cv
398 4464 595 4545 plantacionis
619 4471 719 4528 vestre
742 4466 894 4530 laboribus
918 4470 1033 4531 tructus
1057 4469 1189 4549 exoptati
1213 4468 1320 4530 delicie
1344 4488 1417 4529 con·

316 4644 349 4710 a)
364 4644 488 4696 continue
502 4643 530 4694 V.
546 4673 579 4679 -
593 4643 625 4712 d)
640 4641 784 4714 fraglancie
797 4648 827 4699 V.
