3209 5392
274 494 350 565 372

270 689 376 733 norum
405 668 517 732 vestris
546 669 652 731 votivis
678 689 737 731 non
760 666 933 750 impetrabit
954 665 1134 740 affectibus,
1162 688 1220 752 que
1236 668 1323 733 vobis
1340 672 1471 752 propicia

270 777 407 840 redditur
428 795 482 857 pro
505 775 602 839 laudis
625 775 725 838 divine
747 773 900 857 preconiis
922 777 953 836 et
975 793 1029 856 pro
1053 774 1112 838 vite
1143 777 1259 840 meritis
1282 777 1471 845 innocentis?
1510 777 1516 787 ’

270 886 353 949 Ecce
376 884 484 966 igitur,
509 884 560 967 qui
584 905 652 948 cum
675 885 792 947 Martha
821 882 994 966 multiplicis
1016 882 1258 966 perturbacionis
1275 886 1473 968 inquietamur

270 991 479 1063 incommodis,
499 996 680 1074 oportunum
697 990 906 1056 auxiliationis
932 991 1077 1055 solacium
1101 997 1315 1075 exspectantes
1338 996 1472 1079 aquies-

272 1101 410 1166 centibus
427 1100 471 1185 a)
488 1121 556 1163 cum
578 1101 689 1164 llaria:
720 1099 946 1164 universitatem
973 1105 1123 1173 uestram,
1151 1121 1240 1185 quam
1267 1103 1351 1186 regis
1379 1106 1472 1169 eterni

272 1210 406 1292 grauiam
423 1213 454 1272 et
472 1209 594 1273 celestis
611 1210 695 1273 curie
712 1211 846 1273 favorem
870 1209 960 1273 claris
983 1208 1097 1272 babere
1120 1211 1305 1292 argumentis
1322 1213 1472 1294 presumi-

272 1339 355 1390 mus,
383 1337 458 1380 roce
474 1316 515 1405 b)
547 1318 675 1401 supplici
705 1317 841 1381 duximus
869 1318 1098 1402 requirendam,
1134 1325 1284 1402 quatenus
1316 1321 1405 1384 nobis
1438 1341 1472 1383 ac

272 1426 374 1491 inclite
391 1426 426 1490 N.
447 1426 485 1511 c)
502 1429 702 1491 Romanorum
730 1428 854 1509 regine,
881 1427 1014 1492 consorti
1043 1432 1146 1491 nostre
1170 1428 1345 1502 carissime,
1375 1430 1473 1494 divine

274 1536 494 1618 omnipotencie
529 1535 663 1618 graciam
697 1536 806 1600 vestris
834 1537 893 1620 piis
916 1536 1193 1601 interventionibus
1221 1538 1405 1620 acquiratis,
1433 1545 1474 1612 ut,

273 1646 360 1708 cuius
381 1644 564 1708 ammiranda
592 1645 733 1727 potencia
756 1646 809 1708 dat
829 1645 872 1727 d]
887 1666 943 1728 per
965 1646 1099 1728 graciam
1115 1666 1185 1711 esse
1206 1645 1392 1720 fortissima,
1417 1668 1474 1732 que

274 1758 342 1817 sunt
358 1751 478 1835 fragilia
494 1774 549 1835 per
565 1758 711 1826 naturam,
725 1752 911 1817 debilitatem
924 1759 1058 1817 nostram
1073 1754 1182 1818 robore
1195 1756 1300 1821 fulciat
1313 1761 1343 1819 et
1364 1758 1474 1820 uirtute

274 1861 462 1933 corroboret,
479 1861 591 1943 detque
608 1860 695 1924 nobis
712 1860 751 1924 ab
768 1861 829 1924 alto
846 1861 1003 1945 prosequi,
1020 1863 1101 1945 quod
1118 1864 1268 1927 commisit
1284 1871 1316 1927 et
1332 1866 1473 1938 credidit,

275 1977 423 2054 quatenus
440 1968 470 2031 in
487 1968 583 2050 glorie
600 1990 654 2032 sue
672 1969 865 2033 convalescat
882 1976 1087 2053 augmentum,
1100 1978 1131 2034 et
1144 1970 1333 2036 Christianus
1344 1974 1475 2057 populus

218 2058 227 2068 ⁵
274 2098 333 2142 una
359 2076 518 2141 nobiscum
540 2076 571 2140 in
595 2077 819 2160 pulchritudine
840 2079 925 2161 pacis
949 2084 979 2143 et
1001 2078 1106 2161 requie
1129 2080 1271 2161 opulenta
1296 2083 1475 2155 consedeat,

274 2187 396 2252 tandem
413 2186 559 2250 claritatis
574 2192 722 2268 perpetue
737 2187 832 2250 radiis
848 2187 1052 2251 illustrandus.

849 2503 914 2572 23.

335 2716 501 2798 Imperator
517 2717 653 2782 orooro
667 2736 746 2800 pepe
762 2719 840 2800 qnod
856 2718 969 2797 gaudet
984 2719 1023 2783 de
1039 2718 1187 2784 electione
1204 2720 1241 2783 de
1258 2739 1293 2784 eo
1310 2722 1403 2786 lecta

701 2910 779 2965 1275.
794 2927 841 2964 vor
853 2912 913 2966 dem
928 2911 970 2965 10.
984 2913 1044 2967 itai.

278 3091 365 3163 isonia
383 3093 488 3164 liudolf
499 3094 579 3158 atelle,
599 3092 635 3147 im
654 3095 787 3148 lotereace
805 3094 856 3147 der
875 3094 1034 3164 Ftrderuoq
1052 3095 1125 3149 eines
1144 3096 1322 3167 Kreuzzuqeo,
1340 3096 1387 3150 die
1408 3099 1476 3151 Eat·

277 3181 424 3256 ccber'drmp
445 3184 536 3239 aciaco
555 3182 671 3239 sareias
692 3184 740 3238 mit
762 3186 822 3238 dem
843 3183 944 3254 Ktoipe
965 3183 1066 3238 orator
1087 3202 1136 3239 coo
1154 3184 1273 3239 Bdbmea
1295 3188 1355 3241 dem
1378 3189 1478 3258 Papote

740 3277 843 3347 (ἓτερον
855 3275 886 3327 X.
900 3274 1012 3330 onheim.

369 3437 513 3497 Bodmann‚
528 3456 553 3508 p.
568 3437 629 3491 134.
645 3439 769 3500 Garbert,
780 3438 807 3501 2,
821 3438 847 3492 3.
863 3439 974 3501 Stobbc,
988 3456 1030 3492 no.
1046 3437 1108 3493 106.

368 3603 419 3666 llla
437 3601 488 3686 e),
516 3600 690 3665 beatissime
718 3607 816 3685 pater,
846 3602 884 3664 de
906 3601 1075 3665 admirabili
1099 3606 1200 3665 vestra
1224 3602 1385 3666 creacione
1408 3624 1480 3687 pre-

278 3713 389 3777 cordiis
420 3714 531 3776 nostris
559 3711 709 3776 tenaciter
737 3718 785 3775 est
813 3710 902 3774 infixa
924 3709 1051 3784 fiducia,
1074 3712 1125 3774 illa
1146 3732 1252 3776 revera
1275 3713 1481 3778 verisimiliter

278 3840 371 3904 super
387 3840 423 3883 ea
438 3820 632 3903 presumpcio
649 3820 759 3885 nostris
773 3819 885 3884 intimis
903 3825 950 3883 est
966 3820 1114 3903 inpressa,
1133 3821 1212 3902 quod
1226 3842 1262 3884 ex
1279 3821 1408 3885 humane
1422 3823 1479 3886 im-

279 3929 452 3993 becillitatis
470 3930 652 4013 operacione
666 3950 725 3992 non
738 3929 860 4012 prodiit,
877 3930 931 3992 scd
950 3929 1029 4012 quod
1042 3950 1077 3991 cx
1090 3929 1235 4012 inspirata
1247 3929 1345 4003 vobis,
1358 3937 1435 3995 tunc
1450 3933 1480 3994 in

280 4038 404 4102 remotis
432 4037 593 4120 agentibus
615 4038 654 4124 ¹),
683 4038 806 4121 spiritus
835 4037 1037 4120 inspiracione
1066 4038 1204 4121 paracliti
1232 4039 1271 4102 ad
1299 4039 1479 4104 universalis
1594 4114 1595 4127 χ

376 4258 410 4328 a)
434 4263 462 4314 et
479 4258 714 4328 acquiescentibus
732 4258 761 4312 V.
791 4289 818 4298 -
844 4259 877 4326 b)
898 4258 952 4314 voti
977 4258 1007 4312 V.
1024 4289 1055 4298 —
1071 4259 1103 4328 c)
1123 4260 1212 4315 Annae
1231 4259 1311 4317 Gerb.
1332 4292 1366 4301 -
1385 4261 1424 4329 d)
1446 4263 1483 4317 ait

280 4349 311 4405 V.
332 4350 377 4406 dat
395 4351 423 4405 Z.
437 4380 470 4389 -
485 4349 516 4418 e)
536 4351 591 4418 Eya
610 4351 637 4403 Z.
659 4350 773 4403 Gerbert
792 4350 843 4402 und
864 4349 974 4404 Stobbe.
991 4382 1019 4393 -
1037 4349 1072 4427 lla
1087 4350 1177 4402 Rodm.

281 4524 608 4536 m

307 4646 330 4706 ¹)
350 4650 444 4708 Gregor
463 4651 490 4694 X.
511 4650 591 4693 wurde
610 4663 661 4693 zum
679 4651 751 4706 Papst
767 4650 876 4704 maritali,
896 4651 1008 4696 wibrend
1028 4663 1055 4696 er
1075 4650 1126 4696 rich
1145 4651 1187 4695 aut
1205 4651 1271 4696 einer
1288 4652 1438 4711 Pilgeriobrt
1451 4651 1481 4696 im

352 4740 460 4801 heiligen
473 4743 550 4786 Laude
563 4741 657 4787 boland.
