3209 5392
816 931 881 1003 80.

578 1110 772 1175 &nouorum
788 1129 841 1176 ron
857 1110 1044 1191 procuratori
1060 1127 1125 1172 sus.

796 1266 866 1322 1281
876 1268 890 1322 ‘t

245 1414 333 1485 lionip
345 1412 449 1484 liudolf
457 1414 553 1469 arcels
570 1413 653 1470 ciuem
665 1415 790 1469 dicende
805 1412 880 1469 seim
892 1415 998 1470 Μαι
1015 1414 1081 1468 cler
1093 1413 1138 1469 die
1156 1411 1235 1468 Wutl
1247 1412 1320 1469 eines
1333 1413 1446 1486 Papetee

373 1521 423 1560 auo
435 1506 492 1561 uod
502 1513 613 1559 ernenut
625 1503 672 1560 iun
684 1523 716 1560 zu
729 1504 831 1561 seinem
844 1503 1096 1577 Bcootbodcbto'pteu
1110 1503 1154 1560 ba·
1165 1501 1321 1560 demeelben.

341 1651 422 1707 Gorb.
436 1650 463 1711 3,
476 1648 520 1703 26.

334 1796 489 1860 Eraltator
514 1796 669 1860 humilium
685 1798 779 1867 Deus,
808 1802 878 1860 vota
906 1804 1009 1860 nostra
1037 1796 1075 1859 ab
1099 1796 1217 1859 excelso
1241 1795 1444 1881 prospiciens,

246 1906 444 1971 disideratum
466 1907 555 1969 immo
579 1907 676 1970 virum
693 1906 926 1970 desiderabilem
950 1906 1082 1969 ecclesie
1104 1926 1159 1969 sue
1176 1912 1281 1970 sancte
1298 1924 1445 1988 sponsum

245 2015 376 2100 previdit
389 2016 548 2099 ydoneum,
563 2022 603 2086 et,
621 2016 732 2099 siquid,
746 2016 771 2078 si
784 2016 930 2079 audemus
944 2016 1058 2088 dicere,
1076 2015 1107 2078 in
1120 2015 1184 2078 suis
1197 2013 1444 2079 antecessoribus

245 2124 359 2188 exstitit
382 2125 599 2209 inperfectum,
624 2125 712 2208 quasi
736 2146 792 2209 per
815 2126 940 2187 l'ormom
957 2124 1187 2207 compleciorem
1204 2123 1235 2186 in
1251 2124 1445 2188 sanctissimo

246 2253 325 2296 nunc
355 2239 441 2316 patre
466 2239 585 2304 nostro,
617 2233 736 2297 domino
761 2254 857 2318 papa,
887 2232 1035 2315 perlicere
1058 2233 1295 2297 misericorditer
1322 2240 1369 2296 est
1397 2232 1446 2296 di·

246 2348 366 2423 gnotus.

339 2452 420 2514 Sane
437 2451 551 2532 inipso
569 2457 672 2513 noster
688 2451 856 2535 requiescit
873 2450 1006 2522 animus,
1031 2451 1061 2512 in
1086 2452 1152 2533 ipso
1176 2451 1315 2535 ponimus
1331 2451 1447 2514 ancho-

248 2580 312 2623 ram
337 2559 403 2643 spei
422 2565 536 2629 nostre,
561 2566 594 2622 nt
619 2560 684 2644 ipse
709 2559 868 2622 nobiscum
885 2580 1011 2642 regnum
1036 2565 1134 2642 regat,
1158 2560 1284 2644 imperio
1309 2559 1447 2644 imperet,

246 2668 364 2731 ordinet
395 2676 426 2730 et
456 2668 679 2752 disponatque
704 2670 864 2752 utriusque
893 2670 1022 2732 bominis
1051 2669 1112 2731 sint
1141 2669 1257 2733 salutis.
1294 2670 1445 2733 *Preterea

246 2775 408 2846 credimus,
441 2778 529 2839 immo
561 2784 678 2840 certum
709 2778 855 2859 gerimus,
888 2778 969 2862 quod
1002 2778 1082 2862 apud
1114 2778 1212 2860 ipsum
1244 2783 1349 2841 noster
1376 2797 1446 2842 esse

246 2883 360 2947 debeas
377 2886 484 2948 oculos
500 2905 560 2947 non
584 2886 766 2957 dormitans,
788 2887 881 2949 auris
906 2893 1030 2970 patens,
1063 2906 1169 2950 manus
1194 2887 1334 2957 dextera,
1365 2887 1447 2951 iacta

246 3000 351 3058 nostra
380 2993 516 3076 dirigens
547 3001 579 3059 et
610 2996 802 3077 gubernans,
836 2995 916 3059 sicut
949 3001 1052 3059 nostra
1084 2997 1212 3059 directio
1239 3002 1270 3059 et
1298 2995 1328 3058 in
1357 3013 1446 3058 sauro

245 3104 379 3167 Romano
404 3103 529 3186 imperio
554 3105 708 3188 provectio
733 3104 788 3168 tibi
805 3105 866 3169 tuis
885 3125 902 3168 a
918 3104 1064 3187 progenie
1081 3105 1110 3166 in
1127 3105 1290 3190 progenies
1307 3104 1346 3168 ad
1363 3104 1447 3167 exui·

246 3212 395 3275 tacioncm
424 3213 534 3276 cedere
566 3213 677 3276 debeat
708 3214 838 3276 nominis
871 3219 902 3277 et
934 3214 1066 3275 honoris.
1107 3214 1200 3277 Porro
1233 3213 1313 3295 apud
1345 3213 1444 3296 ipsum

246 3319 398 3384 dominum
430 3322 629 3407 apostolicum
660 3328 691 3385 le
723 3329 858 3386 nostrum
891 3329 1117 3404 procuratorem
1157 3322 1369 3386 constituimus
1409 3321 1447 3384 ad

247 3430 506 3500 constituendum,
530 3431 677 3494 allectivis
703 3430 959 3515 persuasionibus
984 3431 1195 3515 inpetrandum
1218 3432 1319 3494 omnia
1342 3450 1447 3497 sacro·

247 3543 353 3602 sancto
369 3540 501 3602 Romano
518 3540 644 3621 imperio
661 3541 834 3625 prol'ulura,
860 3540 923 3601 suis
948 3541 1027 3603 votis
1051 3560 1110 3603 non
1127 3539 1297 3610 contraria,
1321 3540 1375 3603 sed
1392 3559 1448 3622 per

247 3648 347 3711 omnia
363 3647 421 3711 sibi
438 3655 652 3712 consentanea.
687 3650 783 3713 Suum
808 3648 887 3711 enim
911 3648 1006 3719 veile',
1032 3668 1120 3712 suum
1137 3649 1216 3712 nolle
1233 3668 1251 3712 a
1267 3652 1370 3712 nostra
1386 3666 1447 3711 non

247 3756 435 3841 discrepabit
463 3756 522 3819 ullo
549 3761 685 3841 tempore
713 3758 879 3821 voluntate.
913 3759 970 3822 Pro
998 3757 1086 3821 nobis
1115 3757 1218 3840 vigila,
1246 3755 1447 3821 ministerium

246 3871 331 3929 tuum
354 3865 475 3949 impie,
490 3884 566 3950 opus
589 3864 687 3930 fidelis
711 3866 768 3929 viri
792 3865 922 3949 perfice,
952 3867 990 3929 de
1014 3867 1132 3950 reliquo
1157 3887 1176 3931 a
1199 3866 1288 3930 uobis
1304 3882 1447 3929 coronam

245 3974 368 4041 iusticie
383 3975 561 4059 prestolare.

338 4175 455 4230 Gerberl
472 4178 543 4230 aetat
564 4174 615 4229 den
635 4175 712 4229 Brief
727 4175 754 4228 iu
773 4175 823 4229 das
842 4175 911 4230 labr
931 4172 1001 4228 1281
1015 4173 1084 4229 nach
1098 4173 1149 4228 der
1162 4172 1239 4228 Wahl
1259 4171 1379 4228 uanius
1393 4171 1447 4235 IV,

250 4281 303 4318 was
321 4265 378 4319 sicli
394 4264 498 4336 jodoch
517 4265 565 4319 mit
578 4264 733 4320 Sicberbeit
749 4265 826 4319 nicht
838 4266 991 4336 bebaupiou
1004 4265 1081 4320 ilsst.
1107 4265 1158 4320 Dic
1170 4264 1277 4321 Formo!
1291 4264 1364 4318 steht
1377 4262 1446 4316 oucb

246 4354 342 4409 Philoi.
355 4355 419 4418 383,
432 4355 489 4410 rol.
503 4356 548 4409 lo.
