3209 5392
1292 514 1367 588 157

178 691 282 758 oannis
302 695 437 775 potestas
458 690 650 774 progreditur
677 697 708 755 et
728 692 847 775 inipso
867 690 1010 763 numus,
1030 707 1185 753 moremur
1206 695 1237 754 et
1257 703 1370 761 sumus,

182 802 275 865 >auius
302 805 437 883 potestas
465 799 564 864 omnia
593 800 727 865 eontinet
752 819 770 863 a
796 801 871 864 mari
894 817 987 883 usque
1006 800 1047 862 ad
1066 817 1150 862 mare
1170 803 1204 862 et
1217 813 1236 861 a
1250 799 1371 862 humine

180 919 279 994 usque
301 911 341 973 ad
362 909 506 973 terminos
529 908 610 972 orbis
632 914 724 982 terre,
743 909 827 973 euius
841 907 998 991 sapiencia
1013 913 1160 984 ternarum
1176 902 1324 971 stabilitas
1339 914 1372 971 et

151 1019 320 1096 ,uelorum
356 1018 480 1081 saunitas
516 1017 652 1081 orbnate
689 1018 845 1089 oonsistit,
896 1017 934 1080 de
969 1017 1055 1080 euius
1096 1012 1247 1080 thesauris
1289 1010 1371 1079 uenti

180 1126 375 1192 ineffabiliter
397 1127 438 1212 a)
454 1126 657 1208 produountur
679 1130 711 1189 at
738 1127 776 1189 ad
799 1126 884 1189 auius
900 1131 1004 1189 nutum
1025 1125 1098 1189 [iant
1136 1131 1168 1189 et
1204 1121 1372 1188 factasunt

180 1236 331 1299 uniuersa.
359 1235 427 1297 Filii
444 1240 543 1298 autem
558 1234 624 1296 eius
642 1253 732 1316 super
748 1254 868 1298 omnem
883 1242 995 1297 terram
1012 1233 1147 1297 obtinent
1161 1234 1371 1316 principatum,

183 1364 204 1408 a
225 1350 312 1428 patre
333 1343 439 1426 grauis
461 1343 638 1434 virtutisque
659 1347 784 1407 auctore
806 1343 863 1406 illis
883 1348 1033 1425 potestate
1049 1342 1174 1415 collata,
1195 1349 1228 1405 nt
1244 1344 1371 1431 apellant

179 1459 215 1518 et
235 1454 407 1525 destruant,
424 1451 564 1515 edilieent
580 1452 871 1539 atqueplantent1).
889 1453 998 1516 Rerum
1028 1469 1146 1537 quoque
1175 1452 1369 1534 possessione

180 1571 243 1626 non
257 1562 356 1626 tanis
373 1566 404 1625 et
419 1560 582 1624 innumeris
597 1561 761 1626 honoribus
778 1560 906 1624 exaltata
919 1562 1046 1624 fratrum
1061 1565 1092 1624 et
1113 1559 1274 1624 amisorum
1292 1555 1367 1632 eius,
1377 1573 1452 1616 retu
1465 1574 1487 1614 ¹·-

178 1671 234 1753 qui
250 1670 353 1753 sporni
369 1669 484 1733 fanium
499 1668 690 1742 uoluntatem,
705 1669 830 1732 illustris
848 1674 969 1732 caterua
983 1669 1103 1741 letetur,
1124 1669 1196 1731 dum
1209 1668 1298 1731 nimis
1313 1684 1367 1750 pre

181 1779 294 1841 eatenis
310 1776 449 1841 honorati
465 1775 656 1839 dilectionem
670 1776 736 1838 eius
754 1776 890 1839 omnibus
907 1780 1100 1858 anteponunt.
1132 1776 1214 1839 Talis
1230 1775 1322 1858 igitur
1335 1783 1369 1841 et

178 1884 257 1948 tanti
274 1885 387 1967 sponsi,
401 1884 442 1948 de
459 1885 543 1948 euius
561 1884 744 1947 euoelleneia
759 1889 822 1948 tam
841 1883 939 1965 glorio
957 1901 975 1946 a
997 1890 1170 1955 narrantur,
1192 1884 1369 1967 dyademate

176 1993 333 2075 insignita,
346 1991 473 2057 filiorum
485 1993 580 2075 glaria
591 1993 746 2065 desorata,
758 1904 1132 2056 fraternaliffiobilominus
1145 2011 1180 2056 au
1194 1992 1370 2058 dileutorum

177 2099 417 2183 absequeaeium
431 2100 592 2164 munimine
608 2100 813 2172 dhenmfulta3
844 2100 963 2181 sagitte
975 2098 1100 2163 volantis
1116 2119 1170 2182 per
1192 2099 1289 2171 diem,
1315 2119 1370 2167 seu

179 2208 316 2272 demanii
352 2208 511 2272 meridiani
546 2208 780 2290 perambulantis
817 2208 848 2270 in
884 2199 1031 2271 tenebris
1050 2227 1110 2270 non
1140 2209 1302 2273 terrebitur
1332 2211 1370 2275 ab

61 2369 66 2380 .
176 2317 387 2390 incursauere
404 2317 520 2380 timebit
536 2333 554 2379 a
568 2317 674 2381 timore
690 2322 849 2386 nocturno,
869 2314 967 2398 ipsam
987 2316 1139 2379 offendere
1156 2323 1313 2400 satagente
1327 2320 1368 2406 Β).

176 2425 272 2490 immo
299 2430 382 2490 muto
404 2425 500 2507 magis
523 2425 629 2488 insana
649 2424 867 2506 presumptoris
889 2424 1043 2489 temeritas
1066 2424 1230 2499 iudicatur,
1259 2434 1370 2511 quanto

180 2539 288 2599 sonim
301 2534 510 2597 uniuersorum
524 2533 676 2597 dominam
697 2533 813 2597 calcem
835 2533 1036 2615 superbiendo
1059 2535 1156 2598 elevat
1176 2541 1207 2598 et
1227 2542 1370 2610 montem,

179 2643 261 2707 unde
292 2642 374 2706 veuit
400 2642 517 2707 eunetis
545 2642 698 2713 auxilium
725 2646 852 2723 tangere
879 2662 938 2706 non
965 2641 1121 2717 formidat,
1150 2664 1217 2706 aum
1245 2646 1371 2709 nonsit

178 2751 333 2833 sapiencia
349 2771 405 2814 nee
421 2750 565 2814 fortitudo
579 2750 679 2833 aliqua
696 2755 801 2814 uonna
816 2750 923 2813 Deum.
950 2751 1031 2815 Sane
1048 2770 1106 2833 quo
1123 2752 1228 2834 spiritu
1244 2751 1371 2817 dueatur
1399 2779 1402 2785 ·

178 2860 220 2923 ad
250 2858 445 2924 offensionem
475 2858 578 2922 matris
612 2858 743 2922 eoelesie
776 2863 970 2922 sacrosancte
1001 2864 1032 2921 et
1060 2866 1171 2942 quanta
1202 2863 1370 2926 temeritate

175 2969 297 3032 feratur
313 2967 495 3049 perdicionis
524 2966 616 3039 tilius,
648 2966 825 3048 antyohristi
848 2967 952 3032 similis
981 2972 1012 3031 et
1038 2987 1216 3050 precursor,
1244 2971 1295 3053 qui
1316 2988 1371 3053 per

178 3076 405 3159 ingratitudinis
436 3076 546 3141 uirium
576 3076 727 3139 a'mntris
759 3076 893 3157 greum,
930 3095 1019 3159 qnam
1050 3078 1179 3158 sprevit,
1215 3078 1370 3161 inprovide

178 3186 312 3258 nutritus
339 3185 377 3248 ab
404 3205 442 3247 ea
467 3189 500 3248 et
526 3185 603 3250 ultra
624 3185 705 3250 vires
727 3185 895 3258 suimeriti
916 3185 1158 3268 insuperabiliter
1177 3206 1232 3269 pre
1260 3190 1370 3252 ceteris

181 3294 342 3367 summias,
358 3314 418 3357 uon
432 3293 572 3357 inmerito
589 3293 701 3358 divisus
718 3293 835 3364 existit,
857 3314 912 3375 per
927 3293 1030 3357 literas
1047 3313 1117 3357 suas
1133 3294 1229 3369 robis,
1247 3318 1264 3361 o
1279 3315 1370 3379 regas

178 3408 214 3466 et
228 3402 395 3485 principes,
415 3402 581 3465 destinatas
597 3409 665 3485 post
681 3402 884 3485 deposicionis
907 3404 1103 3477 sentenciam,
1125 3421 1213 3487 quam
1228 3406 1259 3469 in
1274 3407 1371 3489 ipsum

182 3512 305 3577 tulimus
336 3511 375 3574 oh
405 3511 562 3582 innumera
590 3517 623 3575 et
654 3512 783 3576 nefanda
813 3511 907 3594 ipsius
938 3512 1074 3595 flagicia,
1113 3533 1171 3598 que
1202 3516 1311 3579 nedum
1340 3516 1372 3580 in

178 3621 384 3704 gubernatore
411 3619 546 3702 imperii,
575 3635 678 3683 verum
705 3620 802 3684 eriam
829 3620 962 3684 tollerari
989 3641 1049 3685 uon
1075 3628 1201 3703 possent
1220 3623 1251 3686 in
1272 3623 1370 3707 aliquo

178 3729 341 3794 christiani
364 3728 490 3792 nominis
512 3729 697 3810 professore,
726 3729 811 3800 dum,
839 3729 981 3793 maternis
1002 3729 1123 3793 monitis
1145 3745 1205 3793 non
1220 3731 1371 3805 admissis,

180 3837 399 3919 inaorrigibilis
426 3857 551 3920 prorsus
579 3836 709 3902 existere
739 3853 800 3901 non
832 3838 1001 3909 erubescit,
1032 3838 1195 3902 Pharaonis
1226 3840 1372 3905 durieiam

180 3948 316 4012 imitatus
321 3945 372 4033 t).
380 3948 438 4011 Per
449 3921 512 4011 ista
513 3944 551 4031 e)
559 3966 643 4009 suam
650 3965 800 4028 exponens
809 3946 958 4010 iusticiam
971 3952 1002 4009 et
1012 3948 1370 4022 auetoritatem‚nastram

181 4056 264 4122 omni
281 4077 386 4120 carere
404 4056 524 4139 penitus
540 4055 674 4127 rasione,
690 4060 831 4138 nuquam
846 4077 907 4121 nau
927 4055 1047 4119 intersit
1062 4057 1209 4130 eaobsie,
1230 4059 1279 4121 ani
1300 4060 1373 4125 lieet

180 4164 334 4231 immeriti·
352 4164 553 4247 presidemus,
575 4168 679 4248 utpote
701 4164 739 4227 de
760 4164 975 4249 temporalibus
998 4165 1193 4247 spiritualiter
1218 4168 1371 4242 iudieare;

275 4380 310 4449 a)
324 4379 349 4436 ia
373 4396 414 4434 am
434 4380 534 4435 hande.
553 4407 578 4421 -
597 4380 629 4450 b)
652 4379 769 4437 nmen
794 4380 927 4443 imitatus,
952 4381 1064 4450 quilibet
1086 4388 1175 4453 potest
1193 4395 1257 4440 sane
1280 4388 1372 4442 manha

185 4473 339 4528 advertere.
354 4501 387 4511 —
402 4471 433 4542 e)
448 4472 522 4543 ipsas
535 4472 668 4543 siquidem
682 4469 757 4527 suam
768 4472 925 4544 exponendo
938 4476 990 4526 ete.
1006 4472 1119 4528 u-ureh.

184 4592 510 4603 Ἥ

209 4651 233 4711 1)
250 4655 339 4699 terem.
359 4653 381 4707 l,
402 4654 441 4698 10.

210 4732 234 4796 ²)
253 4736 339 4779 Psatm.
357 4734 397 4789 90,
414 4733 493 4779 t-r.
