3209 5392
846 900 920 964 Vl.

493 1065 633 1181 Incipit
654 1066 898 1180 prohemium
920 1066 959 1153 in
983 1097 1082 1182 opus
1103 1096 1289 1181 sequens.

384 1260 548 1324 Elueidatis
565 1260 603 1322 ab
619 1259 710 1322 inicio
726 1261 833 1322 tamin
858 1280 970 1342 genere
987 1281 1074 1345 quam
1089 1262 1120 1324 in
1136 1264 1244 1345 specie
1254 1263 1322 1335 his,
1350 1282 1406 1346 que
1419 1268 1472 1325 tarn

298 1372 334 1433 de
351 1370 520 1434 substantia
537 1389 625 1452 quam
642 1369 860 1452 sollempnitate
870 1376 947 1462 ¹sunt
964 1372 1099 1453 epistole,
1113 1378 1143 1435 et
1154 1378 1260 1455 postea
1274 1372 1474 1436 domonstratis

295 1478 478 1563 quarundam
485 1478 525 1563 a)
532 1478 683 1541 literarum
690 1478 804 1550 formis,
814 1499 872 1562 quc
885 1479 917 1541 in
930 1480 1019 1543 curiis
1026 1480 1194 1563 principum
1206 1482 1271 1545 dari
1286 1483 1394 1553 solent,
1406 1500 1474 1543 nunc

297 1589 334 1651 de
351 1588 492 1669 epistola,
519 1593 607 1669 prout
623 1587 714 1650 estin
731 1587 888 1670 suiipsius
905 1587 1060 1661 esseneia,
1087 1589 1208 1653 realiter
1230 1595 1261 1653 et
1278 1589 1477 1671 exemplariter

299 1697 468 1767 videamus,
496 1696 634 1777 ponendo
662 1696 780 1759 scilicet
806 1697 944 1759 formas
973 1696 1188 1770 literarum,
1222 1718 1282 1782 que
1316 1697 1475 1761 missiles

299 1802 455 1873 dicuntur,
490 1802 593 1865 circa
626 1821 780 1885 quarum
818 1804 1086 1884 cognicionem
1123 1805 1326 1885 presentis
1359 1802 1476 1886 operis
1577 1851 1578 1858 ,

299 1909 579 1993 principaliter
609 1918 788 1974 versatur
820 1912 1008 1983 intencio,
1040 1932 1075 1974 eo
1099 1913 1178 1996 quod
1193 1914 1291 1995 magis
1319 1911 1477 1977 habeantur

306 2022 336 2081 in
352 2035 408 2082 usu
421 2019 499 2101 apud
515 2019 683 2082 modernos.
701 2020 797 2083 Primo
814 2021 915 2103 itaque
931 2026 1082 2102 ponuntur
1095 2020 1181 2083 litere
1197 2021 1332 2103 papales,
1349 2027 1478 2104 tanquan

301 2128 487 2209 spirituales,
505 2128 638 2190 secundo
654 2128 866 2209 imperatorum
878 2128 917 2209 b)
934 2133 964 2191 et
980 2149 1085 2210 regum
1101 2129 1318 2201 Romanorum,
1347 2135 1478 2213 tanquan
1577 2195 1579 2204 ἱ

263 2312 265 2316 ¹
302 2238 465 2308 seculares,
482 2242 550 2319 post
565 2236 622 2298 hee
639 2235 809 2299 libertatum
823 2236 921 2309 litere,
938 2237 1039 2301 ultimo
1055 2237 1140 2301 litere
1157 2238 1328 2319 generales.

744 2441 773 2502 l.
790 2438 892 2502 Littcre
908 2440 1036 2518 papales.

883 2608 915 2675 l.

565 2749 642 2828 lupa
658 2749 809 2828 prorlncle
827 2748 864 2809 nd
882 2746 968 2809 fldem
984 2748 1211 2827 susciplendum.

304 2908 355 2961 Eia
378 2910 463 2978 Papst
492 2905 613 2977 (Grcpor
631 2906 713 2973 ΙΧῩ)
741 2904 862 2975 fordert,
888 2912 965 2958 anter
986 2904 1157 2976 Hinweieunp
1184 2905 1238 2976 auf
1259 2905 1305 2960 die
1326 2903 1482 2977 Nicdta‘glrcit

301 2995 434 3051 ildiecber
459 2999 555 3066 (datter,
584 2997 641 3050 eine
666 2993 851 3049 Gesammdreit
873 2993 1070 3064 (autumnitas)
1093 2995 1159 3065 auf,
1188 2994 1275 3076 dirrcb
1300 2996 1408 3050 Beicbte
1429 2995 1481 3049 ilre

306 3085 470 3141 l'crdreclren
492 3106 523 3140 zu
549 3086 650 3139 sdbnen
671 3086 729 3139 und
755 3087 806 3139 den
828 3084 1030 3156 Ermobuunpcn
1051 3087 1099 3140 dee
1124 3086 1358 3153 Ordenedrudere,
1386 3087 1436 3141 den
1455 3102 1481 3138 cr
1577 3083 1578 3088 ’

541 3176 594 3246 auf
605 3177 649 3231 iar
669 3178 816 3247 Verianpen
829 3176 984 3241 tarsenae,
1001 3175 1093 3230 Geddr
1103 3195 1136 3229 zu
1147 3178 1239 3248 geben.

388 3305 480 3367 Lucis
497 3310 599 3368 eterne
622 3304 732 3367 lumine
754 3304 916 3366 destitutus
932 3304 1056 3376 lucifer,
1086 3304 1201 3367 caduca
1218 3303 1362 3385 superbia
1377 3322 1479 3386 procn-

299 3411 828 3494 rantc,celocontinerinequiens,eo
837 3410 1066 3494 quodperpetue
1080 3411 1216 3473 cecitatis
1230 3412 1374 3475 tenebras
1386 3411 1480 3474 incur·

299 3522 390 3583 risset
399 3526 429 3584 et
438 3521 644 3603 cumperditus
653 3540 688 3582 ac
696 3520 870 3603 perditionis
879 3519 1014 3583 minister
1026 3519 1151 3583 effeetus
1160 3519 1208 3603 c),
1215 3541 1253 3582 ne
1260 3521 1416 3603 ademptas
1429 3515 1479 3579 sibi

299 3630 423 3693 delicias
437 3630 634 3711 sempiternas
648 3629 744 3712 possit
766 3628 946 3692 conditionis
960 3629 1090 3692 humane
1107 3630 1236 3711 dignitas
1253 3629 1399 3712 adipisci,
1417 3626 1478 3711 quia

298 3741 395 3814 solent
408 3739 509 3801 miseri
522 3739 719 3821 prosperitate
735 3737 869 3801 felicium
883 3738 1022 3808 cruciari,
1033 3738 1113 3800 illam
1128 3738 1160 3800 in
1170 3738 1350 3820 profundum
1363 3735 1477 3821 perfidie

298 3849 335 3913 ab
344 3849 496 3911 altitudine
504 3846 573 3909 fidei
581 3847 699 3910 deicere
708 3846 823 3916 nititur,
830 3852 863 3908 ut
875 3846 905 3907 in
916 3846 1014 3909 lacurn
1028 3867 1081 3909 sue
1093 3847 1212 3908 miserie
1227 3846 1402 3917 deducatur,
1410 3842 1477 3907 esti·

298 3978 383 4020 mans
396 3977 450 4038 per
465 3957 522 4019 hoc
536 3955 752 4037 dampnationis
769 3975 822 4017 sue
839 3954 989 4018 cumulum
1004 3954 1157 4025 minorari,
1174 3975 1241 4018 cum
1259 3954 1354 4018 soleat
1366 3950 1477 4016 afflictis

301 4070 449 4154 quoddam
479 4068 585 4130 afferre
607 4068 744 4130 solatium
761 4072 846 4148 grata
861 4066 979 4130 miseris
1008 4066 1138 4129 societas
1165 4066 1352 4129 miserorum.
1386 4064 1475 4145 Quare

298 4179 521 4243 universitatem
551 4181 681 4239 vestram
704 4177 858 4239 hortamur
880 4177 911 4238 in
933 4175 1051 4238 domino
1074 4176 1148 4239 lesu
1171 4176 1306 4248 Christo,
1336 4181 1474 4259 quatenus

298 4308 444 4350 memores
468 4287 645 4357 existentes,
686 4284 766 4367 quod
800 4284 898 4347 omnia
925 4291 1080 4347 transeunt
1101 4284 1189 4347 velud
1211 4284 1315 4348 umbra
1336 4290 1367 4347 et
1392 4278 1475 4345 nichil

297 4396 466 4459 in'divitiis
493 4396 638 4458 retinetur
664 4398 766 4476 preter
792 4393 838 4466 id,
873 4394 951 4476 quod
977 4396 1008 4456 in
1035 4394 1192 4457 thesauros
1221 4396 1349 4457 celestes
1376 4409 1472 4464 manus

299 4507 436 4569 deferunt
453 4523 625 4585 egenorum,
639 4502 675 4565 de
687 4501 834 4565 habendis
846 4502 951 4565 amodo
967 4500 1124 4563 fallacibus
1139 4502 1241 4564 mundi
1258 4501 1366 4566 divitiis
1384 4495 1473 4579 decipi

393 4652 426 4720 a)
445 4649 617 4720 quarundam,
630 4666 680 4702 ron
694 4646 807 4702 anderer
820 4647 893 4700 lland
906 4664 947 4700 am
960 4647 1050 4700 Raude
1063 4646 1091 4698 V.
1113 4678 1146 4686 -
1160 4646 1192 4711 b)
1206 4646 1348 4701 Correctnr
1361 4644 1467 4698 anderer

305 4743 380 4797 Hand
393 4744 434 4797 fur
448 4745 626 4813 inperatorum
641 4740 669 4792 V.
684 4768 718 4779 -
732 4739 763 4806 r)
778 4742 852 4793 esset
866 4756 896 4791 zu
910 4744 1049 4808 erganzcn.
