<?xml version="1.0" encoding="UTF-8"?>
<!DOCTYPE html PUBLIC "-//W3C//DTD XHTML 1.0 Transitional//EN"
    "http://www.w3.org/TR/xhtml1/DTD/xhtml1-transitional.dtd">
<html xmlns="http://www.w3.org/1999/xhtml" xml:lang="en" lang="en">
 <head>
  <title>
</title>
<meta http-equiv="Content-Type" content="text/html;charset=utf-8" />
  <meta name='ocr-system' content='tesseract 3.04.00' />
  <meta name='ocr-capabilities' content='ocr_page ocr_carea ocr_par ocr_line ocrx_word'/>
</head>
<body>
  <div class='ocr_page' id='page_1' title='image "./fontesrerumaust00unkngoog_0133.png"; bbox 0 0 3209 5392; ppageno 0'>
   <div class='ocr_carea' id='block_1_1' title="bbox 44 757 141 850">
    <p class='ocr_par' dir='ltr' id='par_1_1' title="bbox 44 757 141 850">
     <span class='ocr_line' id='line_1_1' title="bbox 44 757 141 850; baseline 0 -84"><span class='ocrx_word' id='word_1_1' title='bbox 44 757 49 766; x_wconf 88' lang='lat'>.</span> <span class='ocrx_word' id='word_1_2' title='bbox 79 785 141 850; x_wconf 30' lang='grc' dir='ltr'>Ἣ*</span> 
     </span>
    </p>
   </div>
   <div class='ocr_carea' id='block_1_2' title="bbox 143 841 235 899">
    <p class='ocr_par' dir='ltr' id='par_1_2' title="bbox 143 841 235 899">
     <span class='ocr_line' id='line_1_2' title="bbox 143 841 235 899; baseline 0 -29"><span class='ocrx_word' id='word_1_3' title='bbox 143 841 197 899; x_wconf 42' lang='grc' dir='ltr'>χιι</span> <span class='ocrx_word' id='word_1_4' title='bbox 233 867 235 870; x_wconf 95' lang='grc'>.</span> 
     </span>
    </p>
   </div>
   <div class='ocr_carea' id='block_1_3' title="bbox 191 2644 287 2685">
    <p class='ocr_par' dir='ltr' id='par_1_3' title="bbox 191 2644 287 2685">
     <span class='ocr_line' id='line_1_3' title="bbox 191 2644 287 2685; baseline 0.01 -1"><span class='ocrx_word' id='word_1_5' title='bbox 191 2644 267 2685; x_wconf 71' lang='lat' dir='ltr'>sonas</span> <span class='ocrx_word' id='word_1_6' title='bbox 277 2657 287 2685; x_wconf 86' lang='grc' dir='ltr'>ι</span> 
     </span>
    </p>
   </div>
   <div class='ocr_carea' id='block_1_4' title="bbox 311 487 385 559">
    <p class='ocr_par' dir='ltr' id='par_1_4' title="bbox 311 487 385 559">
     <span class='ocr_line' id='line_1_4' title="bbox 311 487 385 559; baseline 0.014 -1"><span class='ocrx_word' id='word_1_7' title='bbox 311 487 385 559; x_wconf 81' lang='lat' dir='ltr'>loc</span> 
     </span>
    </p>
   </div>
   <div class='ocr_carea' id='block_1_5' title="bbox 281 667 1483 1188">
    <p class='ocr_par' dir='ltr' id='par_1_5' title="bbox 407 667 1481 756">
     <span class='ocr_line' id='line_1_5' title="bbox 407 667 1481 756; baseline 0.007 -29"><span class='ocrx_word' id='word_1_8' title='bbox 407 672 419 719; x_wconf 82' lang='grc' dir='ltr'><strong><em>Ι</em></strong></span> <span class='ocrx_word' id='word_1_9' title='bbox 428 687 446 728; x_wconf 84' lang='lat' dir='ltr'>e</span> <span class='ocrx_word' id='word_1_10' title='bbox 460 667 546 730; x_wconf 86' lang='lat' dir='ltr'>mela</span> <span class='ocrx_word' id='word_1_11' title='bbox 561 672 784 736; x_wconf 76' lang='lat' dir='ltr'>consuetudine</span> <span class='ocrx_word' id='word_1_12' title='bbox 795 675 843 754; x_wconf 85' lang='lat' dir='ltr'>a).</span> <span class='ocrx_word' id='word_1_13' title='bbox 865 673 1000 744; x_wconf 88' lang='lat' dir='ltr'>llalicia,</span> <span class='ocrx_word' id='word_1_14' title='bbox 1029 691 1117 756; x_wconf 89' lang='lat' dir='ltr'>qnam</span> <span class='ocrx_word' id='word_1_15' title='bbox 1134 673 1200 755; x_wconf 88' lang='lat' dir='ltr'>quis</span> <span class='ocrx_word' id='word_1_16' title='bbox 1216 672 1353 755; x_wconf 80' lang='lat' dir='ltr'>recipite</span> <span class='ocrx_word' id='word_1_17' title='bbox 1368 691 1481 736; x_wconf 83' lang='lat' dir='ltr'>consue·</span> 
     </span>
    </p>

    <p class='ocr_par' dir='ltr' id='par_1_6' title="bbox 292 769 1481 1188">
     <span class='ocr_line' id='line_1_6' title="bbox 322 769 1322 864; baseline 0.01 -31"><span class='ocrx_word' id='word_1_18' title='bbox 322 769 409 834; x_wconf 89' lang='lat' dir='ltr'>udine</span> <span class='ocrx_word' id='word_1_19' title='bbox 425 774 472 835; x_wconf 81' lang='lat' dir='ltr'>vel</span> <span class='ocrx_word' id='word_1_20' title='bbox 489 780 617 846; x_wconf 88' lang='lat' dir='ltr'>natura,</span> <span class='ocrx_word' id='word_1_21' title='bbox 621 797 678 839; x_wconf 88' lang='lat' dir='ltr'>nec</span> <span class='ocrx_word' id='word_1_22' title='bbox 694 784 830 862; x_wconf 88' lang='lat' dir='ltr'>tempore</span> <span class='ocrx_word' id='word_1_23' title='bbox 845 781 908 843; x_wconf 93' lang='lat' dir='ltr'>tolli</span> <span class='ocrx_word' id='word_1_24' title='bbox 924 781 1034 863; x_wconf 88' lang='lat' dir='ltr'>poterit</span> <span class='ocrx_word' id='word_1_25' title='bbox 1051 800 1107 844; x_wconf 88' lang='lat' dir='ltr'>nec</span> <span class='ocrx_word' id='word_1_26' title='bbox 1125 780 1262 843; x_wconf 89' lang='lat' dir='ltr'>doctrina</span> <span class='ocrx_word' id='word_1_27' title='bbox 1276 785 1322 864; x_wconf 79' lang='lat' dir='ltr'>l).</span> 
     </span>
     <span class='ocr_line' id='line_1_7' title="bbox 394 882 1482 973; baseline 0.003 -27"><span class='ocrx_word' id='word_1_28' title='bbox 394 882 475 947; x_wconf 86' lang='lat' dir='ltr'>ltem</span> <span class='ocrx_word' id='word_1_29' title='bbox 498 885 539 948; x_wconf 85' lang='lat' dir='ltr'>de</span> <span class='ocrx_word' id='word_1_30' title='bbox 566 889 752 952; x_wconf 82' lang='lat' dir='ltr'>constancia</span> <span class='ocrx_word' id='word_1_31' title='bbox 768 891 941 955; x_wconf 82' lang='lat' dir='ltr'>amicorum</span> <span class='ocrx_word' id='word_1_32' title='bbox 954 893 999 972; x_wconf 87' lang='lat' dir='ltr'>c).</span> <span class='ocrx_word' id='word_1_33' title='bbox 1028 891 1160 954; x_wconf 81' lang='lat' dir='ltr'>Fortuna</span> <span class='ocrx_word' id='word_1_34' title='bbox 1177 890 1316 973; x_wconf 87' lang='lat' dir='ltr'>quotiens</span> <span class='ocrx_word' id='word_1_35' title='bbox 1333 887 1482 967; x_wconf 75' lang='lat' dir='ltr'>claudicat</span> 
     </span>
     <span class='ocr_line' id='line_1_8' title="bbox 281 969 1481 1072; baseline 0.005 -21.056"><span class='ocrx_word' id='word_1_36' title='bbox 281 969 417 1072; x_wconf 63' lang='lat' dir='ltr'>”qaapta</span> <span class='ocrx_word' id='word_1_37' title='bbox 445 991 484 1053; x_wconf 89' lang='lat' dir='ltr'>sit</span> <span class='ocrx_word' id='word_1_38' title='bbox 516 993 604 1056; x_wconf 91' lang='lat' dir='ltr'>amici</span> <span class='ocrx_word' id='word_1_39' title='bbox 633 998 807 1061; x_wconf 77' lang='lat' dir='ltr'><strong>constancia</strong></span> <span class='ocrx_word' id='word_1_40' title='bbox 839 998 1087 1062; x_wconf 83' lang='lat' dir='ltr'>manifestat-</span> <span class='ocrx_word' id='word_1_41' title='bbox 1109 998 1230 1062; x_wconf 86' lang='lat' dir='ltr'>Arridct</span> <span class='ocrx_word' id='word_1_42' title='bbox 1263 997 1374 1059; x_wconf 88' lang='lat' dir='ltr'>amicus</span> <span class='ocrx_word' id='word_1_43' title='bbox 1397 996 1481 1057; x_wconf 89' lang='lat' dir='ltr'>amico</span> 
     </span>
     <span class='ocr_line' id='line_1_9' title="bbox 305 1089 1483 1188; baseline 0.003 -27"><span class='ocrx_word' id='word_1_44' title='bbox 305 1099 336 1161; x_wconf 91' lang='lat' dir='ltr'>in</span> <span class='ocrx_word' id='word_1_45' title='bbox 351 1089 516 1188; x_wconf 71' lang='lat' dir='ltr'>prospe-ts,</span> <span class='ocrx_word' id='word_1_46' title='bbox 533 1101 627 1163; x_wconf 87' lang='lat' dir='ltr'>sed</span> <span class='ocrx_word' id='word_1_47' title='bbox 603 1123 629 1164; x_wconf 88' lang='lat' dir='ltr'>sr</span> <span class='ocrx_word' id='word_1_48' title='bbox 650 1103 739 1170; x_wconf 79' lang='lat' dir='ltr'><strong>fallax</strong></span> <span class='ocrx_word' id='word_1_49' title='bbox 760 1106 975 1187; x_wconf 85' lang='lat' dir='ltr'>fuerit,1psum</span> <span class='ocrx_word' id='word_1_50' title='bbox 998 1106 1139 1171; x_wconf 89' lang='lat' dir='ltr'>deserit</span> <span class='ocrx_word' id='word_1_51' title='bbox 1131 1127 1161 1168; x_wconf 88' lang='lat' dir='ltr'>rn</span> <span class='ocrx_word' id='word_1_52' title='bbox 1177 1105 1389 1169; x_wconf 81' lang='lat' dir='ltr'>adversis-</span> <span class='ocrx_word' id='word_1_53' title='bbox 1413 1103 1483 1166; x_wconf 77' lang='lat' dir='ltr'>hmi-</span> 
     </span>
    </p>
   </div>
   <div class='ocr_carea' id='block_1_6' title="bbox 307 1203 1583 1300">
    <p class='ocr_par' dir='ltr' id='par_1_7' title="bbox 307 1203 1583 1300">
     <span class='ocr_line' id='line_1_10' title="bbox 307 1203 1583 1300; baseline 0.002 -29"><span class='ocrx_word' id='word_1_54' title='bbox 307 1228 411 1272; x_wconf 89' lang='lat' dir='ltr'>corum</span> <span class='ocrx_word' id='word_1_55' title='bbox 441 1203 548 1273; x_wconf 84' lang='lat' dir='ltr'>fidem</span> <span class='ocrx_word' id='word_1_56' title='bbox 551 1213 743 1300; x_wconf 62' lang='lat' dir='ltr'>pempcritas</span> <span class='ocrx_word' id='word_1_57' title='bbox 770 1234 830 1277; x_wconf 92' lang='lat' dir='ltr'>non</span> <span class='ocrx_word' id='word_1_58' title='bbox 858 1216 1013 1296; x_wconf 87' lang='lat' dir='ltr'>agnoscit,</span> <span class='ocrx_word' id='word_1_59' title='bbox 1041 1235 1129 1299; x_wconf 90' lang='lat' dir='ltr'>quam</span> <span class='ocrx_word' id='word_1_60' title='bbox 1154 1215 1217 1277; x_wconf 92' lang='lat' dir='ltr'>sola</span> <span class='ocrx_word' id='word_1_61' title='bbox 1233 1214 1317 1278; x_wconf 83' lang='lat' dir='ltr'>norit</span> <span class='ocrx_word' id='word_1_62' title='bbox 1335 1213 1483 1277; x_wconf 75' lang='lat' dir='ltr'>adversitas</span> <span class='ocrx_word' id='word_1_63' title='bbox 1582 1205 1583 1242; x_wconf 75' lang='lat'>³</span> 
     </span>
    </p>
   </div>
   <div class='ocr_carea' id='block_1_7' title="bbox 306 1337 1582 2057">
    <p class='ocr_par' dir='ltr' id='par_1_8' title="bbox 307 1337 444 1399">
     <span class='ocr_line' id='line_1_11' title="bbox 307 1337 444 1399; baseline -0.007 -19"><span class='ocrx_word' id='word_1_64' title='bbox 307 1337 444 1399; x_wconf 85' lang='lat' dir='ltr'>experrrr.</span> 
     </span>
    </p>

    <p class='ocr_par' dir='ltr' id='par_1_9' title="bbox 306 1427 1485 1833">
     <span class='ocr_line' id='line_1_12' title="bbox 396 1427 1485 1522; baseline -0.003 -31"><span class='ocrx_word' id='word_1_65' title='bbox 396 1427 447 1491; x_wconf 90' lang='lat' dir='ltr'>De</span> <span class='ocrx_word' id='word_1_66' title='bbox 472 1431 549 1510; x_wconf 80' lang='lat' dir='ltr'>ficto</span> <span class='ocrx_word' id='word_1_67' title='bbox 577 1429 734 1495; x_wconf 77' lang='lat' dir='ltr'><strong><em>amicicia.</em></strong></span> <span class='ocrx_word' id='word_1_68' title='bbox 770 1429 914 1522; x_wconf 67' lang='lat' dir='ltr'>Simulata</span> <span class='ocrx_word' id='word_1_69' title='bbox 931 1431 1058 1496; x_wconf 92' lang='lat' dir='ltr'>dileccio</span> <span class='ocrx_word' id='word_1_70' title='bbox 1086 1433 1236 1496; x_wconf 88' lang='lat' dir='ltr'>hominem</span> <span class='ocrx_word' id='word_1_71' title='bbox 1264 1431 1438 1494; x_wconf 80' lang='lat' dir='ltr'>dehonestat</span> <span class='ocrx_word' id='word_1_72' title='bbox 1460 1433 1485 1488; x_wconf 90' lang='lat' dir='ltr'>ct</span> 
     </span>
     <span class='ocr_line' id='line_1_13' title="bbox 306 1535 1485 1622; baseline 0.001 -25"><span class='ocrx_word' id='word_1_73' title='bbox 306 1535 402 1616; x_wconf 90' lang='lat' dir='ltr'>ipsum</span> <span class='ocrx_word' id='word_1_74' title='bbox 431 1535 567 1600; x_wconf 90' lang='lat' dir='ltr'>omnihus</span> <span class='ocrx_word' id='word_1_75' title='bbox 596 1536 732 1600; x_wconf 89' lang='lat' dir='ltr'>odiosum</span> <span class='ocrx_word' id='word_1_76' title='bbox 760 1538 893 1602; x_wconf 80' lang='lat' dir='ltr'>declarat</span> <span class='ocrx_word' id='word_1_77' title='bbox 919 1541 967 1622; x_wconf 80' lang='lat' dir='ltr'>d).</span> <span class='ocrx_word' id='word_1_78' title='bbox 987 1573 1042 1604; x_wconf 61' lang='grc' dir='ltr'>·-η-</span> <span class='ocrx_word' id='word_1_79' title='bbox 1065 1541 1206 1603; x_wconf 85' lang='lat' dir='ltr'>Amicicia</span> <span class='ocrx_word' id='word_1_80' title='bbox 1243 1540 1334 1602; x_wconf 81' lang='lat' dir='ltr'>fallax</span> <span class='ocrx_word' id='word_1_81' title='bbox 1363 1541 1485 1621; x_wconf 87' lang='lat' dir='ltr'>prompta</span> 
     </span>
     <span class='ocr_line' id='line_1_14' title="bbox 308 1644 1484 1730; baseline -0.001 -24"><span class='ocrx_word' id='word_1_82' title='bbox 308 1649 354 1707; x_wconf 89' lang='lat' dir='ltr'>est</span> <span class='ocrx_word' id='word_1_83' title='bbox 385 1644 423 1707; x_wconf 90' lang='lat' dir='ltr'>ad</span> <span class='ocrx_word' id='word_1_84' title='bbox 453 1645 616 1725; x_wconf 89' lang='lat' dir='ltr'>promissa,</span> <span class='ocrx_word' id='word_1_85' title='bbox 654 1667 744 1709; x_wconf 82' lang='lat' dir='ltr'>verax</span> <span class='ocrx_word' id='word_1_86' title='bbox 782 1654 882 1712; x_wconf 91' lang='lat' dir='ltr'>autem</span> <span class='ocrx_word' id='word_1_87' title='bbox 921 1649 1056 1712; x_wconf 88' lang='lat' dir='ltr'>amicicia</span> <span class='ocrx_word' id='word_1_88' title='bbox 1095 1650 1147 1711; x_wconf 75' lang='lat' dir='ltr'>aa</span> <span class='ocrx_word' id='word_1_89' title='bbox 1155 1647 1359 1730; x_wconf 69' lang='lat' dir='ltr'>enihicioncm</span> <span class='ocrx_word' id='word_1_90' title='bbox 1396 1644 1484 1726; x_wconf 87' lang='lat' dir='ltr'>operis</span> 
     </span>
     <span class='ocr_line' id='line_1_15' title="bbox 307 1757 1251 1833; baseline 0.004 -20"><span class='ocrx_word' id='word_1_91' title='bbox 307 1757 479 1833; x_wconf 88' lang='lat' dir='ltr'>preparata</span> <span class='ocrx_word' id='word_1_92' title='bbox 1241 1761 1251 1772; x_wconf 56' lang='lat'><em>⁸</em></span> 
     </span>
    </p>

    <p class='ocr_par' dir='ltr' id='par_1_10' title="bbox 308 1804 1582 2057">
     <span class='ocr_line' id='line_1_16' title="bbox 397 1804 1582 1954; baseline 0.005 -31"><span class='ocrx_word' id='word_1_93' title='bbox 397 1859 448 1923; x_wconf 86' lang='lat' dir='ltr'>Dc</span> <span class='ocrx_word' id='word_1_94' title='bbox 473 1862 715 1928; x_wconf 81' lang='lat' dir='ltr'>detractoribus</span> <span class='ocrx_word' id='word_1_95' title='bbox 744 1865 944 1928; x_wconf 77' lang='lat' dir='ltr'>Detrahendas</span> <span class='ocrx_word' id='word_1_96' title='bbox 973 1866 1065 1929; x_wconf 91' lang='lat' dir='ltr'>nichil</span> <span class='ocrx_word' id='word_1_97' title='bbox 1093 1864 1174 1929; x_wconf 90' lang='lat' dir='ltr'>aliud</span> <span class='ocrx_word' id='word_1_98' title='bbox 1206 1804 1374 1947; x_wconf 86' lang='lat' dir='ltr'>peragunt,</span> <span class='ocrx_word' id='word_1_99' title='bbox 1392 1871 1502 1954; x_wconf 18' lang='lat' dir='ltr'>*qutun*</span> <span class='ocrx_word' id='word_1_100' title='bbox 1580 1863 1582 1874; x_wconf 88' lang='lat'>&#39;</span> 
     </span>
     <span class='ocr_line' id='line_1_17' title="bbox 308 1957 1513 2057; baseline 0.006 -28"><span class='ocrx_word' id='word_1_101' title='bbox 308 1967 378 2030; x_wconf 92' lang='lat' dir='ltr'>dum</span> <span class='ocrx_word' id='word_1_102' title='bbox 393 1967 536 2031; x_wconf 86' lang='lat' dir='ltr'>sufflant</span> <span class='ocrx_word' id='word_1_103' title='bbox 527 1990 558 2032; x_wconf 93' lang='lat' dir='ltr'>1n</span> <span class='ocrx_word' id='word_1_104' title='bbox 573 1972 735 2052; x_wconf 84' lang='lat' dir='ltr'>pulverem,</span> <span class='ocrx_word' id='word_1_105' title='bbox 751 1973 872 2054; x_wconf 79' lang='lat' dir='ltr'>pulvis</span> <span class='ocrx_word' id='word_1_106' title='bbox 864 1995 895 2036; x_wconf 88' lang='lat' dir='ltr'>rn</span> <span class='ocrx_word' id='word_1_107' title='bbox 912 1994 1014 2037; x_wconf 89' lang='lat' dir='ltr'>corum</span> <span class='ocrx_word' id='word_1_108' title='bbox 1031 1973 1133 2037; x_wconf 92' lang='lat' dir='ltr'>oculos</span> <span class='ocrx_word' id='word_1_109' title='bbox 1150 1979 1352 2057; x_wconf 80' lang='lat' dir='ltr'>retorquetur</span> <span class='ocrx_word' id='word_1_110' title='bbox 1497 1957 1513 1978; x_wconf 45' lang='lat'><em>⁵</em></span> 
     </span>
    </p>
   </div>
   <div class='ocr_carea' id='block_1_8' title="bbox 307 2098 1488 2620">
    <p class='ocr_par' dir='ltr' id='par_1_11' title="bbox 307 2098 1486 2400">
     <span class='ocr_line' id='line_1_18' title="bbox 397 2098 1486 2189; baseline -0.005 -25"><span class='ocrx_word' id='word_1_111' title='bbox 397 2100 447 2164; x_wconf 88' lang='lat' dir='ltr'>De</span> <span class='ocrx_word' id='word_1_112' title='bbox 462 2101 652 2189; x_wconf 72' lang='lat' dir='ltr'>suspicione.</span> <span class='ocrx_word' id='word_1_113' title='bbox 687 2103 805 2184; x_wconf 83' lang='lat' dir='ltr'>Sagitta</span> <span class='ocrx_word' id='word_1_114' title='bbox 829 2123 887 2166; x_wconf 92' lang='lat' dir='ltr'>non</span> <span class='ocrx_word' id='word_1_115' title='bbox 908 2104 982 2166; x_wconf 88' lang='lat' dir='ltr'>lcdit</span> <span class='ocrx_word' id='word_1_116' title='bbox 1003 2102 1151 2186; x_wconf 86' lang='lat' dir='ltr'>lapidem,</span> <span class='ocrx_word' id='word_1_117' title='bbox 1180 2103 1234 2165; x_wconf 87' lang='lat' dir='ltr'>sed</span> <span class='ocrx_word' id='word_1_118' title='bbox 1257 2118 1333 2183; x_wconf 89' lang='lat' dir='ltr'>sepe</span> <span class='ocrx_word' id='word_1_119' title='bbox 1363 2098 1486 2163; x_wconf 85' lang='lat' dir='ltr'>resiliens</span> 
     </span>
     <span class='ocr_line' id='line_1_19' title="bbox 307 2208 1483 2292; baseline -0.001 -21"><span class='ocrx_word' id='word_1_120' title='bbox 307 2208 445 2273; x_wconf 85' lang='lat' dir='ltr'>vulnerat</span> <span class='ocrx_word' id='word_1_121' title='bbox 463 2211 652 2291; x_wconf 87' lang='lat' dir='ltr'>sagitantem.</span> <span class='ocrx_word' id='word_1_122' title='bbox 670 2250 714 2262; x_wconf 89' lang='lat'>-—</span> <span class='ocrx_word' id='word_1_123' title='bbox 730 2214 824 2275; x_wconf 85' lang='lat' dir='ltr'>Ferro</span> <span class='ocrx_word' id='word_1_124' title='bbox 841 2213 973 2275; x_wconf 88' lang='lat' dir='ltr'>secanda</span> <span class='ocrx_word' id='word_1_125' title='bbox 990 2217 1059 2275; x_wconf 89' lang='lat' dir='ltr'>sunt</span> <span class='ocrx_word' id='word_1_126' title='bbox 1080 2213 1212 2285; x_wconf 85' lang='lat' dir='ltr'>vulnera,</span> <span class='ocrx_word' id='word_1_127' title='bbox 1228 2233 1267 2275; x_wconf 91' lang='lat' dir='ltr'>ne</span> <span class='ocrx_word' id='word_1_128' title='bbox 1282 2214 1483 2292; x_wconf 85' lang='lat' dir='ltr'>corrumpatur</span> 
     </span>
     <span class='ocr_line' id='line_1_20' title="bbox 307 2317 674 2400; baseline 0.008 -21"><span class='ocrx_word' id='word_1_129' title='bbox 307 2317 444 2400; x_wconf 89' lang='lat' dir='ltr'>corporis</span> <span class='ocrx_word' id='word_1_130' title='bbox 460 2337 530 2400; x_wconf 91' lang='lat' dir='ltr'>pars</span> <span class='ocrx_word' id='word_1_131' title='bbox 547 2319 674 2383; x_wconf 85' lang='lat' dir='ltr'>sincera.</span> 
     </span>
    </p>

    <p class='ocr_par' dir='ltr' id='par_1_12' title="bbox 307 2427 1488 2620">
     <span class='ocr_line' id='line_1_21' title="bbox 397 2427 1488 2511; baseline -0.005 -20"><span class='ocrx_word' id='word_1_132' title='bbox 397 2427 448 2491; x_wconf 86' lang='lat' dir='ltr'>De</span> <span class='ocrx_word' id='word_1_133' title='bbox 473 2430 560 2493; x_wconf 85' lang='lat' dir='ltr'>malo</span> <span class='ocrx_word' id='word_1_134' title='bbox 586 2430 748 2494; x_wconf 84' lang='lat' dir='ltr'>aocietote.</span> <span class='ocrx_word' id='word_1_135' title='bbox 782 2429 858 2493; x_wconf 85' lang='lat' dir='ltr'>Cum</span> <span class='ocrx_word' id='word_1_136' title='bbox 885 2430 924 2493; x_wconf 94' lang='lat' dir='ltr'>ad</span> <span class='ocrx_word' id='word_1_137' title='bbox 947 2429 1168 2491; x_wconf 86' lang='lat' dir='ltr'>conscienciam</span> <span class='ocrx_word' id='word_1_138' title='bbox 1195 2448 1280 2491; x_wconf 88' lang='lat' dir='ltr'>suam</span> <span class='ocrx_word' id='word_1_139' title='bbox 1309 2449 1352 2494; x_wconf 80' lang='lat' dir='ltr'>se</span> <span class='ocrx_word' id='word_1_140' title='bbox 1373 2427 1488 2511; x_wconf 89' lang='lat' dir='ltr'>quisquc</span> 
     </span>
     <span class='ocr_line' id='line_1_22' title="bbox 307 2535 1486 2620; baseline -0.002 -22"><span class='ocrx_word' id='word_1_141' title='bbox 307 2541 447 2608; x_wconf 86' lang='lat' dir='ltr'>revocat,</span> <span class='ocrx_word' id='word_1_142' title='bbox 469 2538 552 2616; x_wconf 86' lang='lat' dir='ltr'>prius</span> <span class='ocrx_word' id='word_1_143' title='bbox 568 2537 706 2619; x_wconf 85' lang='lat' dir='ltr'>propria,</span> <span class='ocrx_word' id='word_1_144' title='bbox 724 2537 832 2600; x_wconf 88' lang='lat' dir='ltr'>deinde</span> <span class='ocrx_word' id='word_1_145' title='bbox 849 2538 945 2601; x_wconf 90' lang='lat' dir='ltr'>aliena</span> <span class='ocrx_word' id='word_1_146' title='bbox 962 2537 1039 2601; x_wconf 88' lang='lat' dir='ltr'>vicia</span> <span class='ocrx_word' id='word_1_147' title='bbox 1055 2537 1266 2620; x_wconf 88' lang='lat' dir='ltr'>reprehendat.</span> <span class='ocrx_word' id='word_1_148' title='bbox 1283 2576 1329 2586; x_wconf 95' lang='lat'><em>-</em></span> <span class='ocrx_word' id='word_1_149' title='bbox 1347 2538 1432 2602; x_wconf 90' lang='lat' dir='ltr'>Sicut</span> <span class='ocrx_word' id='word_1_150' title='bbox 1445 2535 1486 2617; x_wconf 89' lang='lat' dir='ltr'>pir</span> 
     </span>
    </p>
   </div>
   <div class='ocr_carea' id='block_1_9' title="bbox 289 2643 1582 2730">
    <p class='ocr_par' dir='ltr' id='par_1_13' title="bbox 289 2643 1582 2730">
     <span class='ocr_line' id='line_1_23' title="bbox 289 2643 1582 2730; baseline -0.002 -21"><span class='ocrx_word' id='word_1_151' title='bbox 289 2665 411 2709; x_wconf 84' lang='lat' dir='ltr'>manus</span> <span class='ocrx_word' id='word_1_152' title='bbox 433 2645 584 2728; x_wconf 85' lang='lat' dir='ltr'>tangentis</span> <span class='ocrx_word' id='word_1_153' title='bbox 599 2646 749 2730; x_wconf 89' lang='lat' dir='ltr'>inquinat,</span> <span class='ocrx_word' id='word_1_154' title='bbox 773 2648 818 2710; x_wconf 90' lang='lat' dir='ltr'>sic</span> <span class='ocrx_word' id='word_1_155' title='bbox 841 2648 918 2711; x_wconf 89' lang='lat' dir='ltr'>mala</span> <span class='ocrx_word' id='word_1_156' title='bbox 935 2647 1065 2710; x_wconf 88' lang='lat' dir='ltr'>societas</span> <span class='ocrx_word' id='word_1_157' title='bbox 1083 2646 1331 2730; x_wconf 90' lang='lat' dir='ltr'>quamplurimos</span> <span class='ocrx_word' id='word_1_158' title='bbox 1348 2643 1488 2708; x_wconf 86' lang='lat' dir='ltr'>hominum</span> <span class='ocrx_word' id='word_1_159' title='bbox 1581 2719 1582 2722; x_wconf 8' lang='grc' dir='ltr'><strong>Ἴ</strong></span> 
     </span>
    </p>
   </div>
   <div class='ocr_carea' id='block_1_10' title="bbox 309 2754 494 2817">
    <p class='ocr_par' dir='ltr' id='par_1_14' title="bbox 309 2754 494 2817">
     <span class='ocr_line' id='line_1_24' title="bbox 309 2754 494 2817; baseline -0.005 0"><span class='ocrx_word' id='word_1_160' title='bbox 309 2754 494 2817; x_wconf 86' lang='lat' dir='ltr'>dehonestat.</span> 
     </span>
    </p>
   </div>
   <div class='ocr_carea' id='block_1_11' title="bbox 307 2863 1490 3056">
    <p class='ocr_par' dir='ltr' id='par_1_15' title="bbox 307 2863 1490 3056">
     <span class='ocr_line' id='line_1_25' title="bbox 398 2863 1489 2947; baseline -0.005 -20"><span class='ocrx_word' id='word_1_161' title='bbox 398 2863 448 2928; x_wconf 87' lang='lat' dir='ltr'>De</span> <span class='ocrx_word' id='word_1_162' title='bbox 464 2864 531 2928; x_wconf 84' lang='lat' dir='ltr'>cito</span> <span class='ocrx_word' id='word_1_163' title='bbox 547 2873 669 2929; x_wconf 83' lang='lat' dir='ltr'>eterne.</span> <span class='ocrx_word' id='word_1_164' title='bbox 700 2864 774 2928; x_wconf 86' lang='lat' dir='ltr'>Cum</span> <span class='ocrx_word' id='word_1_165' title='bbox 794 2864 904 2927; x_wconf 86' lang='lat' dir='ltr'>hrevcs</span> <span class='ocrx_word' id='word_1_166' title='bbox 929 2866 993 2928; x_wconf 91' lang='lat' dir='ltr'>dies</span> <span class='ocrx_word' id='word_1_167' title='bbox 1015 2864 1144 2928; x_wconf 89' lang='lat' dir='ltr'>hominis</span> <span class='ocrx_word' id='word_1_168' title='bbox 1161 2865 1220 2927; x_wconf 87' lang='lat' dir='ltr'>sint</span> <span class='ocrx_word' id='word_1_169' title='bbox 1236 2884 1329 2947; x_wconf 90' lang='lat' dir='ltr'>super</span> <span class='ocrx_word' id='word_1_170' title='bbox 1344 2870 1450 2927; x_wconf 89' lang='lat' dir='ltr'>terram</span> <span class='ocrx_word' id='word_1_171' title='bbox 1464 2864 1489 2921; x_wconf 91' lang='lat' dir='ltr'>et</span> 
     </span>
     <span class='ocr_line' id='line_1_26' title="bbox 307 2972 1490 3056; baseline -0.005 -20"><span class='ocrx_word' id='word_1_172' title='bbox 307 2976 368 3038; x_wconf 88' lang='lat' dir='ltr'>rita</span> <span class='ocrx_word' id='word_1_173' title='bbox 383 2974 440 3037; x_wconf 91' lang='lat' dir='ltr'>hec</span> <span class='ocrx_word' id='word_1_174' title='bbox 457 2972 571 3054; x_wconf 85' lang='lat' dir='ltr'>fragilis</span> <span class='ocrx_word' id='word_1_175' title='bbox 588 2979 739 3046; x_wconf 90' lang='lat' dir='ltr'>noscatur,</span> <span class='ocrx_word' id='word_1_176' title='bbox 753 2973 890 3037; x_wconf 92' lang='lat' dir='ltr'>omnihus</span> <span class='ocrx_word' id='word_1_177' title='bbox 906 2974 1026 3038; x_wconf 90' lang='lat' dir='ltr'>inimica</span> <span class='ocrx_word' id='word_1_178' title='bbox 1042 2995 1079 3037; x_wconf 92' lang='lat' dir='ltr'>ne</span> <span class='ocrx_word' id='word_1_179' title='bbox 1096 2994 1176 3036; x_wconf 93' lang='lat' dir='ltr'>mors</span> <span class='ocrx_word' id='word_1_180' title='bbox 1198 2973 1298 3038; x_wconf 90' lang='lat' dir='ltr'>subito</span> <span class='ocrx_word' id='word_1_181' title='bbox 1321 2986 1490 3056; x_wconf 89' lang='lat' dir='ltr'>quemquam</span> 
     </span>
    </p>
   </div>
   <div class='ocr_carea' id='block_1_12' title="bbox 186 3082 1175 3169">
    <p class='ocr_par' dir='ltr' id='par_1_16' title="bbox 186 3082 1175 3169">
     <span class='ocr_line' id='line_1_27' title="bbox 186 3082 1175 3169; baseline 0 -24"><span class='ocrx_word' id='word_1_182' title='bbox 186 3131 189 3137; x_wconf 85' lang='grc'>.</span> <span class='ocrx_word' id='word_1_183' title='bbox 307 3082 481 3165; x_wconf 84' lang='lat' dir='ltr'>preveniat,</span> <span class='ocrx_word' id='word_1_184' title='bbox 497 3083 535 3145; x_wconf 92' lang='lat' dir='ltr'>ad</span> <span class='ocrx_word' id='word_1_185' title='bbox 552 3082 657 3146; x_wconf 84' lang='lat' dir='ltr'>salutis</span> <span class='ocrx_word' id='word_1_186' title='bbox 675 3089 722 3146; x_wconf 89' lang='lat' dir='ltr'>cst</span> <span class='ocrx_word' id='word_1_187' title='bbox 739 3083 872 3146; x_wconf 89' lang='lat' dir='ltr'>remedia</span> <span class='ocrx_word' id='word_1_188' title='bbox 888 3082 1111 3165; x_wconf 89' lang='lat' dir='ltr'>properandum</span> <span class='ocrx_word' id='word_1_189' title='bbox 1128 3082 1175 3169; x_wconf 84' lang='lat' dir='ltr'>e).</span> 
     </span>
    </p>
   </div>
   <div class='ocr_carea' id='block_1_13' title="bbox 247 4329 1580 4412">
    <p class='ocr_par' dir='ltr' id='par_1_17' title="bbox 247 4329 1580 4412">
     <span class='ocr_line' id='line_1_28' title="bbox 247 4329 1580 4412; baseline -0.008 -17"><span class='ocrx_word' id='word_1_190' title='bbox 247 4377 248 4380; x_wconf 55' lang='lat'><em>=</em></span> <span class='ocrx_word' id='word_1_191' title='bbox 316 4340 456 4412; x_wconf 85' lang='lat' dir='ltr'>pallacium</span> <span class='ocrx_word' id='word_1_192' title='bbox 468 4338 563 4393; x_wconf 84' lang='lat' dir='ltr'>fideles</span> <span class='ocrx_word' id='word_1_193' title='bbox 576 4339 704 4409; x_wconf 87' lang='lat' dir='ltr'>aspirent,</span> <span class='ocrx_word' id='word_1_194' title='bbox 718 4338 762 4392; x_wconf 88' lang='lat' dir='ltr'>uhi</span> <span class='ocrx_word' id='word_1_195' title='bbox 775 4337 905 4393; x_wconf 84' lang='lat' dir='ltr'>felicitate</span> <span class='ocrx_word' id='word_1_196' title='bbox 918 4343 1170 4411; x_wconf 84' lang='lat' dir='ltr'>perpetuasempcr</span> <span class='ocrx_word' id='word_1_197' title='bbox 1187 4338 1285 4401; x_wconf 80' lang='lat' dir='ltr'>vivunt,</span> <span class='ocrx_word' id='word_1_198' title='bbox 1303 4337 1423 4408; x_wconf 86' lang='lat' dir='ltr'>quoniam</span> <span class='ocrx_word' id='word_1_199' title='bbox 1441 4347 1485 4386; x_wconf 86' lang='lat' dir='ltr'>non</span> <span class='ocrx_word' id='word_1_200' title='bbox 1579 4329 1580 4346; x_wconf 72' lang='lat'>³</span> 
     </span>
    </p>
   </div>
   <div class='ocr_carea' id='block_1_14' title="bbox 398 3208 1490 3296">
    <p class='ocr_par' dir='ltr' id='par_1_18' title="bbox 398 3208 1490 3296">
     <span class='ocr_line' id='line_1_29' title="bbox 398 3208 1490 3296; baseline -0.007 -22"><span class='ocrx_word' id='word_1_201' title='bbox 398 3210 448 3274; x_wconf 86' lang='lat' dir='ltr'>De</span> <span class='ocrx_word' id='word_1_202' title='bbox 469 3212 727 3296; x_wconf 83' lang='lat' dir='ltr'>perseverancia.</span> <span class='ocrx_word' id='word_1_203' title='bbox 760 3210 828 3273; x_wconf 93' lang='lat' dir='ltr'>Non</span> <span class='ocrx_word' id='word_1_204' title='bbox 861 3215 908 3273; x_wconf 89' lang='lat' dir='ltr'>cst</span> <span class='ocrx_word' id='word_1_205' title='bbox 939 3210 1122 3273; x_wconf 89' lang='lat' dir='ltr'>credendum</span> <span class='ocrx_word' id='word_1_206' title='bbox 1150 3211 1243 3293; x_wconf 91' lang='lat' dir='ltr'>operi,</span> <span class='ocrx_word' id='word_1_207' title='bbox 1271 3209 1369 3273; x_wconf 91' lang='lat' dir='ltr'>donec</span> <span class='ocrx_word' id='word_1_208' title='bbox 1386 3208 1490 3270; x_wconf 87' lang='lat' dir='ltr'>fructus</span> 
     </span>
    </p>
   </div>
   <div class='ocr_carea' id='block_1_15' title="bbox 310 3317 1582 3404">
    <p class='ocr_par' dir='ltr' id='par_1_19' title="bbox 310 3317 1582 3404">
     <span class='ocr_line' id='line_1_30' title="bbox 310 3317 1582 3404; baseline -0.004 -22"><span class='ocrx_word' id='word_1_209' title='bbox 310 3318 616 3404; x_wconf 86' lang='lat' dir='ltr'>optatusrespondeat</span> <span class='ocrx_word' id='word_1_210' title='bbox 626 3318 781 3383; x_wconf 90' lang='lat' dir='ltr'>laboranti.</span> <span class='ocrx_word' id='word_1_211' title='bbox 795 3358 839 3368; x_wconf 90' lang='lat'>—</span> <span class='ocrx_word' id='word_1_212' title='bbox 851 3317 1044 3383; x_wconf 86' lang='lat' dir='ltr'>Laudabilius</span> <span class='ocrx_word' id='word_1_213' title='bbox 1057 3319 1270 3401; x_wconf 88' lang='lat' dir='ltr'>credituropus</span> <span class='ocrx_word' id='word_1_214' title='bbox 1283 3339 1345 3381; x_wconf 95' lang='lat' dir='ltr'>non</span> <span class='ocrx_word' id='word_1_215' title='bbox 1356 3317 1491 3398; x_wconf 77' lang='lat' dir='ltr'>incipere,</span> <span class='ocrx_word' id='word_1_216' title='bbox 1580 3383 1582 3401; x_wconf 34' lang='grc'>1</span> 
     </span>
    </p>
   </div>
   <div class='ocr_carea' id='block_1_16' title="bbox 312 3426 1492 3730">
    <p class='ocr_par' dir='ltr' id='par_1_20' title="bbox 312 3426 1492 3730">
     <span class='ocr_line' id='line_1_31' title="bbox 312 3426 875 3510; baseline 0.002 -20"><span class='ocrx_word' id='word_1_217' title='bbox 312 3447 400 3510; x_wconf 90' lang='lat' dir='ltr'>quam</span> <span class='ocrx_word' id='word_1_218' title='bbox 416 3426 454 3489; x_wconf 95' lang='lat' dir='ltr'>ah</span> <span class='ocrx_word' id='word_1_219' title='bbox 470 3426 588 3508; x_wconf 91' lang='lat' dir='ltr'>incepto</span> <span class='ocrx_word' id='word_1_220' title='bbox 605 3427 733 3510; x_wconf 88' lang='lat' dir='ltr'>turpiter</span> <span class='ocrx_word' id='word_1_221' title='bbox 747 3428 875 3491; x_wconf 91' lang='lat' dir='ltr'>resilire.</span> 
     </span>
     <span class='ocr_line' id='line_1_32' title="bbox 401 3530 1491 3624; baseline -0.007 -23"><span class='ocrx_word' id='word_1_222' title='bbox 401 3537 451 3601; x_wconf 87' lang='lat' dir='ltr'>De</span> <span class='ocrx_word' id='word_1_223' title='bbox 462 3536 639 3624; x_wconf 66' lang='lat' dir='ltr'>patiencia.</span> <span class='ocrx_word' id='word_1_224' title='bbox 669 3536 823 3618; x_wconf 87' lang='lat' dir='ltr'>Sapientis</span> <span class='ocrx_word' id='word_1_225' title='bbox 840 3538 956 3601; x_wconf 89' lang='lat' dir='ltr'>animus</span> <span class='ocrx_word' id='word_1_226' title='bbox 973 3558 1032 3601; x_wconf 95' lang='lat' dir='ltr'>non</span> <span class='ocrx_word' id='word_1_227' title='bbox 1048 3538 1196 3620; x_wconf 80' lang='lat' dir='ltr'>frangitur</span> <span class='ocrx_word' id='word_1_228' title='bbox 1211 3540 1242 3601; x_wconf 94' lang='lat' dir='ltr'>in</span> <span class='ocrx_word' id='word_1_229' title='bbox 1258 3537 1412 3607; x_wconf 84' lang='lat' dir='ltr'>adversis,</span> <span class='ocrx_word' id='word_1_230' title='bbox 1445 3530 1491 3595; x_wconf 88' lang='lat' dir='ltr'>sed</span> 
     </span>
     <span class='ocr_line' id='line_1_33' title="bbox 312 3643 1492 3730; baseline -0.004 -19"><span class='ocrx_word' id='word_1_231' title='bbox 312 3647 461 3713; x_wconf 90' lang='lat' dir='ltr'>contraria</span> <span class='ocrx_word' id='word_1_232' title='bbox 482 3644 600 3709; x_wconf 89' lang='lat' dir='ltr'>fortiter</span> <span class='ocrx_word' id='word_1_233' title='bbox 623 3646 751 3709; x_wconf 89' lang='lat' dir='ltr'>sustinet</span> <span class='ocrx_word' id='word_1_234' title='bbox 772 3646 894 3728; x_wconf 89' lang='lat' dir='ltr'>spiritus</span> <span class='ocrx_word' id='word_1_235' title='bbox 918 3647 1068 3730; x_wconf 86' lang='lat' dir='ltr'>patientis.</span> <span class='ocrx_word' id='word_1_236' title='bbox 1099 3687 1143 3697; x_wconf 92' lang='grc'>-</span> <span class='ocrx_word' id='word_1_237' title='bbox 1160 3648 1320 3730; x_wconf 89' lang='lat' dir='ltr'>Singulare</span> <span class='ocrx_word' id='word_1_238' title='bbox 1337 3643 1492 3709; x_wconf 86' lang='lat' dir='ltr'>remedium</span> 
     </span>
    </p>
   </div>
   <div class='ocr_carea' id='block_1_17' title="bbox 314 3870 1491 4320">
    <p class='ocr_par' dir='ltr' id='par_1_21' title="bbox 314 3870 1491 4320">
     <span class='ocr_line' id='line_1_34' title="bbox 403 3870 1491 3954; baseline -0.006 -18"><span class='ocrx_word' id='word_1_239' title='bbox 403 3870 713 3953; x_wconf 80' lang='lat' dir='ltr'>a)1)iasellherschrift</span> <span class='ocrx_word' id='word_1_240' title='bbox 735 3882 762 3935; x_wconf 92' lang='lat' dir='ltr'>in</span> <span class='ocrx_word' id='word_1_241' title='bbox 775 3883 793 3934; x_wconf 87' lang='lat' dir='ltr'>Z</span> <span class='ocrx_word' id='word_1_242' title='bbox 810 3882 914 3947; x_wconf 76' lang='lat' dir='ltr'>frither3</span> <span class='ocrx_word' id='word_1_243' title='bbox 934 3882 1014 3936; x_wconf 88' lang='lat' dir='ltr'>Siehe</span> <span class='ocrx_word' id='word_1_244' title='bbox 1036 3881 1192 3938; x_wconf 86' lang='lat' dir='ltr'>umstehend</span> <span class='ocrx_word' id='word_1_245' title='bbox 1202 3882 1235 3954; x_wconf 83' lang='lat' dir='ltr'>i).</span> <span class='ocrx_word' id='word_1_246' title='bbox 1247 3912 1284 3922; x_wconf 89' lang='lat'><em>-</em></span> <span class='ocrx_word' id='word_1_247' title='bbox 1296 3883 1328 3950; x_wconf 86' lang='lat' dir='ltr'>h)</span> <span class='ocrx_word' id='word_1_248' title='bbox 1351 3884 1369 3936; x_wconf 87' lang='lat' dir='ltr'>Z</span> <span class='ocrx_word' id='word_1_249' title='bbox 1388 3882 1421 3935; x_wconf 88' lang='lat' dir='ltr'>im</span> <span class='ocrx_word' id='word_1_250' title='bbox 1433 3877 1491 3932; x_wconf 83' lang='lat' dir='ltr'>Text</span> 
     </span>
     <span class='ocr_line' id='line_1_35' title="bbox 315 3972 1486 4043; baseline -0.007 -14"><span class='ocrx_word' id='word_1_251' title='bbox 315 3975 367 4034; x_wconf 84' lang='lat' dir='ltr'>und</span> <span class='ocrx_word' id='word_1_252' title='bbox 380 3976 402 4029; x_wconf 84' lang='lat' dir='ltr'>V</span> <span class='ocrx_word' id='word_1_253' title='bbox 414 3992 455 4027; x_wconf 90' lang='lat' dir='ltr'>am</span> <span class='ocrx_word' id='word_1_254' title='bbox 467 3974 574 4027; x_wconf 84' lang='lat' dir='ltr'>Raude:</span> <span class='ocrx_word' id='word_1_255' title='bbox 593 3973 643 4026; x_wconf 86' lang='lat' dir='ltr'>Ubi</span> <span class='ocrx_word' id='word_1_256' title='bbox 656 3972 724 4027; x_wconf 84' lang='lat' dir='ltr'>mala</span> <span class='ocrx_word' id='word_1_257' title='bbox 736 3972 900 4026; x_wconf 88' lang='lat' dir='ltr'>consuetudo</span> <span class='ocrx_word' id='word_1_258' title='bbox 913 3972 1088 4028; x_wconf 87' lang='lat' dir='ltr'>habitaculum</span> <span class='ocrx_word' id='word_1_259' title='bbox 1101 3973 1211 4042; x_wconf 87' lang='lat' dir='ltr'>recipit,</span> <span class='ocrx_word' id='word_1_260' title='bbox 1230 3972 1266 4027; x_wconf 88' lang='lat' dir='ltr'>ihi</span> <span class='ocrx_word' id='word_1_261' title='bbox 1284 3972 1426 4043; x_wconf 82' lang='lat' dir='ltr'>tranquilla</span> <span class='ocrx_word' id='word_1_262' title='bbox 1441 3982 1486 4038; x_wconf 85' lang='lat' dir='ltr'>pax</span> 
     </span>
     <span class='ocr_line' id='line_1_36' title="bbox 314 4054 1491 4138; baseline -0.008 -17"><span class='ocrx_word' id='word_1_263' title='bbox 314 4066 462 4138; x_wconf 88' lang='lat' dir='ltr'>hospicium</span> <span class='ocrx_word' id='word_1_264' title='bbox 476 4083 526 4118; x_wconf 88' lang='lat' dir='ltr'>non</span> <span class='ocrx_word' id='word_1_265' title='bbox 537 4064 651 4119; x_wconf 87' lang='lat' dir='ltr'>habehit.</span> <span class='ocrx_word' id='word_1_266' title='bbox 663 4094 697 4103; x_wconf 96' lang='lat'>-</span> <span class='ocrx_word' id='word_1_267' title='bbox 708 4064 739 4134; x_wconf 88' lang='lat' dir='ltr'>c)</span> <span class='ocrx_word' id='word_1_268' title='bbox 751 4063 831 4118; x_wconf 86' lang='lat' dir='ltr'>Dioso</span> <span class='ocrx_word' id='word_1_269' title='bbox 842 4054 1010 4119; x_wconf 79' lang='lat' dir='ltr'>Uberschrift</span> <span class='ocrx_word' id='word_1_270' title='bbox 1022 4064 1091 4118; x_wconf 88' lang='lat' dir='ltr'>fehlt</span> <span class='ocrx_word' id='word_1_271' title='bbox 1104 4063 1131 4117; x_wconf 84' lang='grc' dir='ltr'>Ζ.</span> <span class='ocrx_word' id='word_1_272' title='bbox 1149 4095 1177 4103; x_wconf 94' lang='grc'>-</span> <span class='ocrx_word' id='word_1_273' title='bbox 1194 4065 1229 4132; x_wconf 79' lang='lat' dir='ltr'>d)</span> <span class='ocrx_word' id='word_1_274' title='bbox 1242 4064 1261 4116; x_wconf 86' lang='lat' dir='ltr'>Z</span> <span class='ocrx_word' id='word_1_275' title='bbox 1280 4065 1315 4117; x_wconf 92' lang='lat' dir='ltr'>im</span> <span class='ocrx_word' id='word_1_276' title='bbox 1330 4065 1401 4119; x_wconf 83' lang='lat' dir='ltr'>Text</span> <span class='ocrx_word' id='word_1_277' title='bbox 1413 4057 1491 4115; x_wconf 78' lang='lat' dir='ltr'>uudf</span> 
     </span>
     <span class='ocr_line' id='line_1_37' title="bbox 315 4153 1487 4226; baseline -0.009 -13"><span class='ocrx_word' id='word_1_278' title='bbox 315 4177 356 4212; x_wconf 89' lang='lat' dir='ltr'>am</span> <span class='ocrx_word' id='word_1_279' title='bbox 366 4157 472 4212; x_wconf 85' lang='lat' dir='ltr'>Raude:</span> <span class='ocrx_word' id='word_1_280' title='bbox 485 4157 601 4210; x_wconf 81' lang='lat' dir='ltr'>Fortuna</span> <span class='ocrx_word' id='word_1_281' title='bbox 617 4171 669 4209; x_wconf 90' lang='lat' dir='ltr'>non</span> <span class='ocrx_word' id='word_1_282' title='bbox 682 4155 793 4209; x_wconf 86' lang='lat' dir='ltr'>hominis</span> <span class='ocrx_word' id='word_1_283' title='bbox 808 4160 849 4210; x_wconf 89' lang='lat' dir='ltr'>est</span> <span class='ocrx_word' id='word_1_284' title='bbox 862 4154 977 4218; x_wconf 90' lang='lat' dir='ltr'>amicus,</span> <span class='ocrx_word' id='word_1_285' title='bbox 992 4156 1036 4225; x_wconf 85' lang='lat' dir='ltr'>qui</span> <span class='ocrx_word' id='word_1_286' title='bbox 1049 4155 1075 4208; x_wconf 92' lang='lat' dir='ltr'>in</span> <span class='ocrx_word' id='word_1_287' title='bbox 1089 4154 1207 4209; x_wconf 82' lang='lat' dir='ltr'>adversis</span> <span class='ocrx_word' id='word_1_288' title='bbox 1220 4155 1366 4226; x_wconf 83' lang='lat' dir='ltr'>reliquerit,</span> <span class='ocrx_word' id='word_1_289' title='bbox 1380 4153 1487 4226; x_wconf 85' lang='lat' dir='ltr'>quanin</span> 
     </span>
     <span class='ocr_line' id='line_1_38' title="bbox 316 4244 1487 4320; baseline -0.007 -17"><span class='ocrx_word' id='word_1_290' title='bbox 316 4247 451 4320; x_wconf 84' lang='lat' dir='ltr'>prosperis</span> <span class='ocrx_word' id='word_1_291' title='bbox 464 4247 599 4319; x_wconf 85' lang='lat' dir='ltr'>diligebat.</span> <span class='ocrx_word' id='word_1_292' title='bbox 613 4276 649 4287; x_wconf 90' lang='lat'>-</span> <span class='ocrx_word' id='word_1_293' title='bbox 661 4247 693 4317; x_wconf 89' lang='lat' dir='ltr'>e)</span> <span class='ocrx_word' id='word_1_294' title='bbox 706 4248 725 4299; x_wconf 90' lang='lat' dir='ltr'>Z</span> <span class='ocrx_word' id='word_1_295' title='bbox 738 4246 773 4300; x_wconf 91' lang='lat' dir='ltr'>im</span> <span class='ocrx_word' id='word_1_296' title='bbox 785 4247 856 4300; x_wconf 80' lang='lat' dir='ltr'>Text</span> <span class='ocrx_word' id='word_1_297' title='bbox 874 4248 927 4301; x_wconf 85' lang='lat' dir='ltr'>and</span> <span class='ocrx_word' id='word_1_298' title='bbox 944 4248 966 4302; x_wconf 92' lang='lat' dir='ltr'>V</span> <span class='ocrx_word' id='word_1_299' title='bbox 985 4265 1025 4300; x_wconf 88' lang='lat' dir='ltr'>am</span> <span class='ocrx_word' id='word_1_300' title='bbox 1043 4245 1149 4304; x_wconf 84' lang='lat' dir='ltr'>Raude:</span> <span class='ocrx_word' id='word_1_301' title='bbox 1174 4245 1215 4301; x_wconf 78' lang='lat' dir='ltr'>Ad</span> <span class='ocrx_word' id='word_1_302' title='bbox 1234 4247 1383 4301; x_wconf 86' lang='lat' dir='ltr'>Jerusalem</span> <span class='ocrx_word' id='word_1_303' title='bbox 1396 4244 1487 4300; x_wconf 82' lang='lat' dir='ltr'>celeste</span> 
     </span>
    </p>
   </div>
   <div class='ocr_carea' id='block_1_18' title="bbox 318 4417 1580 4500">
    <p class='ocr_par' dir='ltr' id='par_1_22' title="bbox 318 4415 1580 4510">
     <span class='ocr_line' id='line_1_39' title="bbox 318 4417 1580 4500; baseline -0.008 -15"><span class='ocrx_word' id='word_1_304' title='bbox 318 4430 397 4485; x_wconf 88' lang='lat' dir='ltr'>estin</span> <span class='ocrx_word' id='word_1_305' title='bbox 410 4430 572 4484; x_wconf 90' lang='lat' dir='ltr'>hocmundo</span> <span class='ocrx_word' id='word_1_306' title='bbox 586 4429 639 4482; x_wconf 85' lang='lat' dir='ltr'>vita</span> <span class='ocrx_word' id='word_1_307' title='bbox 655 4417 769 4494; x_wconf 85' lang='lat' dir='ltr'>homini,</span> <span class='ocrx_word' id='word_1_308' title='bbox 782 4429 872 4482; x_wconf 89' lang='lat' dir='ltr'>sedin</span> <span class='ocrx_word' id='word_1_309' title='bbox 891 4429 941 4483; x_wconf 90' lang='lat' dir='ltr'>alio</span> <span class='ocrx_word' id='word_1_310' title='bbox 959 4445 1009 4500; x_wconf 89' lang='lat' dir='ltr'>pro</span> <span class='ocrx_word' id='word_1_311' title='bbox 1027 4428 1122 4485; x_wconf 90' lang='lat' dir='ltr'>merito</span> <span class='ocrx_word' id='word_1_312' title='bbox 1140 4429 1218 4483; x_wconf 89' lang='lat' dir='ltr'>datur</span> <span class='ocrx_word' id='word_1_313' title='bbox 1236 4428 1268 4482; x_wconf 87' lang='lat' dir='ltr'>ai.</span> <span class='ocrx_word' id='word_1_314' title='bbox 1293 4427 1358 4481; x_wconf 88' lang='lat' dir='ltr'>Nam</span> <span class='ocrx_word' id='word_1_315' title='bbox 1371 4427 1414 4481; x_wconf 85' lang='lat' dir='ltr'>ille</span> <span class='ocrx_word' id='word_1_316' title='bbox 1426 4424 1491 4479; x_wconf 80' lang='lat' dir='ltr'>solus</span> <span class='ocrx_word' id='word_1_317' title='bbox 1579 4429 1580 4490; x_wconf 70' lang='lat' dir='ltr'>t</span> 
     </span>
    </p>
   </div>
   <div class='ocr_carea' id='block_1_19' title="bbox 318 4515 1580 4592">
    <p class='ocr_par' dir='ltr' id='par_1_23' title="bbox 318 4515 1580 4592">
     <span class='ocr_line' id='line_1_40' title="bbox 318 4515 1580 4592; baseline -0.009 -14"><span class='ocrx_word' id='word_1_318' title='bbox 318 4523 406 4577; x_wconf 83' lang='lat' dir='ltr'>vivero</span> <span class='ocrx_word' id='word_1_319' title='bbox 419 4519 547 4581; x_wconf 90' lang='lat' dir='ltr'>creditur,</span> <span class='ocrx_word' id='word_1_320' title='bbox 560 4519 606 4590; x_wconf 88' lang='lat' dir='ltr'>qni</span> <span class='ocrx_word' id='word_1_321' title='bbox 624 4524 687 4592; x_wconf 87' lang='lat' dir='ltr'>post</span> <span class='ocrx_word' id='word_1_322' title='bbox 704 4524 815 4575; x_wconf 89' lang='lat' dir='ltr'>mortem</span> <span class='ocrx_word' id='word_1_323' title='bbox 833 4520 979 4575; x_wconf 84' lang='lat' dir='ltr'>viventibus</span> <span class='ocrx_word' id='word_1_324' title='bbox 993 4521 1120 4574; x_wconf 85' lang='lat' dir='ltr'>sociatur.</span> <span class='ocrx_word' id='word_1_325' title='bbox 1135 4551 1168 4560; x_wconf 93' lang='lat'><em>-</em></span> <span class='ocrx_word' id='word_1_326' title='bbox 1182 4520 1255 4574; x_wconf 90' lang='lat' dir='ltr'>lllius</span> <span class='ocrx_word' id='word_1_327' title='bbox 1269 4521 1362 4590; x_wconf 85' lang='lat' dir='ltr'>portus</span> <span class='ocrx_word' id='word_1_328' title='bbox 1374 4515 1491 4571; x_wconf 73' lang='lat' dir='ltr'>amenitas</span> <span class='ocrx_word' id='word_1_329' title='bbox 1578 4525 1580 4582; x_wconf 74' lang='lat' dir='ltr'>t</span> 
     </span>
    </p>
   </div>
   <div class='ocr_carea' id='block_1_20' title="bbox 320 4597 1580 4683">
    <p class='ocr_par' dir='ltr' id='par_1_24' title="bbox 320 4597 1580 4683">
     <span class='ocr_line' id='line_1_41' title="bbox 320 4597 1580 4683; baseline -0.002 -17"><span class='ocrx_word' id='word_1_330' title='bbox 320 4629 437 4683; x_wconf 68' lang='lat' dir='ltr'>congm</span> <span class='ocrx_word' id='word_1_331' title='bbox 447 4613 648 4681; x_wconf 82' lang='lat' dir='ltr'>frequentatur,</span> <span class='ocrx_word' id='word_1_332' title='bbox 667 4611 701 4664; x_wconf 85' lang='lat' dir='ltr'>ad</span> <span class='ocrx_word' id='word_1_333' title='bbox 715 4628 792 4682; x_wconf 90' lang='lat' dir='ltr'>quem</span> <span class='ocrx_word' id='word_1_334' title='bbox 805 4613 912 4666; x_wconf 87' lang='lat' dir='ltr'>veniens</span> <span class='ocrx_word' id='word_1_335' title='bbox 923 4615 1031 4682; x_wconf 86' lang='lat' dir='ltr'>sperata</span> <span class='ocrx_word' id='word_1_336' title='bbox 1045 4609 1205 4682; x_wconf 84' lang='lat' dir='ltr'>gratitudine</span> <span class='ocrx_word' id='word_1_337' title='bbox 1224 4628 1275 4664; x_wconf 90' lang='lat' dir='ltr'>noa</span> <span class='ocrx_word' id='word_1_338' title='bbox 1293 4608 1482 4664; x_wconf 72' lang='lat' dir='ltr'>arctatae.-</span> <span class='ocrx_word' id='word_1_339' title='bbox 1578 4597 1580 4649; x_wconf 63' lang='grc' dir='ltr'><strong>Ᾰ</strong></span> 
     </span>
    </p>
   </div>
   <div class='ocr_carea' id='block_1_21' title="bbox 320 4700 1580 4778">
    <p class='ocr_par' dir='ltr' id='par_1_25' title="bbox 320 4700 1580 4778">
     <span class='ocr_line' id='line_1_42' title="bbox 320 4700 1580 4778; baseline -0.01 -18"><span class='ocrx_word' id='word_1_340' title='bbox 320 4707 390 4777; x_wconf 83' lang='lat' dir='ltr'>Spes</span> <span class='ocrx_word' id='word_1_341' title='bbox 403 4705 497 4760; x_wconf 85' lang='lat' dir='ltr'>salutis</span> <span class='ocrx_word' id='word_1_342' title='bbox 509 4703 676 4774; x_wconf 80' lang='lat' dir='ltr'>naufraganti</span> <span class='ocrx_word' id='word_1_343' title='bbox 695 4704 871 4767; x_wconf 86' lang='lat' dir='ltr'>subtrahitur,</span> <span class='ocrx_word' id='word_1_344' title='bbox 890 4703 939 4757; x_wconf 91' lang='lat' dir='ltr'>nisi</span> <span class='ocrx_word' id='word_1_345' title='bbox 959 4709 1050 4773; x_wconf 82' lang='lat' dir='ltr'>gratus</span> <span class='ocrx_word' id='word_1_346' title='bbox 1068 4705 1118 4759; x_wconf 79' lang='lat' dir='ltr'>sihi</span> <span class='ocrx_word' id='word_1_347' title='bbox 1132 4710 1226 4778; x_wconf 83' lang='lat' dir='ltr'>portus</span> <span class='ocrx_word' id='word_1_348' title='bbox 1242 4705 1330 4760; x_wconf 81' lang='lat' dir='ltr'>auxilii</span> <span class='ocrx_word' id='word_1_349' title='bbox 1342 4700 1490 4758; x_wconf 79' lang='lat' dir='ltr'>blandiatur.</span> <span class='ocrx_word' id='word_1_350' title='bbox 1579 4763 1580 4766; x_wconf 8' lang='grc' dir='ltr'><strong>Ἴ</strong></span> 
     </span>
    </p>
   </div>
   <div class='ocr_carea' id='block_1_22' title="bbox 0 0 1629 5392">
    <p class='ocr_par' dir='ltr' id='par_1_26' title="bbox 0 0 1629 5392">
     <span class='ocr_line' id='line_1_43' title="bbox 0 0 1629 5392; baseline 0 0"><span class='ocrx_word' id='word_1_351' title='bbox 0 0 1629 5392; x_wconf 95' lang='lat' dir='ltr'> </span> 
     </span>
    </p>
   </div>
  </div>
 </body>
</html>
