3209 5392
264 482 339 552 182

259 655 356 718 statis.
388 654 502 717 Rursus
520 652 625 716 eadem
640 658 777 734 peccata,
801 652 918 723 divina,
947 652 1026 715 sicut
1043 650 1211 722 credimus,
1239 651 1458 732 indignacione

259 762 461 844 permittente,
477 760 666 844 prepediant,
683 782 722 823 ne
738 760 873 824 adhibita
889 758 947 822 hiis
963 760 1106 822 malorum
1120 758 1233 822 morbis
1249 759 1290 846 a)
1308 759 1459 831 remedia,

263 888 341 951 quos
357 869 479 950 patitur,
496 869 710 932 convalescant
730 874 768 948 1).
801 868 913 931 Verum
937 867 1006 950 quia
1028 886 1087 929 non
1109 866 1296 930 obliviscitur
1320 867 1461 929 misereri

262 976 363 1049 Deus,
391 995 448 1038 nec
476 975 570 1038 durus
592 976 623 1037 in
645 977 689 1038 ira
712 974 866 1038 concludit
888 995 942 1036 sue
965 975 1084 1037 viscera
1104 975 1244 1055 pietatis,
1272 994 1334 1036 non
1357 979 1405 1036 est
1421 971 1460 1035 ab

263 1090 410 1166 oportune
434 1083 604 1147 curacionis
627 1083 753 1155 studiis,
781 1102 840 1165 que
864 1082 985 1164 publice
1008 1082 1112 1144 salutis
1134 1082 1262 1165 requirit
1276 1083 1460 1153 necessitas,

266 1190 483 1253 desistendum.
502 1191 579 1253 Nam
596 1191 654 1253 etsi
670 1211 706 1252 ex
722 1192 843 1253 occulto
859 1190 969 1252 iudicio
985 1190 1026 1271 pii
1042 1188 1154 1252 laboris
1171 1191 1288 1254 fructus
1306 1189 1463 1253 differatur

262 1299 301 1361 ad
317 1304 447 1382 tempus,
463 1306 565 1363 tamen
580 1297 738 1361 laudabilis
754 1298 934 1360 intencionis
950 1298 1089 1359 meritum
1111 1317 1171 1359 non
1187 1296 1341 1359 auffertur.
1377 1277 1461 1361 Sitis

262 1408 372 1491 quippe
403 1409 442 1471 ad
474 1406 649 1488 sopiendam
681 1407 934 1478 controversiam,
975 1425 1033 1488 que
1064 1406 1144 1468 inter
1173 1405 1350 1468 karissimos
1382 1405 1461 1469 filios

262 1522 384 1579 nostros
412 1536 516 1597 regem
540 1516 741 1578 Romanorum
769 1519 911 1594 exparte
935 1533 994 1575 una
1017 1516 1047 1575 et
1067 1515 1204 1576 maritum
1221 1519 1303 1575 tuum
1321 1520 1462 1595 exparte

263 1624 356 1686 altera
385 1623 528 1694 vertitur,
558 1627 605 1685 est
626 1627 752 1684 actenus
774 1640 829 1702 per
852 1621 1016 1702 apostolice
1039 1621 1119 1684 sedis
1144 1627 1174 1683 et
1194 1620 1365 1701 legatorum
1395 1621 1461 1682 eius

267 1729 457 1812 diligenciam
489 1735 519 1791 et
555 1727 734 1790 industriam
769 1725 937 1789 laboratum
962 1727 1009 1811 2),
1043 1726 1097 1789 sed
1128 1725 1304 1820 difficultate
1337 1725 1462 1807 negocii

263 1839 425 1902 humanam
441 1841 638 1918 exsuperante
655 1834 862 1917 prudenciam,
880 1834 951 1917 quin
966 1836 1045 1897 forte
1062 1835 1168 1915 pocius
1190 1835 1322 1897 nondum
1346 1855 1461 1916 pecca-

263 1954 361 2009 torum
390 1951 567 2027 consumpta
583 1946 621 2030 b)
638 1944 780 2014 materia,
806 1963 863 2026 que
893 1963 1001 2005 causas
1028 1949 1111 2005 tante
1133 1943 1308 2005 afflictionis
1331 1942 1461 2016 induxit,

264 2055 392 2126 fructus,
409 2073 497 2136 quem
513 2052 734 2134 expectavimus
752 2072 788 2112 ex
804 2049 939 2131 inpensis
961 2049 1125 2121 laboribus,
1149 2071 1209 2112 non
1232 2051 1340 2113 evenit.
1384 2052 1462 2132 Quia

264 2161 358 2243 igitur
374 2162 406 2224 in
422 2159 628 2224 controversia
644 2158 697 2221 tali
713 2159 807 2220 multa
823 2159 978 2220 imminent
994 2158 1156 2221 animarum
1174 2158 1326 2239 pericula,
1352 2179 1462 2241 corpo-

266 2290 332 2332 rum
360 2275 495 2351 strages,
523 2274 553 2330 et
579 2267 726 2330 bonorum
754 2273 921 2348 temporum
937 2265 976 2352 c)
994 2265 1183 2337 detrimenta,
1212 2271 1243 2329 et
1268 2272 1374 2348 preter
1401 2268 1462 2331 boc

266 2378 460 2458 dampnosum
487 2373 710 2457 prepedicionis
737 2372 944 2443 obstaculum,
979 2391 1037 2455 quo
1065 2372 1219 2453 religionis
1246 2373 1404 2438 katholico
1432 2383 1465 2440 et

269 2483 478 2549 ecclesiastice
500 2481 648 2546 libertatis
670 2482 866 2552 reformacio,
894 2487 1075 2563 proventura
1106 2481 1213 2546 circa
1238 2502 1464 2546 consuman-

270 2593 351 2654 dam
386 2590 674 2652 ordinacionem
710 2588 865 2672 imperii
900 2590 1056 2652 Romani
1081 2589 1110 2676 8)
1137 2590 1327 2653 retardatur:
1352 2592 1464 2654 nobili-

269 2704 362 2763 tatem
383 2703 466 2760 tuam
492 2715 643 2778 rogamus,
672 2716 827 2761 monemus
851 2703 882 2760 et
903 2698 1060 2760 hortamur
1090 2702 1205 2759 attente
1238 2704 1269 2761 et
1299 2698 1331 2761 in
1354 2701 1466 2762 remis-

269 2807 383 2868 sionem
411 2804 465 2868 tibi
491 2805 699 2886 peccaminum
726 2804 934 2885 iniungentes,
962 2809 1109 2886 quatenus
1130 2809 1255 2886 propter
1280 2806 1395 2877 Deum,
1425 2806 1465 2869 oh

268 2920 402 2978 nostram
419 2920 449 2976 et
464 2913 631 2993 apostolice
654 2912 736 2975 sedis
758 2913 981 2983 reverenciam,
1010 2932 1067 2974 nec
1089 2932 1148 2974 non
1173 2931 1228 2992 pro
1250 2913 1348 2975 salute
1364 2915 1466 2977 tocius

269 3021 369 3104 populi
386 3021 554 3091 christiani,
572 3019 701 3083 animum
724 3026 807 3084 tuum
829 3022 875 3082 sic
904 3021 942 3083 ad
970 3019 1080 3083 bonum
1101 3020 1187 3102 pacis
1209 3020 1354 3093 inclines,
1385 3022 1468 3104 quod

269 3132 388 3214 prefata
404 3129 619 3202 controversia,
636 3129 787 3192 medianto
805 3136 846 3201 te,
869 3128 959 3191 finem
975 3130 1104 3212 accipiat
1127 3129 1288 3192 salutarem
1311 3136 1342 3193 et
1357 3131 1468 3195 buma-

271 3259 342 3301 num
357 3258 452 3319 genus
469 3236 600 3319 gaudeat
616 3236 673 3299 sibi
690 3255 847 3299 commune
864 3237 973 3319 quietis
998 3236 1173 3309 comodum,
1201 3236 1239 3298 de
1261 3241 1313 3299 tue
1328 3238 1466 3301 lenitatis

271 3363 394 3406 munere
424 3343 599 3425 provenisse
632 3348 663 3405 et
690 3342 854 3424 apostolica
882 3342 971 3404 sedes
999 3342 1055 3406 tibi
1083 3342 1189 3405 exinde
1211 3343 1250 3404 ad
1271 3344 1412 3424 graciam
1434 3349 1470 3407 et

275 3450 515 3514 vicissitudinem
533 3451 691 3533 obligetur.

314 3648 317 3655 ’
364 3629 399 3693 a)
423 3629 520 3682 morbis
535 3629 605 3681 orbis
617 3629 647 3683 V.
666 3657 693 3666 —
710 3628 741 3696 b)
766 3633 947 3697 consumptam
970 3628 1000 3680 V,
1023 3660 1051 3668 -
1073 3628 1105 3693 c)
1127 3629 1309 3699 temporalium
1333 3648 1365 3682 nu
1383 3632 1460 3684 lesen

299 3900 322 3960 1)
340 3902 385 3945 Das
402 3901 464 3944 kann
482 3900 533 3943 sich
550 3900 592 3944 aus
606 3900 644 3943 die
661 3898 801 3943 Relcbsaolrt
821 3899 866 3943 ond
884 3898 928 3943 den
946 3900 1110 3943 Kircben'bann
1128 3899 1253 3952 bezlehen,
1271 3901 1309 3945 dte
1327 3903 1472 3962 angewandt

338 3981 444 4032 worden,
461 3982 517 4025 aber
533 3980 612 4024 niclrta
628 3980 771 4024 truchteteu.

298 4060 324 4121 ²]
343 4063 421 4122 Vergl.
435 4063 594 4116 Warnkoenig
613 4063 627 4105 Ι.
646 4074 666 4106 c.
685 4060 740 4105 192.

300 4140 325 4203 θ)
343 4145 388 4187 Das
405 4143 469 4198 passt
490 4141 605 4186 durcbaus
627 4142 669 4186 auf
683 4142 721 4186 dis
737 4142 791 4186 zero
808 4140 914 4186 Rodolf's
936 4154 981 4186 ron
1000 4140 1131 4199 llabsburg.
1158 4143 1200 4185 Dia
1221 4142 1473 4200 wiedortrergestellte

339 4225 451 4283 ordnung
467 4225 497 4267 lm
515 4225 601 4270 Reicho
618 4224 688 4267 sollte
707 4223 757 4267 lbra
774 4223 934 4281 Besiegelnng
950 4224 972 4268 in
991 4224 1033 4268 dor
1050 4224 1244 4280 Kolssrkrbnung
1263 4224 1372 4269 liudolfo
1389 4226 1472 4268 erbol-

340 4306 387 4348 ten.
405 4306 473 4350 lliese
490 4308 553 4349 hatte
565 4305 653 4350 liudolf
667 4305 730 4348 noch
746 4304 828 4346 immor
845 4305 874 4347 im
891 4307 956 4363 Auge
973 4305 1019 4349 ond
1036 4306 1094 4349 auclr
1107 4305 1221 4350 Nikolous
1233 4306 1269 4349 lv.
1287 4306 1412 4350 wrinscbte
1423 4306 1470 4349 ste.

340 4385 419 4442 Vergl.
439 4387 552 4431 Boebmor
569 4388 627 4444 Rog.
646 4386 778 4444 Ptpslcno.
796 4385 852 4428 262.
