3209 5392
1291 523 1367 597 375

269 706 350 770 Sane
379 722 445 766 cum
479 725 514 767 cx
542 702 672 767 deffectu
700 703 775 766 iuris
803 702 916 785 pariter
949 710 979 768 et
1008 704 1149 786 neglectu
1177 702 1207 764 in
1235 699 1370 784 partibus

174 814 348 877 Alamannis
371 816 416 901 o)
444 813 520 876 adeo
555 812 585 873 in
619 831 705 876 usum
738 813 799 876 sint
826 813 950 876 redacte
979 813 1107 895 quedam
1134 809 1369 874 consuetudines

175 922 372 995 detestande,
399 926 432 986 ut
459 921 531 986 boni
559 921 692 1004 speciem
719 921 930 1004 preferentes,
964 919 1147 1004 nequitatem
1170 920 1210 1006 b)
1239 918 1369 1002 quodam

173 1031 297 1114 palliant
312 1033 492 1103 velamento,
509 1029 618 1113 quihus
633 1031 805 1114 principum
821 1029 937 1113 imperii
953 1029 1011 1092 iuri
1028 1027 1197 1092 detrahitur
1207 1033 1238 1091 et
1250 1027 1369 1100 honori,
1379 1048 1487 1092 rasse

172 1146 204 1205 et
219 1141 371 1224 imperalis
387 1139 599 1204 nichilominus
615 1140 780 1203 auctoritas
797 1142 974 1203 enervatur:
998 1144 1100 1201 nostre
1117 1137 1263 1201 incumbit
1286 1137 1369 1201 solli-

173 1250 299 1316 citudini
316 1249 551 1334 precavendum,
568 1268 606 1311 ne
623 1248 796 1312 huiusmodi
819 1247 1054 1312 consuetudines
1078 1247 1269 1320 detestande,
1294 1266 1369 1330 quas

173 1377 335 1423 censemus
365 1357 479 1441 pocius
504 1358 709 1439 corruptelas,
744 1357 777 1419 in
809 1357 949 1421 diuturna
979 1361 1114 1440 tempora
1146 1354 1367 1438 protrahantur.

172 1467 315 1531 Veientes
331 1467 434 1549 igitur,
451 1473 484 1529 ut
500 1466 539 1548 c)
554 1465 710 1530 libertates
726 1470 757 1528 et
773 1466 862 1537 dona,
880 1486 938 1550 que
957 1465 1058 1529 dilecti
1076 1464 1171 1528 nostri
1192 1464 1309 1548 imperii
1326 1467 1370 1553 d)

171 1574 326 1658 principes
344 1596 380 1637 ex
398 1575 477 1637 dono
495 1577 591 1637 nostri
607 1574 746 1638 culminis
763 1594 844 1638 nunc
860 1574 1019 1657 possident
1035 1578 1066 1637 et
1082 1561 1153 1637 sunt
1168 1594 1223 1657 pro
1234 1580 1371 1656 tempore

172 1684 362 1768 possessuri,
390 1683 537 1746 latissima
557 1683 814 1766 interpretacione
836 1684 1007 1765 gaudeant,
1032 1689 1063 1745 et
1084 1685 1185 1768 quieta
1202 1683 1370 1747 omnimode

171 1794 230 1877 ipsi
248 1794 403 1877 principes
420 1812 456 1856 ca
478 1790 655 1874 possideant
677 1791 834 1865 libertate3
859 1792 918 1856 hac
941 1797 1044 1857 nostra
1067 1792 1189 1856 edictali
1212 1792 1369 1857 sanctione

170 1922 347 1967 revocamus
364 1903 396 1964 in
411 1902 528 1964 irritum
545 1906 576 1963 ct
592 1920 747 1965 cassamus
770 1902 801 1964 in
827 1902 907 1964 omni
931 1902 1052 1965 civitate
1076 1901 1123 1965 vel
1146 1902 1235 1985 opido
1253 1903 1371 1966 Alama-

170 2011 219 2075 nie
237 2012 276 2099 c)
292 2014 461 2075 communia
489 2011 631 2083 consilia,
661 2010 823 2092 magistros
852 2010 962 2075 civium
991 2031 1045 2074 seu
1073 2015 1209 2075 rectores
1236 2016 1268 2074 et
1295 2012 1371 2074 alios

170 2140 367 2206 quoscunque
381 2119 537 2190 officiales,
550 2120 602 2204 qui
615 2121 654 2184 ah
667 2120 862 2183 universitate
875 2101 984 2184 civium
997 2122 1062 2183 sine
1074 2121 1371 2203 archiepiscoporum

171 2251 226 2294 seu
241 2231 454 2315 episcoporum
470 2230 660 2313 heneplacito
678 2233 862 2302 statuuntur,
885 2250 1066 2315 quocunque
1088 2251 1144 2314 per
1166 2230 1371 2294 diversitatem

169 2338 305 2403 locorum
324 2329 453 2403 ⁴nomine
483 2345 676 2403 censeantur.
721 2338 876 2403 irritamus
908 2339 1119 2403 nichilominus
1152 2344 1182 2402 et
1213 2357 1370 2403 cassamus

171 2449 336 2513 cuiuslibet
357 2449 477 2513 artilicii
501 2450 766 2514 confraternitates
790 2471 845 2513 seu
870 2450 1033 2513 societates
1049 2470 1228 2535 quocunque
1251 2448 1370 2511 nomine

170 2558 368 2641 appellentur.
403 2559 476 2622 ltem
500 2559 557 2622 hac
579 2565 682 2622 nostra
704 2560 828 2622 edictali
850 2561 1009 2622 sanctione
1031 2560 1144 2642 placuit
1167 2557 1369 2627 statuendum,

170 2673 204 2731 ut
216 2668 247 2730 in
260 2666 340 2731 omni
353 2666 476 2730 civitate
493 2669 538 2731 vcl
556 2668 658 2751 opido,
674 2669 726 2731 uhi
743 2672 864 2732 moneta
880 2669 945 2732 iure
963 2669 1092 2740 cuditur,
1107 2688 1163 2731 nec
1176 2666 1371 2730 mercimonia

171 2796 228 2839 nec
244 2775 388 2840 victualia
403 2775 504 2862 aliquo
525 2762 645 2859 argenti
667 2779 803 2860 pondere
826 2783 964 2841 emantur
986 2799 1040 2841 seu
1058 2777 1236 2847 vendantur,
1252 2782 1372 2858 preter·

170 2905 259 2970 quarn
287 2885 347 2949 illis
376 2885 519 2958 denariis,
547 2885 599 2971 qui
621 2885 747 2949 cuilibet
769 2887 884 2950 civitati
907 2888 953 2951 vel
977 2888 1066 2970 opido
1092 2892 1163 2951 sunt
1185 2904 1369 2949 communes.

171 2995 260 3059 Sicut
287 2993 368 3057 enim
396 2995 583 3078 temporibus
611 2995 771 3060 retroactis
799 2996 955 3059 ordinacio
983 2996 1138 3059 civitatum
1166 3000 1197 3058 et
1223 2995 1371 3058 bonorum

171 3106 316 3174 omnium,
333 3123 392 3187 que
409 3104 447 3167 ab
464 3103 611 3187 imperiali
630 3104 810 3168 celsitudine
834 3106 1042 3177 conferuntur,
1064 3105 1102 3167 ad
1124 3104 1371 3186 archiepiscopos

173 3234 228 3276 seu
245 3211 407 3294 episcopos
425 3212 608 3294 pertinebat,
634 3215 679 3276 sic
698 3213 825 3277 eandem
840 3214 1064 3276 ordinacionem
1079 3213 1115 3276 ad
1129 3213 1212 3294 ipsos
1225 3218 1256 3276 et
1269 3232 1371 3277 corum

172 3321 332 3392 officiales,
349 3320 388 3384 ab
406 3321 451 3383 eis
468 3323 641 3404 specialiter
656 3322 821 3394 institutos,
843 3326 990 3405 perpetuo
1018 3323 1155 3386 volumus
1183 3341 1370 3404 permanere,

174 3451 233 3494 non
262 3429 402 3493 obstante
424 3430 519 3493 abusu
542 3431 659 3516 aliquo,
682 3432 708 3494 si
725 3430 792 3517 quis
809 3433 887 3495 forte
903 3431 935 3493 in
948 3431 1069 3495 civitate
1086 3430 1185 3514 aliqua
1202 3432 1371 3494 contrarius

173 3538 342 3610 extitisset,
372 3539 452 3622 quod
481 3538 519 3601 de
541 3538 623 3602 facto
648 3560 808 3604 censemus
830 3540 936 3623 pocius
959 3559 1048 3623 quam
1065 3541 1102 3602 de
1119 3541 1193 3603 iure.
1226 3538 1265 3602 Ut
1281 3538 1374 3619 igitur

172 3648 243 3711 talis
260 3648 380 3710 omnino
403 3652 578 3711 amoveatur
600 3651 762 3712 enormitas
785 3649 831 3712 vel
855 3648 979 3720 abusus,
999 3668 1055 3710 nec
1071 3647 1258 3711 auctoritatis
1274 3646 1373 3730 aliquo

174 3757 327 3819 velamine
343 3757 499 3839 pallietur:
525 3757 625 3820 omnia
640 3757 810 3841 privilegia,
827 3758 930 3821 literas
947 3761 1067 3839 apertas
1083 3757 1129 3820 vel
1146 3757 1275 3827 clausas,
1299 3777 1374 3842 quas

175 3871 280 3929 nostra
313 3867 410 3948 pletas
439 3867 485 3927 vel
510 3869 763 3948 predecessorum
789 3873 975 3937 nostrorum,
1008 3867 1304 3952 archiepiscoporum
1327 3874 1376 3935 vel

173 3975 394 4058 episcoporum
407 3994 499 4058 super
511 3975 708 4038 societatibus
722 3997 776 4039 seu
790 3975 923 4039 consiliis
940 3976 972 4037 in
990 3975 1188 4057 preiudicium
1207 3981 1377 4041 nostrorum

173 4084 346 4167 principum
358 4088 388 4147 et
399 4083 602 4167 imperii,sive
610 4086 725 4167 private
733 4106 864 4167 persone
872 4084 989 4148 dederit
996 4085 1059 4148 sive
1072 4085 1196 4150 cuilibet
1208 4085 1331 4158 civitati,
1339 4087 1377 4151 ab

172 4194 230 4256 hac
247 4192 296 4255 die
313 4197 344 4255 et
357 4193 388 4255 in
402 4193 529 4256 anteain
541 4193 842 4256 irritumrevocamus
855 4213 892 4256 ac
904 4193 1379 4279 frivolapenitusetinaniarepu-

173 4307 289 4373 tamus,
306 4305 509 4385 protestantes
522 4301 601 4365 banc
614 4307 716 4366 nostre
733 4302 951 4374 concessionis,
968 4302 1195 4366 constitucionis
1211 4324 1266 4367 seu
1281 4305 1378 4369 eciam

163 4409 348 4489 ¹sanctionis
365 4409 475 4474 seriem
493 4411 670 4495 exquisitam
695 4432 732 4475 ex
755 4412 878 4476 decreto
894 4412 1063 4496 principum
1079 4416 1110 4474 et
1126 4431 1162 4475 ex
1179 4417 1262 4477 certo
1278 4423 1380 4480 nostra

179 4519 323 4583 sciencia
340 4524 370 4582 in
387 4521 452 4582 soro
470 4523 499 4580 et
515 4518 545 4581 in
558 4520 654 4582 forma
666 4520 769 4583 iudicii
782 4521 980 4604 processisse.
995 4520 1160 4585 Statnimus
1171 4521 1263 4603 igitur
1279 4528 1309 4585 et
1324 4526 1381 4589 im·
1402 4540 1406 4548 “

271 4665 306 4734 n)
330 4663 464 4718 Alemanie
489 4662 519 4715 Z.
558 4694 591 4703 -
622 4664 654 4732 d)
674 4665 839 4736 iniquitatem
858 4668 886 4721 Z.
916 4698 947 4709 -
978 4672 1010 4738 r)
1031 4671 1060 4723 ul
1082 4669 1189 4723 sohltV
1212 4673 1263 4725 und
1291 4673 1318 4727 h.
1346 4704 1382 4713 -

175 4756 212 4826 d)
233 4755 337 4827 imperii
357 4772 396 4806 am
419 4751 510 4807 hande
530 4754 558 4807 V.
579 4784 612 4793 -«
633 4757 665 4825 a)
685 4755 819 4812 Alcmanie
840 4760 866 4809 Z.
