3209 5392
709 868 714 875 ’
760 906 824 979 oo.

560 1081 753 1145 Romanorum
771 1100 823 1145 rex
840 1083 1014 1163 apostolice.
1096 1082 1099 1086 ’

747 1239 828 1293 1279.

187 1381 275 1452 Kdm'q
288 1382 393 1452 liudolf
410 1381 493 1435 dealt
515 1383 573 1435 dean
592 1384 692 1453 Pupcte
704 1384 834 1437 Nicotaus
847 1385 893 1437 111.
917 1381 1011 1453 dufer,
1034 1382 1100 1435 daea
1123 1398 1153 1433 er
1175 1379 1221 1434 ian
1244 1379 1272 1432 in
1290 1378 1381 1432 eeiaen

187 1469 285 1525 Sobata
306 1473 365 1526 rond
394 1472 468 1525 ceiam
493 1472 576 1525 Gccnet
601 1470 801 1541 auspenommca
826 1473 883 1526 aad
907 1473 973 1526 dare
996 1488 1026 1524 er
1043 1469 1128 1539 jedea
1150 1466 1381 1539 deaurabipeaden

190 1561 325 1615 l'erdacbt
344 1580 434 1633 erepere
451 1563 500 1616 dee
519 1561 672 1616 vertebant
693 1564 742 1616 dee
760 1563 863 1633 Kent'qa
882 1564 951 1616 Kerl
967 1579 1018 1616 coc
1038 1561 1148 1616 Siciliae
1166 1559 1280 1629 autferat
1297 1557 1381 1623 bolc,·

185 1669 217 1704 er
229 1652 308 1706 selbot
320 1654 396 1706 welle
409 1654 459 1705 dae
468 1659 533 1723 pute
544 1650 752 1706 ninemetmen
765 1653 813 1706 mit
818 1650 910 1721 jeroam
924 1652 1029 1724 Keniqe
1041 1650 1194 1721 defeetipea.
1211 1647 1381 1717 Gleicbzeite‘g

188 1740 259 1794 bittet
280 1759 310 1793 cr
331 1741 382 1795 dea
404 1742 496 1812 Papet,
519 1742 570 1794 dere
593 1741 639 1795 mit
661 1743 711 1795 der
731 1742 926 1812 Kreuzpredipt
946 1742 974 1795 ic
996 1739 1179 1794 Deutecblcnd
1196 1738 1382 1809 beauftraqtea

408 1828 668 1901 Prediqcrmdncben
679 1837 825 1901 prdeceren
837 1828 917 1900 cher
929 1829 1156 1902 aaauempfcblea.

281 1972 402 2035 Grande
433 1970 661 2053 multiplicatum
689 1973 729 2059 a)
761 1973 904 2056 gaudium
935 1973 966 2036 in
997 1972 1049 2035 lilii
1083 1971 1182 2035 devoti
1214 1969 1382 2051 precordiis

186 2079 292 2142 crebra
315 2080 437 2160 pietatis
459 2086 583 2161 paterne
610 2081 774 2153 levamina,
802 2081 911 2164 quibus
940 2101 994 2143 nos
1022 2080 1133 2162 iugiter
1155 2077 1382 2142 consolaciones

186 2193 287 2250 vestre
303 2186 458 2259 letificant‚
475 2190 551 2261 imo,
567 2208 678 2269 pavore
696 2190 775 2250 omni
791 2189 977 2271 postposito,
1005 2209 1059 2251 nos
1076 2187 1182 2271 spiritu
1198 2186 1382 2250 tortitudinis

186 2294 395 2358 fecundarunt.
428 2296 460 2358 ln
482 2297 542 2359 boc
565 2317 638 2359 sane
655 2316 752 2378 nuper
768 2296 855 2358 nobis
874 2296 1046 2376 benignitas
1063 2295 1102 2381 b)
1118 2294 1249 2376 graciosi
1272 2312 1383 2356 conso·
1468 2325 1476 2341 ·

172 2451 174 2456 .
187 2403 291 2467 latoris
304 2405 451 2486 apparuit,
465 2405 556 2488 qued,
569 2393 817 2487 quemadmodum
829 2406 1007 2468 honoratum
1018 2408 1142 2471 fratrem
1157 2405 1193 2466 N.
1211 2407 1383 2465 narrantem

186 2512 400 2594 cognevimus,
428 2519 461 2577 ut
488 2515 587 2577 securi
616 2513 781 2578 efficiamur
808 2535 825 2577 a
854 2515 986 2598 qualibet
1015 2511 1298 2583 curaiormidiniS,
1318 2521 1382 2573 'nos

185 2618 241 2681 sub
269 2620 451 2702 specialibus
476 2621 530 2684 alis
552 2627 653 2685 vestre
675 2622 873 2703 protectionis
899 2628 930 2685 et
950 2623 1116 2705 apostolice
1145 2620 1248 2703 gracie
1277 2638 1383 2681 susce-

186 2727 287 2809 pistis,
310 2728 379 2793 data
403 2729 489 2792 nobis
512 2729 722 2794 nichilominus
739 2730 818 2793 bona
835 2732 901 2812 spei
916 2730 1036 2803 fiducia,
1060 2730 1141 2814 quod
1165 2730 1210 2792 de
1233 2728 1382 2810 inclyto

185 2856 278 2918 rege
302 2836 451 2917 Sycilie
475 2838 613 2920 quitquid
637 2838 769 2920 vulgaris
794 2838 895 2921 opinio
917 2840 1072 2921 predicet,
1101 2838 1238 2921 quitquid
1264 2837 1382 2919 privata

188 2944 346 3025 suggestio
379 2945 530 3018 suadeat,
562 2946 641 3009 nulla
672 2945 760 3009 nobis
791 2947 969 3009 meticulosa
1001 2945 1133 3027 suspicio
1165 2945 1206 3007 sit
1231 2944 1379 3007 habenda.

190 3053 289 3134 Super
325 3052 434 3136 quibus
473 3053 575 3136 itaque
613 3053 741 3135 placidis
780 3053 1014 3118 confortacionis
1052 3059 1152 3117 vestre
1196 3052 1381 3125 dulcoribus,

185 3160 295 3242 quibus
313 3160 441 3224 delicate
457 3161 620 3234 relicimur,
646 3181 713 3225 cum
735 3183 794 3225 non
817 3163 857 3225 sit
879 3162 1008 3226 humane
1031 3162 1171 3243 potencie
1188 3160 1273 3223 vobis
1290 3159 1381 3241 digne

184 3268 420 3350 regraciacionis
437 3267 590 3352 'applausu
615 3270 760 3333 decenter
782 3290 963 3351 assurgere,
986 3275 1088 3333 nostre
1111 3288 1202 3331 causa
1224 3268 1382 3330 imbecilli-

184 3375 272 3446 tatis,
303 3378 394 3439 exiles
426 3377 510 3448 illas,
542 3397 616 3461 quas
648 3398 828 3460 possumus,
865 3378 1043 3441 beatitudini
1074 3383 1174 3441 vestre
1212 3377 1382 3459 graciarum

140 3552 142 3557 ,
185 3484 364 3548 exsolvimus
386 3487 540 3557 actiones,
568 3488 702 3550 volentes
727 3488 834 3550 amodo
855 3488 913 3550 sub
929 3492 991 3550 tam
1006 3486 1063 3552 tuti
1081 3486 1255 3549 defensione
1272 3483 1381 3566 clippei

118 3633 127 3650 .
186 3592 316 3655 militare
332 3592 468 3664 viriliter,
487 3599 517 3657 et
532 3594 701 3675 predictum
717 3614 847 3676 regem
865 3593 1034 3676 Spcilie,
1050 3593 1209 3657 dummodo
1226 3592 1257 3655 in
1271 3591 1380 3656 vestris

187 3705 217 3763 et
248 3706 444 3764 sacrosancte
474 3701 578 3765 matris
611 3702 742 3765 ecclesie
773 3702 972 3784 beneplacitis
1003 3708 1179 3784 perseveret
1210 3698 1380 3771 immobilis,

184 3827 258 3889 pure
291 3828 410 3891 semper
437 3807 645 3874 benivolencie
675 3811 773 3875 studio
806 3812 966 3893 prosequi,
998 3831 1034 3873 ac
1066 3812 1179 3874 alterne
1212 3810 1380 3873 dilectionis

185 3917 369 3999 amplexibus
401 3919 488 3981 nobis
520 3919 787 3983 indissociabiliter
820 3920 954 3983 counire.
993 3921 1084 3982 Porro
1115 3926 1202 4001 pater
1232 3918 1380 4000 piissime,

185 4026 265 4106 quod
295 4031 377 4088 terre
410 4033 513 4089 sancte
545 4027 731 4100 necessitas,
775 4029 879 4099 euius,
917 4034 949 4090 ut
980 4027 1093 4097 nostis,
1125 4026 1379 4089 subvencionibus

185 4132 359 4196 devovimus
388 4133 519 4197 salvifice
548 4135 649 4198 crucis
678 4142 834 4219 assumpto
864 4131 1038 4216 signaculo,
1069 4154 1124 4197 nos
1152 4134 1277 4216 pervigil
1306 4154 1379 4199 eura

186 4242 326 4307 sollicitat
340 4249 370 4305 et
382 4243 564 4306 indesinenti
578 4244 727 4308 anxietate
739 4245 860 4326 fatigat,
876 4250 977 4307 vestre
989 4265 1048 4307 non
1060 4244 1208 4306 immerito
1221 4243 1379 4325 pandimus
1389 4277 1432 4321 m
1440 4276 1466 4319 45
1476 4281 1498 4319 1,

185 4350 348 4422 sanctitati,
371 4351 451 4433 quod
474 4352 647 4435 predicacio
670 4353 770 4415 crucis
796 4358 899 4415 sancte
923 4373 978 4434 per
993 4352 1197 4434 Alymanniam
1213 4352 1379 4415 ministerio

185 4462 310 4523 liatrum
328 4458 550 4540 predicatorum
567 4465 598 4522 et
613 4460 759 4523 minorum
783 4479 842 4522 non
865 4460 909 4521 sic
931 4480 966 4520 ex
989 4460 1080 4522 corde
1109 4459 1264 4541 dirigitur,
1291 4466 1381 4540 prout
1454 4487 1465 4502 .

186 4565 349 4648 expediens
378 4564 565 4630 arbitramur.
599 4568 734 4638 ldcireo,
763 4569 788 4630 si
817 4568 896 4649 apud
926 4587 978 4630 vos
1007 4567 1047 4662 sit
1074 4568 1169 4631 visum
1187 4547 1380 4638 conveniens,

276 4691 310 4760 a)
325 4692 499 4762 multiplicant
514 4713 545 4749 zu
559 4695 640 4750 lesen.
657 4723 691 4733 -
705 4693 738 4758 b)
752 4691 922 4763 benignitatis
936 4694 963 4746 Z.
