3209 5392
843 857 899 926 lo.

585 1035 748 1116 lnperotor
764 1034 858 1097 onloo
875 1050 928 1094 suo
945 1029 1070 1114 specloll
1086 1034 1143 1093 eto.

826 1182 906 1236 1245.

271 1327 370 1383 Kairer
387 1329 534 1384 Friedrich
552 1331 587 1383 11.
608 1328 683 1383 rhein
698 1327 782 1382 einero
797 1326 888 1382 ceiner
902 1325 1094 1398 dbterpebenen
1114 1322 1170 1390 mit,
1188 1322 1240 1378 scie
1253 1322 1297 1376 die
1309 1321 1455 1376 Maildnder

267 1435 317 1472 oon
334 1419 399 1485 ibm,
432 1421 490 1474 dem
515 1421 619 1492 Konipe
636 1417 763 1474 Heinrich
781 1435 833 1473 oon
852 1418 999 1472 Sardinien
1016 1418 1073 1471 und
1089 1415 1180 1470 Ecelin
1198 1431 1229 1468 ro
1249 1410 1456 1483 einpeecblooeen

525 1511 611 1576 ccicc,
626 1513 691 1565 door
703 1509 743 1565 n’e
755 1509 784 1563 in
790 1510 884 1581 jedeon
897 1509 971 1562 Folle
982 1507 1101 1563 ocrbren
1113 1513 1211 1563 codron.

361 1654 578 1710 nuilliaco-neth.
592 1655 634 1719 Vl,
647 1651 782 1710 not-65,

362 1800 507 1864 Felicium
525 1801 709 1885 prosperitas
727 1800 897 1864 continuate
914 1816 1109 1860 successuum
1125 1796 1278 1859 victoriosi
1299 1812 1458 1877 processus

271 1908 376 1979 nostri,
393 1909 553 1992 tripudium
570 1915 712 1991 tanquam
727 1907 859 1990 ingentis
875 1906 1030 1969 alacritate
1047 1905 1216 1987 congaudii,
1234 1903 1271 1966 ed
1288 1902 1458 1965 devocionis

271 2021 322 2078 tue
349 2017 490 2080 noticiam
514 2017 640 2101 epistola
662 2017 795 2101 presenti
819 2015 985 2084 deducitur,
1007 2033 1065 2096 que
1082 2013 1126 2076 sic
1142 2011 1315 2095 recipientis
1330 2009 1458 2073 animum

272 2145 400 2189 cesarea
428 2127 573 2189 felicitate
600 2123 739 2196 letificet,
771 2128 803 2187 ut
834 2122 1014 2205 triumphum
1042 2127 1142 2205 optate
1169 2120 1311 2190 victorie,
1343 2116 1459 2180 sublato

273 2234 434 2298 cuiuslibet
457 2235 618 2297 dubietatis
641 2233 806 2304 involucro,
828 2231 1001 2315 prefiguret.
1024 2231 1119 2294 Nobis
1134 2227 1230 2299 enim,
1253 2232 1285 2291 ut
1307 2228 1461 2309 loquamur

270 2341 309 2404 ad
331 2342 459 2413 literam,
484 2362 550 2404 cum
580 2341 738 2424 magnifico
761 2346 792 2404 et
813 2340 974 2402 victorioso
991 2339 1123 2402 exercitu
1139 2340 1241 2400 nostro
1258 2336 1296 2398 nd
1313 2335 1462 2398 confusio-

271 2469 339 2513 nem
363 2450 631 2513 Mediolonensium
656 2449 890 2532 procedentibus
913 2449 943 2509 in
971 2446 1154 2510 fortitudinis
1181 2444 1305 2507 broobio
1332 2443 1461 2526 glorioso

269 2538 330 2640 ipsi
356 2534 609 2629 Mediolanenses,
632 2562 774 2640 tanquam
800 2559 1014 2619 concurrentes
1036 2554 1074 2617 nd
1101 2554 1241 2635 laqueum
1257 2558 1287 2614 et
1303 2552 1341 2615 nd
1358 2551 1462 2614 cedem

271 2665 488 2747 quodammodo
505 2670 712 2748 properantes,
729 2667 810 2727 iuxta
827 2662 1043 2750 Abyntbam1),
1061 2662 1159 2724 locum
1175 2680 1279 2723 eorum
1295 2662 1462 2725 afflictionis

271 2772 412 2843 indicem,
430 2792 498 2835 cum
515 2773 671 2836 carrochio
688 2773 884 2835 communiter
897 2775 1087 2836 occurerunt.
1120 2772 1209 2834 Juxta
1229 2789 1354 2852 quorum
1379 2792 1464 2833 exer-

271 2880 363 2944 citum
376 2880 417 2966 a)
438 2880 482 2942 sic
510 2885 608 2943 castro
637 2885 739 2942 nostra
767 2881 866 2943 vicina
883 2879 1053 2948 defiximus,
1082 2882 1115 2940 ut
1130 2880 1327 2940 tentoriorum
1342 2878 1464 2941 funibus

270 2993 412 3071 tanquam
436 2989 475 3075 b)
498 2988 665 3051 confinibus
694 2989 807 3050 nullum
835 2989 882 3050 vel
911 2987 1062 3049 modicum
1084 2987 1246 3049 interesset
1269 2986 1307 3072 c)
1323 2987 1464 3059 medium,

272 3119 327 3160 nec
351 3097 463 3180 aliquid
482 3096 635 3159 dividuum
652 3097 709 3159 nisi
725 3096 836 3159 flumen
859 3097 899 3181 d)
923 3095 1105 3181 nisinellae)
1127 3094 1239 3156 dictum
1262 3099 1293 3156 et
1309 3115 1345 3157 eu
1362 3115 1464 3159 eorum

268 3211 353 3288 purte
370 3205 467 3267 valido
482 3206 595 3267 fossato
610 3206 806 3275 succinctum,
821 3205 900 3287 quod
912 3209 1012 3266 tomen
1029 3203 1106 3266 vodo
1122 3203 1243 3266 transiri
1259 3208 1359 3285 potest
1375 3204 1463 3267 bebi-

269 3314 339 3378 liter
352 3308 426 3377 licet
442 3334 501 3375 non
516 3336 571 3399 per
587 3314 669 3377 acies
686 3313 851 3384 ordinatas,
865 3318 983 3375 nostras
996 3312 1034 3376 ab
1048 3313 1092 3376 eis
1104 3312 1268 3374 intersecet
1280 3313 1461 3374 mansiones.

270 3422 374 3493 Immo,
399 3422 424 3484 si
452 3422 564 3486 veritas
593 3424 732 3507 apereius
759 3422 921 3492 revelatur,
949 3424 981 3483 in
1009 3420 1189 3483 exercitibus
1217 3421 1299 3482 nullo
1325 3421 1462 3502 profecto

269 3534 391 3594 notatur
407 3530 577 3602 diversitos,
595 3531 648 3593 sed
664 3530 695 3592 in
712 3530 756 3593 eis
772 3536 875 3594 mutuo
893 3551 926 3592 se
938 3526 1107 3593 videncium
1121 3528 1287 3591 communis
1300 3528 1463 3591 erudelitas

269 3638 474 3724 vdemptitatis
489 3640 554 3703 sere
571 3638 716 3703 diiudicat
732 3638 882 3701 unionem.
907 3640 1033 3720 Propter
1049 3637 1140 3720 quod,
1157 3637 1246 3719 plane
1264 3640 1464 3700 circumstan-

268 3746 350 3809 tibus
367 3752 398 3810 et
413 3747 594 3811 instantibus
610 3746 792 3809 imminentis
805 3745 912 3809 hiemis
925 3746 1068 3831 periculis
1081 3765 1135 3806 seu
1151 3745 1302 3827 procellis,
1319 3750 1462 3828 tunquam

153 3856 369 3939 inconposito
386 3856 465 3918 inter
479 3857 619 3918 malleum
636 3860 667 3917 et
683 3855 823 3918 incudem
840 3844 887 3937 e),
905 3853 1059 3938 predictos
1075 3853 1205 3916 rebelles
1221 3873 1326 3915 manus
1343 3859 1464 3915 nostras

269 3982 328 4026 non
345 3963 495 4026 credimus
512 3984 665 4028 evasuros.
700 3965 739 4027 Ut
755 3965 848 4045 igitur
864 3964 894 4025 in
912 3968 1047 4026 nostrum
1062 3961 1242 4039 retiaculum
1259 3961 1331 4025 dicti
1347 3961 1464 4023 Medio-

361 4146 396 4212 α)
406 4142 452 4197 tuli
466 4144 509 4198 die
522 4143 610 4197 ll.·Br.
624 4173 658 4182 -—
669 4143 701 4208 b)
714 4146 757 4197 for
771 4147 896 4211 tunquam
912 4141 1027 4213 quinimo
1043 4141 1210 4209 vnce-e)
1225 4139 1462 4195 intedncetst-Br.

270 4266 303 4276 -
329 4236 365 4305 d)
395 4235 520 4307 'l'ysmelli
547 4236 575 4288 Z.
606 4265 633 4274 -
655 4235 686 4304 e)
712 4235 774 4288 licet
802 4234 940 4288 cuiusdam
958 4233 1047 4303 pontis
1077 4233 1103 4285 in
1127 4231 1240 4285 medium
1263 4231 1388 4285 transitus
1414 4245 1463 4301 per

268 4337 344 4395 quern
364 4325 408 4378 vix
426 4326 553 4378 transitus
567 4324 639 4395 (sic)
652 4325 816 4395 fugientibus
835 4325 936 4392 poterit
954 4323 1041 4378 afferri
1055 4311 1211 4391 presidium,
1237 4322 1301 4391 ipsis
1321 4318 1462 4391 suffragari

268 4416 458 4485 quodammodo
477 4415 606 4476 videntur,
627 4417 653 4467 in
672 4415 741 4469 omui
755 4419 842 4468 tamon
856 4418 950 4467 eventu
964 4414 1037 4483 ipsos
1051 4430 1141 4467 manus
1156 4416 1206 4466 cte.
1232 4413 1321 4466 H.·Br.

268 4571 593 4585 --—————-

295 4694 318 4752 1)
339 4697 438 4741 Abbinte
450 4698 545 4741 Graeco.

297 4783 321 4843 ²)
341 4788 384 4832 nin
398 4787 487 4831 Abdum
501 4788 543 4832 deo
554 4786 646 4830 Ticino.
