3209 5392
294 492 370 561 202

286 682 421 734 corruas,
445 684 504 747 quo
525 669 626 725 tecum
647 663 748 745 plures
770 667 908 730 traheres
931 664 969 727 ad
990 664 1115 728 ruinam.
1149 664 1260 727 Verum
1282 660 1320 723 ad
1342 660 1380 744 a)
1402 660 1464 723 iusti

224 855 225 858 Ἴ
285 770 399 851 pariter
414 775 446 832 et
460 770 579 833 bonesti
596 769 787 835 solliditatem
803 771 843 858 b)
860 772 1007 854 propositi
1029 778 1132 853 preter
1153 789 1310 832 commune
1334 766 1464 838 debitum,

191 925 192 928 ,
287 895 345 957 quo
368 882 399 938 te
421 878 486 939 Deo
508 876 704 940 vehementer
726 880 884 943 astrictum
904 878 1065 961 intelligis,
1094 878 1181 941 cuius
1204 878 1234 938 in
1256 871 1409 947 ministerii
1427 873 1465 935 tui

287 988 368 1045 sorte
384 989 509 1046 vocatus
525 984 556 1046 in
577 989 693 1065 partem
714 985 924 1050 sollicitudinis
941 990 1024 1048 vices
1041 986 1139 1067 geris,
1168 981 1336 1046 aeumulata
1351 975 1467 1042 nichilo·
1553 983 1563 1008 ⁸

287 1090 385 1153 minus
408 1089 556 1153 beneficia
572 1096 603 1152 te
626 1090 778 1172 obligant,
807 1112 865 1174 que
887 1112 957 1155 cum
976 1093 1044 1155 aliis
1059 1092 1184 1174 prelatis
1200 1088 1353 1153 Alemaaie
1369 1108 1387 1150 a
1401 1087 1466 1149 sede

285 1197 451 1277 apostolica
483 1197 651 1260 dinosceris
681 1199 854 1279 recepisse,
886 1200 971 1262 cuius
1002 1200 1087 1280 larga
1113 1197 1263 1261 beneficia
1295 1203 1326 1259 et
1354 1194 1468 1275 largitas

284 1304 422 1367 benivola
444 1304 499 1367 tibi
523 1309 555 1367 et
577 1304 635 1367 illis
658 1324 777 1386 semper
798 1307 945 1368 hactenus
969 1305 1055 1369 affuit
1071 1311 1102 1367 et
1119 1306 1204 1388 quasi
1219 1304 1288 1366 fons
1305 1300 1469 1366 indeficiens

285 1411 371 1474 vobis
388 1416 419 1473 et
434 1410 545 1473 vestris
562 1411 699 1473 ecclesiis
717 1413 887 1492 graciarum
899 1412 1011 1502 tluenta
1024 1411 1259 1481 communicans,
1276 1429 1331 1472 vos
1344 1406 1471 1471 instruxit

286 1516 437 1587 consiliis,
474 1515 628 1579 roboravit
659 1517 789 1588 auxiliis,
827 1518 947 1581 vallavit
984 1518 1022 1603 e)
1053 1514 1209 1579 beneficiis
1248 1520 1279 1576 et
1315 1511 1470 1596 privilegiis

285 1624 453 1686 honoravit.
477 1624 596 1687 lustum
624 1630 671 1685 est
699 1624 792 1705 igitur
820 1632 850 1687 et
877 1628 1061 1689 conveniens
1089 1623 1212 1706 pietati,
1240 1628 1275 1685 ut
1301 1622 1342 1684 ad
1357 1625 1471 1683 matrem

288 1730 448 1793 ecclesiam
476 1731 599 1793 elevetis
628 1732 730 1794 oculos
759 1733 910 1805 universi,
939 1739 970 1797 et
992 1753 1067 1796 cura
1088 1732 1227 1814 pervigili
1248 1730 1397 1793 studeatis
1413 1728 1470 1790 eius

287 1837 408 1900 obviare
424 1838 583 1919 periculis,
607 1858 665 1921 que
682 1841 708 1902 si
725 1860 779 1903 sua
794 1841 843 1902 vel
858 1846 959 1905 vestra
976 1841 1154 1911 dixerimus,
1178 1859 1233 1902 sua
1247 1845 1352 1902 tamen
1367 1834 1470 1899 rectius

288 1945 423 2008 dicemus
440 1951 471 2008 et
486 1952 602 2017 vestra,
630 1966 714 2018 cum,
744 1947 865 2010 dolente
881 1948 997 2031 capite,
1025 1968 1085 2011 non
1101 1948 1141 2011 sit
1156 1947 1188 2010 in
1202 1943 1339 2009 menbris
1358 1943 1472 2014 sanitas,

167 2067 342 2117 F01-8611-nec
370 2055 512 2117 maternis
538 2054 617 2117 infixi
651 2055 819 2118 visceribus
855 2062 951 2119 matre
983 2058 1101 2139 possint
1128 2055 1288 2138 quiescere
1310 2054 1472 2118 laborante.

286 2161 427 2225 Ceterum
450 2167 592 2245 quantum
608 2163 767 2242 ecclesiam
783 2164 995 2244 flagellaverit,
1022 2170 1166 2245 quantum
1181 2160 1390 2232 concusserit,
1411 2163 1476 2242 quot

287 2268 531 2348 exprobracionis
555 2271 583 2331 ei
599 2272 676 2332 mala
698 2270 864 2333 reddiderit
886 2272 990 2334 domus
1012 2269 1192 2350 inproperii,
1220 2267 1373 2350 quondam
1395 2264 1473 2329 ride*

284 2375 421 2438 licetur.
440 2375 481 2459 d)
498 2377 702 2458 imperatoris,
732 2398 790 2440 non
814 2379 908 2440 solum
925 2378 1062 2440 ecclesiis
1080 2383 1111 2439 et
1125 2375 1313 2458 principibus
1331 2373 1476 2438 Alemanie

286 2489 388 2546 notum
406 2483 522 2576 existit,
551 2483 606 2545 sed
628 2490 675 2546 est
696 2483 807 2546 mundo
825 2483 973 2546 notorium
989 2484 1139 2546 universo.
1173 2482 1261 2546 Unde
1277 2483 1361 2545 iusto
1379 2482 1477 2562 damp-

286 2595 374 2652 natus
391 2590 513 2662 iudicio,
531 2596 638 2654 ettam
653 2590 770 2671 imperii
784 2609 872 2673 quam
887 2591 974 2672 regni
988 2590 1099 2671 Sycilie
1112 2591 1177 2653 iu're
1188 2590 1304 2671 pariter
1323 2597 1355 2653 et
1370 2592 1477 2653 bonore

286 2698 436 2778 privatus,
475 2698 554 2760 diem
584 2697 794 2760 miserabiliter
827 2697 970 2760 claudens
1002 2703 1182 2767 extremum,
1214 2701 1339 2759 tenuem
1366 2697 1481 2778 reliquit

285 2805 475 2875 memoriam,
509 2824 593 2877 cum,
626 2805 750 2867 sublatis
778 2804 816 2866 de
843 2804 942 2866 medio
967 2803 1051 2875 tiliis,
1083 2805 1114 2866 in
1141 2803 1228 2865 domo
1251 2804 1329 2866 tanti
1358 2802 1479 2866 nominis

286 2910 374 2972 unica
406 2911 534 2973 scintilla
564 2912 743 2975 remanserit
774 2911 863 2974 etatis
896 2911 994 2973 adhuc
1021 2916 1141 2982 tenere,
1173 2917 1349 2992 premature
1386 2919 1480 2976 tamen

284 3019 402 3081 malicie
419 3019 685 3082 Chunradinus
702 3017 752 3103 α).
776 3020 869 3082 Porro
886 3040 946 3082 non
962 3020 1026 3081 sine
1042 3039 1150 3101 magna
1166 3021 1267 3084 cordis
1283 3021 1479 3084 amaritudine

285 3148 379 3208 nuper
406 3128 595 3209 accepimus,
623 3127 705 3208 quod
732 3127 844 3190 nonulli
873 3148 908 3189 ex
935 3126 994 3188 hiis
1016 3128 1204 3210 principibus
1220 3135 1252 3191 et
1266 3130 1413 3210 prelatis,
1439 3128 1480 3191 ad

286 3254 380 3317 quos
413 3234 471 3296 ius
508 3235 685 3314 pertinet
722 3233 895 3314 eligendi
926 3235 1175 3298 Romanorum
1206 3254 1337 3315 regem
1369 3235 1414 3298 ad
1446 3232 1479 3318 e)
1544 3289 1549 3300 .

284 3340 1479 3427 imperatorempostmodumpromovendum,ineamdevenerints)

285 3446 457 3517 audaciam,
485 3451 518 3509 ut
545 3467 637 3528 super
664 3447 810 3509 electione
839 3447 1020 3510 Chunradini
1048 3447 1183 3510 eiusdem
1211 3448 1250 3510 ad
1265 3448 1428 3530 imperium
1440 3447 1480 3531 p)

285 3554 420 3617 occultos
433 3554 564 3615 audeant
575 3559 606 3615 et
617 3558 739 3634 apertos
751 3554 827 3615 inire
840 3559 996 3625 tractatus,
1013 3556 1134 3636 proprie
1158 3554 1262 3617 salutis
1285 3555 1479 3623 inmemores,

284 3661 387 3724 hostes
403 3662 524 3724 iusticie
540 3666 571 3722 et
587 3660 696 3741 quietis
712 3660 833 3741 publice
849 3661 1036 3732 turbatores,
1060 3681 1128 3725 cum
1145 3662 1292 3725 deberent
1307 3683 1372 3725 non
1388 3663 1479 3726 solum

284 3769 455 3839 attendere,
484 3767 563 3851 quod
590 3787 745 3829 assumere
774 3768 968 3849 ineligibilem
995 3770 1066 3831 nulli
1092 3768 1165 3831 licet
1185 3768 1236 3854 fl)
1269 3770 1357 3832 Hunc
1381 3775 1478 3833 autem

285 3897 354 3938 esse
380 3876 487 3956 probat
504 3873 700 3954 ineligibilem
721 3875 810 3938 etatis
833 3874 1004 3947 infirmitas,
1035 3895 1093 3958 que
1116 3874 1278 3938 inhabilem
1293 3873 1396 3958 ipsum
1409 3875 1480 3938 facit

274 3983 330 4046 'vel
347 3982 439 4044 efficit
455 3981 493 4044 ad
508 3981 650 4052 bonores,
668 4000 795 4063 cumque
813 3983 902 4044 etiam
914 3982 940 4043 si
952 3981 1131 4064 legittimum
1143 3981 1302 4045 terminum
1315 3985 1478 4065 attigisset,

285 4110 351 4152 eum
367 4096 467 4153 tamen
484 4082 555 4169 eligi
571 4109 630 4150 non
647 4088 781 4160 deceret,
803 4094 907 4170 utpote
923 4090 973 4171 qui
991 4090 1029 4152 de
1045 4089 1292 4170 persecutoribus
1308 4089 1477 4153 manifestis

285 4199 429 4268 ecclesie,
460 4205 520 4262 tam
547 4200 700 4264 veteribus
734 4217 821 4279 quam
853 4198 1019 4268 modernis,
1052 4196 1173 4260 trahens
1203 4197 1371 4278 maginem,
1402 4199 1479 4259 iuste

284 4315 386 4388 posset
413 4312 469 4372 bac
497 4311 559 4371 sola
587 4310 709 4372 racione
738 4310 853 4390 repelli.
886 4309 977 4371 Cuius
995 4307 1033 4391 γ)
1051 4313 1150 4369 tamen
1179 4326 1302 4368 causam
1329 4308 1478 4386 aggravat

285 4417 375 4479 etiam
401 4418 440 4500 ir)
468 4419 625 4480 manifesta
653 4418 809 4480 temeritas
838 4437 895 4498 qua
921 4437 954 4477 se
982 4421 1084 4497 parat,
1116 4419 1149 4475 ut
1177 4412 1369 4476 evidentibus
1398 4416 1479 4494 patet

375 4560 408 4626 a)
424 4575 438 4609 a
452 4558 561 4626 v.-b)
576 4558 719 4610 ealliditate
727 4558 755 4609 V.
774 4589 802 4597 -
819 4558 850 4625 e)
866 4557 964 4609 lallavit
976 4556 1006 4609 V.
1022 4585 1053 4594 -
1070 4557 1104 4621 d)
1118 4557 1160 4609 rr.
1176 4572 1216 4608 am
1231 4556 1332 4608 Raude.
1349 4583 1385 4592 -
1400 4554 1432 4623 e)
1445 4551 1478 4604 ad

285 4647 354 4699 fehlt
368 4646 395 4699 V.
410 4676 444 4685 —-
453 4648 484 4716 f)
506 4648 641 4701 devenerit
655 4648 683 4700 V.
702 4677 729 4685 «
745 4647 780 4717 p)
796 4646 828 4698 ad
843 4647 905 4715 imp.
925 4662 965 4697 am
979 4645 1077 4697 Raude.
1090 4674 1123 4683 -
1134 4642 1168 4713 b)
1184 4645 1263 4699 etiam
1277 4661 1316 4697 am
1330 4643 1428 4696 Rande
1445 4640 1472 4692 V.
