3209 5392
264 594 347 670 366⁴
376 658 378 660 ,

261 773 360 855 igitur
383 774 461 835 idem
483 780 570 855 pater
592 774 771 837 venerabilis
794 796 830 836 ex
845 775 1055 856 preteritorum
1078 771 1235 836 eventibus
1251 773 1456 837 coniecturam

263 882 428 963 pessimam
445 884 628 953 futurorum,
657 889 760 946 nostre
775 884 925 946 maiestati
939 882 1092 956 humiliter
1113 881 1308 964 supplicabit,
1335 887 1456 963 utpre-
1571 908 1575 921 ¹

265 990 380 1071 dictum
397 990 611 1054 monasterium
627 997 679 1055 tue
696 992 855 1055 devocioni
871 993 1124 1056 committeremus
1141 1010 1208 1053 cum
1232 990 1367 1053 omnibus
1392 991 1456 1052 suis

263 1091 489 1162 defendendum
506 1098 544 1162 ab
560 1099 732 1163 incursibus
747 1099 954 1182 malignorum.
988 1100 1051 1164 Nos
1074 1101 1175 1182 itaque
1196 1098 1290 1180 ipsius
1312 1097 1455 1180 precibus

258 1207 404 1282 inclinati,
420 1215 471 1272 tue
487 1207 557 1272 fidei
574 1209 733 1290 puritatem
756 1208 948 1290 presentibus
971 1209 1106 1272 duximus
1128 1207 1351 1290 requirendam,
1368 1207 1452 1288 regia

259 1315 473 1379 nichilominus
492 1315 547 1379 tibi
564 1318 743 1380 auctoritate
769 1317 947 1380 mandantes
970 1322 1001 1381 et
1023 1317 1193 1388 credentes,
1216 1321 1362 1400 quatenus
1384 1335 1455 1397 pre-

262 1425 375 1489 dictum
393 1425 608 1488 monasterium
631 1426 817 1508 fratrumque
840 1430 1036 1495 conventum,
1056 1423 1192 1487 homines
1208 1425 1358 1506 ipsorum,
1381 1443 1456 1505 pos-

261 1531 433 1603 sessiones,
449 1532 529 1596 bona
545 1532 666 1595 mobilia
683 1538 714 1595 et
728 1531 892 1595 immobilia
908 1551 964 1596 nec
981 1552 1040 1594 non
1057 1532 1154 1595 omnia
1175 1532 1214 1594 ad
1236 1531 1332 1614 ipsum
1349 1550 1455 1594 mona·

261 1641 385 1705 sterium
411 1642 595 1724 fratrumque
620 1648 799 1705 conventum
827 1640 1012 1723 pertinencia
1041 1641 1108 1703 vice
1136 1640 1232 1703 nostri
1247 1645 1455 1712 manuteneas,

260 1754 403 1831 protegas
432 1754 463 1810 et
489 1749 652 1820 defendas,
681 1768 738 1812 nec
758 1750 914 1832 permittas
937 1768 1073 1812 exnunc
1096 1753 1127 1812 et
1148 1749 1269 1811 inantea
1291 1747 1329 1810 ab
1352 1748 1453 1831 aliquo

260 1856 393 1919 indebite
409 1855 572 1919 molestari.

737 2064 741 2071 ’
823 2065 884 2135 17.

412 2326 413 2329 ¹
454 2247 650 2310 homanorum
664 2264 716 2309 rex
733 2264 825 2328 super
839 2246 1033 2310 lustftueloue
1050 2247 1119 2310 uovl
1135 2245 1192 2308 foul
1207 2243 1257 2329 a).

276 2403 364 2474 Kdnr’p
386 2403 492 2474 lludolf
510 2402 624 2469 eraberlt,
651 2403 705 2474 corf
721 2403 766 2457 die
786 2404 857 2458 bite
878 2404 950 2458 eines
971 2402 1024 2457 alam
1043 2411 1170 2474 petreum
1191 2404 1358 2465 Edelmanno,
1383 2403 1457 2459 einer

426 2495 504 2548 stadt
518 2494 561 2547 ein
576 2494 747 2566 Prieilepr‘nm
759 2513 808 2547 zur
820 2493 968 2565 Abhnltunp
981 2494 1054 2548 eines
1072 2491 1309 2548 Wocbenmarlrtes.

361 2639 496 2720 Benigne
519 2640 624 2720 gracie
648 2646 749 2702 nostre
771 2637 920 2721 provisio,
945 2656 1020 2720 qua,
1053 2638 1108 2702 sub
1132 2640 1260 2722 quodam
1278 2638 1315 2723 b)
1330 2638 1458 2700 humane

266 2745 435 2809 dilectionis
454 2747 610 2828 applausu,
627 2747 739 2828 regalis
760 2749 880 2810 fortune
904 2747 1056 2828 fastigium
1080 2746 1244 2810 clementer
1270 2746 1458 2828 amplectitur

266 2862 296 2920 et
309 2857 514 2920 subiectorum
528 2856 790 2920 commoditatibus
805 2856 1031 2926 condescendit,
1045 2861 1128 2920 tanto
1139 2856 1287 2919 libencius
1303 2856 1342 2919 ad
1353 2855 1456 2919 fideles

265 2970 385 3028 nostros
413 2986 447 3026 se
469 2965 595 3027 naturali
624 2965 751 3046 quadam
775 2950 966 3027 necessitate·
982 2964 1134 3046 portendit
1151 2964 1199 3046 e),
1222 2969 1333 3047 quanto
1361 2963 1457 3044 magis

265 3093 317 3134 eos
334 3073 365 3134 in
382 3071 594 3154 obsequiorum
618 3072 806 3135 exhibicione
828 3072 991 3154 precipuos
1015 3070 1191 3133 invenimus.
1225 3071 1306 3134 Sane
1328 3089 1395 3132 cnm
1418 3067 1456 3130 ad

221 3226 225 3232 Δ
264 3181 323 3243 hoc
345 3182 376 3242 in
398 3181 551 3261 oportunis
574 3181 649 3243 locis
672 3181 768 3243 forum
792 3184 963 3260 campestre
986 3179 1176 3241 consueverit
1199 3178 1299 3247 statui,
1324 3182 1356 3240 ut
1371 3177 1403 3238 in
1418 3197 1454 3252 eo

265 3287 463 3351 vendencium
480 3294 570 3371 atque
588 3289 756 3352 emeneium
772 3293 954 3369 procuretur
966 3286 1078 3349 utilitas
1092 3290 1122 3348 et
1135 3284 1248 3348 alterna
1261 3285 1456 3347 commoditas

265 3403 431 3479 augeatur,
460 3417 525 3469 nos,
553 3397 718 3480 reipublice
734 3396 814 3458 bono
832 3395 922 3457 statui
946 3393 1102 3475 cupientes
1127 3393 1247 3455 assiduo
1270 3393 1455 3455 incremento

266 3505 428 3570 salubriter
450 3505 620 3586 providere,
643 3525 679 3568 ac
702 3505 812 3568 nobilis
834 3503 892 3566 viri
909 3503 954 3574 C,
972 3503 1066 3565 nostri
1087 3500 1196 3571 tidelis,
1218 3502 1256 3564 ob
1274 3506 1371 3582 grata,
1395 3522 1453 3585 que

265 3614 353 3678 nobis
370 3613 516 3697 impendit
532 3613 677 3697 obsequia
694 3619 726 3676 et
737 3612 835 3675 adhuc
855 3609 1030 3693 impendere
1049 3610 1161 3692 poterit
1178 3611 1327 3691 graciora,
1340 3609 1456 3672 devotis

267 3722 541 3806 supplicacionibns
569 3721 713 3793 inclinati,
741 3722 771 3783 in
798 3721 868 3784 villa
896 3719 960 3790 tali,
983 3723 1085 3799 utpote
1108 3718 1174 3781 loco
1197 3717 1236 3780 ad
1258 3718 1288 3780 id
1310 3717 1402 3779 babili
1423 3724 1459 3781 et
1538 3698 1556 3729 ἃ

267 3831 405 3902 decenti,
441 3831 598 3894 ebdomale
628 3831 726 3892 forum
759 3829 807 3891 die
839 3827 892 3892 tali
922 3831 1068 3908 perpetuo
1101 3825 1236 3888 duximus
1268 3824 1458 3897 edicendum,

268 3942 402 4003 volentes
431 3946 462 4003 et
489 3939 596 4002 eodem
625 3937 790 4000 maiestatis
820 3942 922 3999 nostre
956 3934 1055 3997 edicto
1083 3934 1276 4004 mandantes,
1312 3938 1460 4014 quatenus

272 4069 393 4122 omnes,
422 4050 473 4133 qui
503 4050 534 4113 in
562 4049 642 4111 dicto
666 4049 732 4110 foro
753 4067 807 4128 pro
833 4045 976 4108 emcionis
1000 4063 1054 4106 seu
1077 4042 1263 4106 vendicionis
1280 4042 1460 4105 commercio

269 4159 441 4223 exercendo
471 4157 678 4228 confluxerint,
706 4156 736 4217 in
764 4151 901 4237 personis
931 4152 1013 4219 etin
1035 4151 1125 4213 rebus
1154 4156 1258 4213 nostra
1285 4156 1316 4214 et
1342 4151 1461 4234 imperii

269 4270 457 4354 protectione
474 4267 597 4352 speciali
622 4265 835 4346 congaudeant
859 4267 889 4325 et
910 4244 1075 4324 forensium
1097 4258 1255 4341 privilegio
1278 4257 1458 4322 libertatum.

358 4455 391 4517 a)
407 4453 456 4505 fori
471 4451 540 4504 fehlt
553 4450 581 4503 V.
595 4478 625 4486 „.
642 4448 674 4515 b)
690 4445 800 4515 quadam
815 4446 842 4496 Z.
858 4477 890 4483 -
906 4444 937 4513 c)
954 4442 1088 4514 protendit
1102 4443 1128 4494 Z.

360 4640 424 4691 [lass
445 4637 488 4690 die
507 4635 632 4691 Urlunde
654 4652 703 4688 von
722 4633 825 4687 Rndulf
841 4631 978 4690 herrfrhrt,
998 4629 1061 4683 darf
1077 4645 1135 4681 man
1154 4644 1202 4681 aus
1216 4627 1275 4679 dem
1289 4626 1341 4677 fast
1354 4623 1459 4694 gleich-

269 4728 407 4784 lnuleuden
429 4725 595 4797 Privileginm
614 4724 753 4778 desselben
767 4720 869 4789 liduigs
890 4723 932 4774 fiir
945 4720 1051 4773 Landau
1073 4718 1147 4790 (Dat.
1162 4735 1203 4787 ap.
1220 4717 1325 4769 handau
1337 4715 1374 4769 ld.
1388 4713 1458 4768 lunii

272 4822 361 4874 indict.
376 4822 409 4873 lv
423 4834 447 4872 a.
460 4818 491 4870 D.
507 4815 573 4868 mol
592 4816 665 4883 regni
681 4812 724 4865 18.
737 4812 894 4905 schoepflin
909 4811 1008 4865 Alsatia
1023 4807 1189 4879 diplomatica
1201 4807 1229 4867 2,
1242 4804 1293 4875 aa)
1308 4805 1462 4858 schliesseu.
