3209 5392
763 853 827 923 61.

477 1029 571 1093 illcul
586 1030 665 1110 qnod
682 1029 724 1091 stt
739 1030 856 1093 electus
871 1028 904 1090 tn
922 1031 1113 1110 potestatem.

288 1187 377 1250 Licet
392 1187 422 1250 in
439 1187 596 1252 latitudine
613 1227 656 1236 -
672 1187 838 1252 liberaliter
853 1187 1018 1269 acceptetis
1041 1192 1098 1250 etc.
1129 1186 1162 1250 S.
1180 1185 1258 1248 oben
1275 1186 1307 1249 S.
1326 1183 1449 1250 alain.
1460 1199 1494 1241 aa.

198 1315 245 1357 no.
264 1294 316 1358 45.

764 1521 826 1587 ea.
928 1482 936 1507 ’

493 1697 549 1759 dcc
566 1695 638 1759 dlclt
655 1694 734 1758 idom
750 1695 830 1775 qnod
848 1713 940 1775 supro
956 1695 1099 1777 proxima.

194 1853 323 1917 Jemanu,
343 1853 393 1905 der
411 1852 465 1923 auf
481 1852 525 1905 ein
537 1853 606 1909 Jaor
624 1872 682 1907 zum
695 1854 809 1906 Podeeta
822 1853 896 1907 einer
911 1853 990 1907 stadt
1003 1861 1116 1906 manat
1127 1852 1235 1908 worden
1247 1850 1283 1904 iet
1290 1891 1300 1916 ,
1323 1849 1396 1905 wird

327 1943 446 2014 peterten,
461 1943 506 1997 die
518 1944 571 2015 auf
580 1943 774 2016 idapefulleue
788 1942 961 2013 einsdmmipe
980 1941 1057 1996 Wabl
1071 1942 1257 1997 anzuncbmen.

285 2089 431 2170 Quoniam
445 2090 483 2151 de
500 2088 637 2152 manibus
655 2088 801 2170 cuiusque
819 2088 945 2151 rectoris
963 2093 993 2150 et
1010 2088 1096 2151 ducis
1113 2090 1211 2152 tocius
1228 2088 1287 2151 sibi
1311 2107 1395 2151 com.

193 2196 277 2259 missi
293 2198 396 2280 populi
413 2199 494 2261 salus
512 2198 633 2280 pendet,
654 2219 689 2260 eo
707 2198 786 2280 qnod
811 2198 949 2260 uniuersa
972 2196 1172 2261 membrorum
1195 2216 1341 2281 compago
1359 2217 1395 2260 ex

193 2301 425 2386 dispensacione
443 2307 550 2388 capitis
568 2306 759 2374 informatur,
789 2305 895 2366 merito
925 2305 1004 2366 iuter
1032 2309 1149 2367 ceteras
1177 2303 1393 2368 sollicitudines

193 2412 284 2475 debet
305 2413 361 2475 bec
381 2435 461 2483 esse,
481 2415 598 2478 scilicet
617 2414 727 2476 bonum
746 2412 804 2475 sibi
825 2411 971 2494 prolicere
988 2417 1154 2484 rectorem,
1178 2415 1207 2474 in
1233 2410 1393 2475 cuiuslibet

181 2520 358 2583 communis
375 2528 498 2605 pectore
516 2542 588 2584 cura
606 2523 709 2585 maior.
736 2522 830 2584 lluius
849 2523 940 2604 igitur
958 2521 1100 2584 desiderii
1116 2522 1234 2583 fervore
1250 2519 1305 2582 riri
1322 2539 1394 2601 pru-

194 2628 316 2698 dentes,
346 2630 396 2711 qui
419 2630 576 2693 electionis
600 2633 826 2702 auctoritatem,
856 2631 945 2693 sortis
969 2638 1096 2700 eventu,
1120 2629 1199 2693 iuxta
1224 2634 1394 2692 nostrorum

192 2742 370 2801 statutorum
386 2740 615 2810 continenciam,
630 2745 827 2821 acceperunt,
842 2740 1039 2803 consideratis
1049 2738 1220 2809 virtutibus,
1234 2736 1394 2819 quibus-

193 2847 323 2910 celebris
341 2849 468 2911 nominis
486 2850 578 2912 vestri
595 2852 674 2912 t'ama
691 2849 1000 2912 docente—attluitis
1017 2856 1047 2912 et
1055 2850 1188 2933 fulgetis,
1208 2868 1325 2932 queque
1339 2868 1392 2911 ros

193 2955 344 3019 bominum
373 2958 513 3019 ducatum
542 2957 698 3039 suscipere
727 2958 834 3038 dignos
863 2957 1005 3027 reddunt,
1034 2978 1194 3040 personam
1217 2962 1346 3020 vestram
1375 2976 1393 3018 a

193 3063 337 3127 Kalendis
353 3065 504 3128 danuariis
521 3087 700 3148 perannum
718 3066 749 3127 in
768 3072 900 3127 nostrum
919 3070 1110 3147 potestatem,
1128 3071 1276 3128 rectorem
1293 3069 1323 3126 et
1339 3049 1416 3126 do-⁰

194 3173 306 3234 urinum
321 3193 470 3236 consensu
484 3176 672 3238 etvoluntate
690 3175 821 3236 unanimi
840 3175 1006 3254 elegerunt.
1026 3174 1174 3255 Quocirca
1191 3173 1286 3255 ipsius
1300 3177 1394 3239 nostri

194 3280 348 3362 regiminis
365 3281 497 3345 ollicium
515 3283 663 3347 nobilitati
681 3289 781 3346 vestre
805 3301 873 3344 curn
896 3302 930 3343 ea
957 3282 1057 3343 salarii
1081 3283 1246 3364 quantitate
1269 3302 1305 3344 ac
1328 3281 1394 3343 aliis

181 3373 436 3459 condicionibus,
460 3409 536 3471 quas
560 3394 737 3454 transmissa
760 3390 845 3454 vobis
871 3394 901 3451 et
926 3390 1017 3451 etiam
1041 3390 1100 3451 alia
1116 3389 1282 3452 communis
1299 3386 1394 3450 nostri

195 3502 307 3561 statuta
333 3499 505 3570 declarant,
534 3502 604 3562 totis
629 3500 762 3563 cordium
786 3504 955 3561 nostrorum
981 3496 1192 3560 allectionibus
1216 3496 1393 3559 offerentes:

196 3606 361 3688 prudencie
378 3613 477 3669 vestre
495 3608 709 3670 instantissime
727 3607 942 3689 supplicamus,
962 3610 1110 3686 quatenns
1124 3605 1253 3669 oblatum
1262 3603 1393 3666 officium

197 3719 408 3799 acceptantes,
433 3715 542 3777 talibus
561 3716 665 3778 sociati
683 3716 850 3786 iudicibus,
876 3713 1018 3777 militibus
1036 3719 1066 3775 et
1083 3711 1248 3782 nobilibus,
1274 3713 1323 3795 qui
1339 3732 1394 3794 per

197 3824 330 3905 ipsorum
348 3827 434 3898 actus
452 3824 616 3886 laudabiles
634 3845 686 3887 vos
704 3823 863 3894 honorent,
879 3823 906 3886 si
924 3822 1101 3903 complacet,
1118 3822 1254 3885 veniatis.
1350 3882 1357 3894 ,

766 4065 828 4134 63.

199 4243 325 4307 illectus
342 4246 372 4305 ln
391 4248 568 4325 potestaten
586 4243 689 4308 scribit
704 4244 860 4318 temnunt,
878 4239 955 4323 qnod
973 4240 1146 4303 electionem
1163 4239 1199 4301 de
1216 4257 1248 4301 se
1263 4239 1294 4301 Ιι
1307 4243 1390 4321 pote·

600 4356 708 4415 statem
724 4353 834 4414 tactam
851 4351 996 4429 acceptet.

291 4510 392 4574 Nobili
409 4516 439 4573 et
455 4510 584 4594 sapienti
602 4510 676 4580 viro,
693 4509 813 4572 domino
829 4509 863 4569 R.
878 4506 1031 4588 potestati,
1049 4504 1174 4568 consilio
1193 4510 1224 4568 et
1242 4507 1393 4570 communi

199 4620 311 4681 Bon...
329 4620 363 4681 Α.
383 4619 421 4681 dc
438 4620 552 4683 Lature
573 4619 700 4681 salutem
726 4623 754 4680 et
778 4616 824 4680 sui
853 4614 1010 4696 regiminis
1039 4612 1149 4676 exitum
1177 4613 1340 4696 gloriosum
1363 4621 1392 4678 et

199 4727 296 4788 tocius
313 4726 466 4790 solicitatis
483 4731 686 4809 augmentum.
