3209 5392
713 866 775 936 53.

279 1042 524 1123 hrcbtcplsoopus
542 1046 711 1125 congaudet
726 1045 899 1124 imperatori
916 1046 954 1108 de
974 1064 1028 1109 sna
1044 1046 1202 1110 electlonc.

548 1199 626 1254 1274.
641 1201 762 1254 Februnr
775 1200 844 1256 oder
856 1202 935 1258 lddva.

144 1342 304 1416 llrzbisclvof
309 1345 452 1401 Friedrich
463 1347 496 1400 ll.
511 1364 559 1400 oon
572 1347 702 1419 salzburg
715 1348 838 1418 lepralaal
848 1346 960 1421 frendig
972 1347 1017 1403 (lie
1028 1316 1200 1421 atoltgelvable
1210 1352 1341 1420 Kro'nnng

143 1435 172 1485 fl.
186 1435 310 1506 Redolf'e
329 1438 371 1490 ele
390 1436 433 1491 cin
451 1438 501 1491 der
522 1437 620 1492 lfircbe
636 1440 694 1492 ond
711 1439 769 1493 dem
788 1436 888 1493 Bciclze
905 1437 1272 1513 heilfringenclcedreipniee
1283 1442 1340 1494 ond

140 1523 213 1579 linet
231 1527 284 1579 den
303 1526 390 1598 Kdnip
409 1546 452 1581 um
470 1527 548 1583 einen
568 1528 745 1599 Geleitebrief
756 1529 807 1600 ἣν
827 1529 903 1586 aeine
919 1530 999 1585 liciae
1020 1547 1078 1584 zum
1098 1530 1245 1586 Concilium
1265 1529 1334 1585 noch

700 1621 781 1689 hyon.

236 1761 360 1821 Gerbert,
374 1763 399 1825 l,
412 1764 439 1817 6.

230 1905 400 1970 Recolende
424 1908 597 1973 festivitatis
617 1910 747 1973 iocunda
769 1911 949 1984 celebritas,
978 1932 1035 1997 que
1059 1931 1156 1994 nuper
1177 1911 1209 1974 in
1237 1911 1336 1994 eapite

138 2014 285 2098 principis
302 2017 440 2079 coronati
455 2017 574 2098 regium
591 2017 730 2082 diadema
752 2019 871 2082 refulsit
892 2018 931 2105 ¹),
955 2022 1079 2084 multam
1095 2019 1124 2081 in
1142 2011 1240 2092 nobis,
1265 2019 1337 2083 licet

115 2126 119 2132 ’
140 2124 318 2190 absentibus
341 2145 486 2208 corpore,
513 2127 633 2209 peperit
656 2132 687 2190 et
709 2128 860 2211 expressit
881 2129 1037 2193 materiam
1054 2127 1242 2212 gaudiorum.
1276 2129 1340 2193 Nos

140 2235 261 2298 eosdem
284 2235 324 2318 a)
346 2235 471 2318 gloriari
488 2240 607 2319 oportet
624 2236 661 2300 de
678 2237 784 2319 gracia
800 2239 946 2322 temporis
969 2238 1109 2322 oportuni
1133 2244 1164 2302 et
1181 2238 1340 2320 oportuni-

137 2350 200 2409 tate
217 2345 324 2408 ominis
340 2344 485 2427 graciosi,
510 2365 570 2430 quo
588 2345 690 2410 divine
706 2347 917 2411 miseracionis
937 2348 1091 2431 operaeic,
1108 2347 1200 2411 rebus
1212 2348 1341 2431 publicis

139 2453 390 2536 naufragantibus
417 2453 576 2528 miserata,
605 2455 845 2520 misericorditer
872 2456 1030 2521 suscitavit
1058 2457 1116 2521 sibi
1143 2458 1174 2520 in
1209 2478 1340 2540 persona

136 2568 238 2627 vestra
258 2569 411 2628 terrenum
433 2564 588 2636 vicarium,
611 2566 761 2629 victurum
783 2566 924 2639 feliciter,
946 2570 1101 2630 recturum
1124 2567 1283 2651 equaliter,
1308 2574 1341 2632 et

137 2679 279 2758 potenter
299 2674 331 2737 in
355 2673 520 2739 christiano
542 2678 653 2758 populo
676 2682 881 2758 regnaturum.
913 2676 953 2740 nt
974 2677 1041 2761 quis
1068 2677 1181 2760 poterit
1206 2680 1340 2742 nestram

139 2783 300 2847 ecclesiam
322 2782 503 2865 prohibere,
526 2805 564 2847 ne
587 2784 625 2848 de
648 2784 843 2849 successibus
865 2786 1021 2868 prosperis
1044 2787 1125 2850 sacri
1146 2787 1265 2870 imperii
1289 2787 1340 2851 diu

138 2892 294 2974 fluctivagi
309 2893 474 2975 glorietur,
503 2912 570 2956 cum
587 2899 741 2957 terrenum
757 2894 932 2977 possideat,
961 2916 1018 2959 nec
1033 2916 1177 2979 possesso
1195 2897 1339 2979 gaudeat,

137 3002 195 3063 nisi
213 3005 356 3084 qnantum
373 3000 434 3064 divi
450 3001 577 3082 Augusti
601 3021 655 3064 sua
673 3021 728 3064 nos
745 3002 958 3066 munificencia
981 3002 1163 3076 ditaverunt,
1181 3008 1212 3067 et
1229 3004 1340 3068 ditatos

137 3108 293 3181 munifice,
321 3110 453 3174 tuicione
476 3109 579 3192 regia,
608 3115 728 3193 sceptro
752 3112 853 3175 ferreo
877 3111 1022 3175 ferientes
1052 3112 1146 3176 duces
1171 3112 1341 3185 rebellium,

138 3215 341 3281 defenderunt
373 3215 411 3279 ab
443 3217 583 3281 hostibus
623 3224 653 3281 et
689 3218 746 3281 sub
785 3219 841 3281 alis
873 3211 928 3282 sue
959 3219 1102 3302 potencie
1134 3218 1341 3283 favorabiliter

139 3328 285 3390 aluerunt.
304 3365 348 3373 —
364 3326 457 3389 Huius
480 3346 554 3408 crgo
578 3334 680 3391 nostre
705 3327 933 3392 sublimacionis
961 3349 1021 3392 non
1048 3330 1258 3400 immemores,
1283 3352 1342 3394 non

138 3435 268 3518 ingrati,
285 3434 483 3499 devocionem
501 3435 651 3508 debitam,
668 3456 758 3520 quam
775 3435 819 3522 b)
832 3443 986 3510 tenemur,
1003 3438 1130 3521 imperio
1146 3445 1236 3522 atque
1255 3438 1341 3501 vobis

139 3545 309 3617 offerimus,
338 3550 370 3608 ut
391 3545 554 3628 imperioso
575 3546 717 3630 potencie
738 3545 860 3628 gladio,
887 3546 951 3609 Deo
975 3547 1130 3629 propicio,
1157 3548 1295 3630 regnetis
1310 3547 1342 3609 in

138 3653 249 3719 finibus
272 3654 491 3737 quodammodo
515 3656 693 3719 seculorum.
718 3694 763 3704 -
785 3655 870 3720 Hanc
893 3661 993 3720 antem
1017 3661 1119 3720 nostre
1143 3655 1340 3721 subiectionis

139 3764 407 3846 promptitudinem
421 3743 571 3847 corporali
584 3769 689 3827 nostra
700 3765 863 3845 presencia
875 3764 1027 3829 maiestati
1041 3764 1125 3847 regie
1141 3766 1341 3848 personaliter

138 3873 364 3944 obtulissemus,
381 3873 407 3935 si
424 3872 511 3937 nobis
527 3874 724 3957 tempestivus
731 3878 835 3937 vester
847 3875 986 3946 nuncius,
1000 3874 1196 3938 vocacionern
1212 3880 1342 3939 vestram

139 3984 294 4055 deferens,
322 3981 514 4053 advenisset,
548 4003 603 4067 per
631 4002 719 4066 quem
748 3983 846 4046 eciam
873 3982 961 4047 vobis
988 3984 1208 4047 transmisimus
1236 3983 1340 4047 literas

138 4096 242 4156 nostre
272 4090 446 4155 devocionis
474 4091 661 4174 propositum
690 4092 875 4174 explicantes
895 4090 935 4180 2).
970 4093 1033 4157 Sed
1062 4098 1092 4155 et
1118 4092 1341 4157 circumdantes

232 4293 266 4359 a)
281 4292 325 4346 [ῆι
339 4289 483 4356 „eosdem“
498 4288 581 4360 igitur
595 4290 613 4341 Z
628 4288 683 4342 und
696 4290 824 4342 Gerbert.
841 4322 871 4332 -
888 4290 920 4358 l)
934 4288 1011 4344 daftir
1026 4307 1056 4343 zu
1072 4291 1144 4344 lesen
1159 4310 1219 4362 qua.

139 4465 468 4477 ——-—-—

165 4606 190 4665 1)
209 4609 325 4666 lfrdnung
338 4605 447 4651 Rndoll's
460 4619 488 4650 uu
501 4606 595 4652 hachen
611 4604 682 4659 lava,
696 4606 802 4651 October
815 4606 855 4650 24.

167 4694 193 4754 ³)
213 4699 245 4743 Ea
262 4697 294 4742 iot
314 4695 539 4748 hostemhosterm,
559 4696 612 4740 dass
631 4696 659 4739 n.
680 4694 772 4741 Rudolf
789 4696 864 4741 durch
877 4697 948 4742 einen
960 4697 1127 4753 Ahgooandten
1141 4697 1187 4742 den
1200 4696 1344 4743 Erebiechof

210 4787 335 4833 Friedrich
347 4800 390 4831 zur
401 4787 517 4846 ernuog
531 4784 641 4831 eiuladon
656 4785 721 4831 lieas.
