3209 5392
1288 513 1337 584 ’53

145 685 282 749 misticus
298 685 480 755 intellectus,
497 690 527 747 et
550 684 645 766 ligura
659 685 832 768 preambula
847 687 980 750 ueritatis
1006 692 1165 770 postquam
1191 662 1284 769 ipsius
1297 688 1339 771 a)
1374 745 1376 749 .

143 800 305 876 appareret
316 795 483 876 proprietas
497 793 643 865 veritatis,
653 799 725 859 tunc
741 815 801 859 aon
816 795 876 858 iam
890 796 1001 859 veritas
1017 796 1073 858 sed
1087 797 1221 859 ueritatis
1238 796 1340 877 signa-

145 905 247 969 culum
261 905 356 969 tirisse
375 905 422 968 uel
436 903 611 969 miraculum
628 904 859 981 demonstratur.
893 902 1048 986 Siquidem
1070 904 1216 985 dyadema
1232 903 1339 986 capitis

146 1015 250 1077 Aaron
262 1015 434 1096 preciosum
446 1013 474 1098 ¹)
482 1012 743 1095 inmosaycele‘gis
756 1011 870 1082 umbra,
879 1011 999 1074 Christo
1014 1018 1176 1094 apparente
1189 1012 1220 1074 in
1233 1012 1339 1093 gloria,

147 1123 315 1186 claritatem
326 1126 357 1185 et
370 1121 674 1202 decoremsiguificat.
684 1122 801 1202 Sponsa
810 1121 883 1191 eius,
893 1141 949 1203 que
959 1120 1078 1207 bJroce
1087 1121 1190 1203 sponsi
1202 1126 1337 1191 uocatur,

154 1236 190 1294 ut
203 1231 304 1294 ueniat
320 1231 356 1293 de
372 1230 487 1294 Libano
505 1230 675 1293 coronanda
692 1231 734 1316 2),
751 1249 809 1312 que
826 1230 916 1293 etiam
931 1237 1054 1294 vocatur
1069 1251 1087 1293 a
1102 1230 1227 1292 vocibus
1239 1249 1335 1310 ange-

149 1340 247 1403 lorum
272 1344 302 1401 et
324 1344 439 1402 atraeta
460 1338 599 1420 gloriosis
615 1339 816 1420 apostolorum
831 1343 1003 1400 sanctorum
1025 1337 1278 1420 predicationibus
1309 1342 1341 1399 et

147 1447 292 1530 exemplis
314 1447 449 1530 sequitur
464 1467 606 1529 sponsum
622 1467 722 1517 suum,
751 1447 914 1508 decurrens
931 1447 1041 1528 iugiter
1064 1447 1094 1508 in
1111 1447 1202 1509 odore
1219 1466 1336 1526 ungeu-

145 1564 248 1621 torum
262 1553 411 1627 'eius„sub
427 1556 532 1618 umbra
554 1555 618 1642 eius
642 1574 730 1638 quem
752 1553 944 1616 desiderabat
965 1555 1102 1617 residens
1125 1561 1156 1618 et
1178 1555 1337 1637 quiescens

146 1670 212 1728 tota
243 1665 376 1727 formosa
407 1665 571 1746 reperitur,
602 1663 634 1725 in
665 1683 722 1745 qua
754 1663 833 1724 nulla
863 1682 985 1744 prorsus
1016 1664 1132 1726 macula
1168 1663 1339 1727 indecentie
1418 1730 1421 1733 ,

146 1772 300 1837 invenitur
309 1762 389 1860 8)’--
396 1772 483 1834 huius
491 1793 600 1854 sponse
614 1773 777 1844 ministros,
787 1772 981 1835 immorerius
990 1773 1093 1835 umbra
1100 1771 1338 1857 eius,pontitices

145 1887 177 1944 et
208 1885 357 1963 pastores,
388 1881 554 1944 secundum
585 1876 665 1964 quod
697 1864 830 1964 qualitas·
852 1883 1006 1964 dignitatis
1032 1881 1123 1962 exigit
1147 1886 1177 1942 et
1201 1881 1348 1963 requirit,

140 2011 270 2074 presens
289 1989 419 2052 ecelesia
435 1989 583 2070 glorificat
599 1995 629 2053 et
646 1995 781 2063 coronat,
798 1984 831 2053 ut
855 1991 904 2072 qui
927 1990 1042 2052 suntin
1064 1988 1208 2070 dignitate
1227 1990 1338 2052 ceteris

138 2088 309 2182 digniores,
336 2098 528 2186 prerogativa
556 2098 696 2185 specialis
721 2083 892 2180 specialiter
915 2099 1052 2180 insigniis
1084 2097 1228 2188 insigniti,
1261 2099 1341 2163 sieut
1444 2108 1446 2115 ⁴

143 2206 325 2269 auctoritate
352 2212 480 2288 preeunt
507 2211 595 2288 atque
623 2211 763 2288 presunt,
797 2207 850 2271 sic.
871 2207 961 2295 etiam
991 2211 1112 2290 ornatus
1143 2206 1340 2288 preminentia

140 2312 338 2399 prefulgeant
359 2313 471 2387 ceteris
494 2319 525 2376 et
545 2316 718 2397 precellaut.
750 2315 827 2378 Hinc
850 2321 896 2378 est
919 2316 1027 2378 dilecte
1050 2315 1090 2377 lili
1107 2315 1146 2401 e)
1162 2315 1255 2378 abbas
1272 2315 1339 2377 talis

141 2410 238 2495 luci,
252 2424 331 2507 quod
347 2444 401 2485 uos
419 2423 456 2485 ob
481 2423 545 2485 eius
561 2422 601 2509 d)
618 2424 764 2487 honorem
785 2428 816 2485 et
836 2424 1051 2497 reverentiam,
1079 2424 1128 2506 qui
1153 2429 1200 2486 est
1227 2444 1339 2489 corona

142 2533 338 2604 certantium,
360 2531 444 2595 cuius
467 2531 556 2594 etiam
571 2532 642 2594 lieet
657 2532 772 2614 indigni
788 2533 886 2596 vicem
901 2534 1044 2615 gerimus,
1059 2534 1195 2597 volentes
1211 2534 1337 2615 speciali

63 2720 69 2731 '
143 2643 338 2726 prerogativa
354 2641 513 2704 ecclesiam
528 2641 617 2704 beate
634 2641 758 2722 virginis
771 2642 802 2704 in
814 2641 881 2705 loco
894 2642 946 2704 tali
959 2643 1073 2714 dotare,
1087 2643 1264 2705 auctoritate
1280 2642 1338 2706 Dei

141 2750 355 2833 omnipotentis
373 2755 403 2812 et
418 2751 619 2831 apostolorum
633 2749 695 2812 eius
709 2750 790 2813 Petri
803 2756 833 2812 et
844 2750 926 2812 Pauli
944 2752 1135 2814 concedimus
1150 2757 1180 2814 et
1193 2752 1336 2815 donamus

135 2845 199 2922 tibi
228 2865 259 2922 et
286 2858 513 2922 successoribus
542 2857 601 2920 tuis
630 2858 773 2921 canonice
795 2858 974 2921 intrantibus
991 2880 1077 2923 usum
1092 2860 1199 2932 insule,
1222 2863 1254 2922 ut
1269 2859 1336 2941 ipsa

141 2970 220 3032 infra
237 2951 396 3031 ecclesiam
412 2968 490 3029 inter
506 2966 605 3029 divina
620 2966 712 3029 utaris
730 2965 829 3030 officia
844 2967 1007 3030 honorilice
1031 2973 1061 3031 et
1077 2968 1232 3039 decenter,
1245 2988 1335 3049 cyro-

141 3085 278 3141 tecarum
295 3076 384 3139 etiam
400 3096 487 3139 usum
501 3080 533 3137 et
555 3075 778 3138 dalmaticarum
799 3075 854 3138 tibi
876 3076 1052 3140 auctoritate
1075 3076 1163 3138 simili
1181 3081 1211 3140 et
1230 3077 1335 3141 eadem

143 3187 242 3271 gratia
259 3186 470 3251 concedentes.
1240 3174 1242 3177 ’

501 3369 602 3431 terme
618 3369 804 3449 indulgentie
820 3375 976 3451 perpetue.

231 3528 321 3593 Licet
332 3527 368 3600 is,
376 3527 416 3595 de
426 3528 510 3592 cuius
523 3548 647 3592 munere
657 3528 739 3592 uenit
750 3532 783 3593 ut
794 3529 853 3593 sibi
864 3549 882 3592 a
893 3528 1071 3617 fidelibuse)
1087 3530 1177 3612 digne
1191 3534 1223 3593 et
1233 3528 1337 3593 lauda·

144 3637 245 3703 biliter
266 3636 429 3708 serviatur,
451 3637 488 3698 de
510 3636 712 3700 habundantia
732 3638 853 3720 pietatis
876 3659 941 3710 sue,
964 3658 1023 3723 que
1036 3639 1143 3702 merita
1170 3636 1336 3719 supplicum

144 3748 264 3812 excedit
280 3751 312 3810 et
326 3750 407 3817 vota,
424 3744 500 3808 bene
517 3745 716 3808 servientibus
739 3747 831 3810 multo
853 3746 968 3830 majora
983 3747 1094 3809 tribuat
1110 3765 1198 3828 quam
1219 3746 1337 3811 valeant
1358 3796 1363 3808 .

146 3854 323 3940 promereri,
339 3853 546 3919 desiderantes
563 3858 662 3918 tamen
673 3855 801 3921 Domino
818 3856 946 3921 reddere
958 3856 1096 3938 populum
1109 3854 1334 3937 acceptabilem,

146 3967 250 4031 lideles
266 3962 379 4029 Christi
406 3963 444 4026 ad
472 3963 718 4045 complacendum
733 3964 761 4026 ei
774 3965 862 4048 quasi
879 3964 1057 4048 quibusdam
1071 3964 1221 4035 illectivis,
1236 3963 1335 4037 indu-

146 4074 255 4157 gentiis
268 4071 387 4137 scilieet
400 4075 431 4135 et
441 4070 677 4144 remissionibus,
689 4072 855 4137 inritamus.
873 4073 1035 4158 Cupientes
1050 4072 1142 4155 igitur
1156 4078 1192 4141 ut
1205 4072 1336 4139 ecelesia
1400 4099 1402 4103 ¹

237 4201 271 4270 a)
285 4196 338 4270 ipsi
350 4198 382 4251 V.
396 4227 429 4239 -
444 4199 477 4268 b)
493 4196 539 4268 qui
551 4197 573 4253 V
586 4198 639 4257 und
651 4198 679 4252 Z.
693 4230 727 4239 -
741 4199 772 4268 r)
786 4198 833 4253 filii
845 4201 875 4254 V.
889 4230 924 4241 -·
934 4201 970 4269 d)
985 4217 1100 4255 amorem
1113 4202 1153 4254 vel
1165 4200 1293 4259 honorem
1305 4200 1332 4253 Z.

151 4323 178 4332 -
192 4292 225 4363 e)
239 4293 295 4346 suis
308 4292 335 4347 Z.
490 4300 493 4305 “

175 4496 198 4554 ¹)
210 4496 304 4541 Euodus
315 4496 356 4549 28,
371 4501 408 4542 aa
420 4503 455 4542 ³7.
528 4496 531 4503 “

173 4575 194 4634 ²)
206 4578 272 4623 Cant,
289 4576 438 4622 Cautieorum
448 4564 478 4626 ’4,
493 4583 506 4620 c
522 4572 580 4618 Veni
596 4572 625 4618 de
647 4574 744 4629 Libano,
765 4589 851 4632 sponsa
867 4589 926 4629 mea,
939 4577 991 4622 reni
1004 4577 1032 4621 de
1045 4576 1141 4631 Libano,
1154 4574 1216 4628 veni,
1227 4587 1330 4619 corona.

209 4658 314 4704 beriade
327 4658 500 4713 capitellorum
513 4657 560 4699 otc.

176 4738 196 4799 ¹)
209 4741 256 4788 ca.
270 4742 330 4789 Caut
341 4743 498 4788 .Canticorum
511 4743 535 4797 t,
550 4752 570 4791 ί.
587 4755 606 4788 2.
