3209 5392
1247 495 1298 568 43

120 694 213 737 cessus
228 673 331 738 iudicii
348 679 379 738 et
394 676 472 739 iusto
489 675 620 740 indicum
637 676 742 740 ordine
759 675 895 741 constitit
910 673 1082 737 evidenter:
1114 690 1170 735 nos
1186 671 1299 733 lactum

117 782 288 847 racionabile
304 783 490 857 iudicantes,
513 784 699 851 sentenciam
713 785 805 849 latam
820 783 998 848 auctoritate
1018 782 1077 846 Dei
1093 780 1304 865 omnipotentis

118 898 145 956 et
157 893 354 975 apostolorum
371 893 435 955 eius
451 892 533 957 Petri
550 898 582 956 et
596 893 679 985 Pauli
696 894 832 957 duximus
849 892 1091 957 confirmandam.

407 1096 510 1199 lorus
527 1097 765 1163 confirmacionis
782 1095 1007 1162 ceallelomlls.

198 1256 362 1339 Gregorius
376 1256 536 1340 episcopus
549 1255 654 1322 seruus
663 1278 687 1321 s.
696 1257 753 1322 Dei
761 1258 871 1322 dilecto
884 1258 915 1321 in
922 1255 1042 1329 Christo
1055 1254 1141 1319 tratri
1154 1252 1305 1336 archiepi-

118 1384 199 1447 scopo
236 1366 289 1429 tali
328 1366 464 1429 salutem.
512 1366 684 1431 Venerabili
724 1368 755 1430 in
798 1367 917 1432 Christo
955 1368 1048 1430 fratre
1070 1367 1110 1455 a)
1146 1363 1244 1428 felicis
1267 1361 1306 1448 b)

119 1475 332 1549 recordacionis
349 1477 382 1539 Α.
402 1475 545 1558 episcopo
567 1476 636 1549 tali,
658 1482 786 1541 vocante
810 1476 909 1540 diuina
936 1476 1117 1548 clemencia,
1134 1474 1251 1538 sublato
1268 1472 1306 1535 de

118 1583 217 1656 medio,
235 1584 339 1648 dilecti
355 1584 387 1647 in
403 1584 522 1648 Christo
538 1584 601 1658 filii,
618 1585 678 1649 tale
694 1585 837 1649 videlicet
859 1584 1031 1669 capitulum,
1054 1583 1195 1648 dilectum
1215 1581 1306 1646 lilium

79 1697 82 1704 '
118 1693 145 1755 ll.
171 1694 423 1781 prepositum),
445 1693 538 1757 virum
555 1694 713 1776 providum
734 1694 786 1780 d),
810 1694 984 1766 discretum,
1000 1693 1032 1756 in
1046 1698 1199 1776 pastorem
1215 1693 1253 1779 e)
1277 1696 1308 1755 et

118 1801 280 1885 episcopum
297 1803 444 1866 canonice
457 1786 623 1886 elegerunt,
636 1804 723 1869 nobis
735 1824 791 1887 per
807 1806 948 1869 dilectum
959 1802 1051 1866 lilium
1067 1799 1159 1888 Cf),
1177 1802 1306 1865 ecclesie

118 1909 176 1974 talis
192 1912 382 1985 canonicum,
406 1911 627 1995 supplicantes,
660 1921 808 1998 quatenus
840 1914 1020 1978 electionem
1043 1914 1181 1997 eandem,
1203 1897 1307 1994 utpote

119 2020 252 2084 canonice
265 2022 388 2093 factam,
402 2021 594 2103 dignaremur
601 2022 833 2106 debenignitate
846 2024 928 2088 sedis
941 2024 1106 2107 apostolice
1119 2023 1305 2088 confirmare.

118 2128 172 2191 Nos
186 2128 278 2210 igitar
293 2130 462 2212 predictam
484 2129 663 2194 electionem
680 2132 760 2196 sicut
780 2132 859 2196 iuste
878 2138 908 2196 et
929 2132 1149 2198 rationabiliter
1170 2133 1251 2197 facta
1265 2131 1308 2218 9)

118 2241 285 2303 auctoritate
302 2240 469 2322 apostolica
485 2214 703 2305 dontirmamus.

451 2463 554 2526 lerna
571 2462 807 2527 ecndrnsclmls
823 2464 978 2546 sinpllels.

199 2622 231 2684 R.
249 2619 308 2684 Dei
336 2621 441 2703 gracia
469 2621 600 2686 ecclesie
627 2622 696 2689 talis
725 2618 884 2705 episcopus
910 2625 1028 2688 dilectis
1050 2623 1081 2687 in
1098 2624 1218 2688 Christo
1240 2622 1309 2685 filiis

117 2727 213 2791 talibus
241 2750 297 2792 sue
328 2729 468 2811 dyocesis
497 2730 633 2812 plebanis
662 2731 789 2795 salutem
813 2735 871 2794 etc.
905 2732 1022 2795 Nobilis
1045 2732 1091 2796 vir
1114 2734 1151 2795 de
1173 2732 1225 2795 tali
1241 2732 1309 2795 loco

119 2816 197 2901 nobis
215 2838 369 2901 humiliter
396 2838 585 2921 supplicavit,
603 2845 750 2923 qnatenus
768 2841 1093 2905 excommunicacionis
1112 2841 1309 2914 sentenciam,

119 2964 196 3028 quam
222 2946 360 3011 dominus
387 2946 559 3029 prepositus
586 2946 655 3011 talis
683 2968 737 3031 pro
755 2969 791 3012 eo
815 2948 846 3011 in
870 2949 936 3022 Cb,
955 2949 1052 3014 civem
1074 2950 1143 3013 talis
1169 2950 1310 3022 civitatis,

119 3054 245 3136 exigente
261 3052 395 3126 iusticia,
411 3054 621 3137 promulgavit,
640 3077 676 3120 eo
694 3056 775 3139 qnod
786 3056 867 3119 idem
884 3057 959 3119 ciris
975 3056 1006 3120 in
1023 3059 1151 3142 quadam
1175 3059 1311 3123 eiusdem

120 3161 208 3226 militis
224 3163 294 3226 villa
309 3167 413 3246 preter
428 3167 540 3226 sortem
558 3162 690 3227 debitam
705 3165 732 3227 X
747 3184 865 3228 mareas
883 3165 1000 3247 argenti
1018 3173 1048 3231 et
1070 3167 1195 3251 amplius
1224 3168 1312 3233 dino-

121 3272 203 3336 scitur
222 3273 400 3355 accepisse‚
428 3272 507 3335 sicut
535 3293 636 3336 coram
665 3273 784 3336 domino
813 3275 967 3357 preposito
996 3298 1029 3340 se
1052 3277 1162 3341 asserit
1176 3278 1312 3360 legitime

122 3382 267 3463 probasse,
285 3381 480 3464 dignaremur
495 3382 683 3446 auctoritatis
705 3388 808 3446 nostre
825 3383 986 3449 munimine
1010 3386 1197 3452 confirmare.
1231 3387 1313 3471 Qua-

121 3501 234 3575 propter
261 3491 450 3556 universitati
480 3496 581 3555 vestre
609 3492 792 3575 precipimus
809 3491 850 3581 b)
874 3500 904 3558 et
935 3497 1122 3571 mandamus,
1155 3505 1188 3562 ut
1216 3499 1312 3582 ipsam

125 3600 435 3666 excommunicacionis
449 3600 646 3673 sentenciam,
660 3601 739 3665 sicut
752 3607 799 3665 est
810 3601 947 3684 probata,
960 3606 1039 3670 iuste
1053 3607 1313 3673 etracionabiliter
1408 3610 1412 3617 ’

126 3711 231 3774 laciatis
247 3731 345 3794 usque
362 3708 400 3772 ad
417 3708 655 3799 satisfactionem
677 3710 859 3793 condignam
883 3711 920 3775 ab
944 3714 1081 3779 omnibus
1103 3717 1314 3782 inviolabiliter

128 3819 280 3893 obseruari,
297 3837 387 3902 quam
405 3816 615 3880 confirmamus
632 3818 705 3882 iuris
722 3818 828 3882 ordine
845 3841 904 3883 non
928 3822 1078 3903 neglecto.
1111 3824 1222 3890 Verum
1244 3826 1313 3910 quia

127 3937 269 3995 crescente
292 3929 326 4014 i]
344 3926 532 3993 contumacia
549 3947 690 3991 crescere
708 3927 800 3992 debet
817 3935 847 3991 et
862 3949 957 4012 pena,
982 3932 1051 4016 qnia
1067 3935 1222 4018 predictus
1239 3935 1314 4000 civis

126 4037 256 4105 hactenus
274 4037 598 4105 excommunicacionis
611 4059 671 4101 non
684 4039 800 4102 curavit
816 4040 1014 4114 sentenciam,
1029 4044 1198 4111 mandando
1213 4045 1315 4129 preci-

127 4146 220 4227 pimus,
248 4157 282 4215 ut
319 4147 447 4214 eundem
485 4148 618 4231 singulis
635 4146 741 4210 diebus
774 4147 933 4211 dominicis
965 4155 996 4214 et
1022 4153 1151 4228 festivis,
1181 4156 1315 4219 candelis
1325 4164 1431 4205 ΝΛΜ

128 4259 285 4325 ardentibus
309 4267 340 4325 et
362 4258 517 4341 campanis
538 4257 676 4340 pulsatis,
697 4257 729 4320 in
750 4257 904 4340 parochiis
927 4260 1037 4329 restris
1067 4262 1316 4347 singuli-denua.

129 4368 203 4435 cletis
220 4371 347 4436 eundem
364 4368 651 4435 excommunicatum
663 4366 713 4451 l).

184 4593 188 4603 .
207 4554 239 4624 a)
251 4554 434 4611 Venerabilem
450 4552 475 4606 in
489 4549 553 4605 Chr.
567 4550 678 4604 tratrem
691 4526 721 4604 V
736 4580 770 4591 -
784 4551 816 4633 b)
831 4552 956 4608 memorie
968 4555 1010 4610 rel
1023 4556 1052 4611 Z.
1061 4557 1133 4628 -o)
1147 4575 1223 4615 ouum
1236 4561 1264 4615 Z.
1280 4591 1312 4601 -

132 4638 159 4709 d)
171 4646 231 4699 etz.
246 4677 278 4687 -
295 4647 326 4718 e)
341 4645 479 4719 proprium
493 4648 521 4700 Z.
535 4675 570 4684 -
582 4642 613 4714 f)
627 4641 675 4697 Cb.
694 4644 722 4698 Z.
738 4674 771 4683 —
783 4645 820 4717 9)
842 4645 941 4700 lactem
955 4665 989 4701 zu
1005 4649 1090 4704 lesen.
1107 4681 1135 4691 -—
1151 4650 1185 4721 b)
1199 4668 1226 4724 p·
1239 4669 1315 4709 mau-

133 4727 213 4789 laates
231 4737 257 4790 Ζ.
272 4767 304 4779 -
318 4736 345 4806 i)
358 4735 460 4791 malicia
476 4751 523 4790 seu
537 4736 565 4789 Ζ.
580 4766 613 4775 -
627 4734 662 4806 lc)
677 4751 734 4789 exc.
748 4735 817 4790 fehlt
832 4737 862 4791 V.
