3209 5392
735 820 796 889 26.

175 1005 340 1088 inperator
356 1003 507 1082 signifieat
523 1002 652 1084 priuclpl
668 1019 722 1064 suo
739 1001 818 1082 qnod
835 1017 916 1083 pepe
928 1001 1025 1082 ipsun
1038 1000 1164 1083 benigue
1181 1005 1295 1068 edlrvlt
1311 1009 1369 1069 ete.
1409 1094 1414 1101 ⁴

645 1159 727 1215 1275.
745 1157 900 1214 November.

178 1308 209 1361 ff.
229 1306 335 1378 Rudolf
352 1304 428 1361 tdcill
449 1305 533 1360 anem
551 1307 665 1361 Furores
687 1305 772 1375 (oder
789 1308 864 1360 einer
883 1304 976 1381 stadt)
1000 1304 1060 1367 mit,
1082 1307 1148 1361 dana
1168 1306 1243 1363 edne
1262 1308 1371 1364 vaber-

253 1397 376 1470 lrrdnunp
389 1395 542 1452 devoratebe
553 1398 611 1451 olid
621 1396 694 1452 litter
706 1413 752 1449 um
765 1395 926 1466 Alcendunp
940 1413 991 1451 eon
1003 1398 1086 1452 Borea
1099 1416 1132 1453 zu
1145 1398 1293 1454 dereclben.

264 1543 390 1605 Gerbert,
402 1541 428 1606 2,
443 1541 487 1595 21.

264 1689 303 1754 Ut
331 1693 432 1752 vestre
460 1686 633 1750 devocionis
661 1687 795 1751 auditum
825 1688 863 1751 de
891 1688 1052 1753 fortunatis
1084 1695 1185 1754 nosne
1216 1690 1370 1755 felicitatis

173 1797 332 1861 eventibus
361 1815 438 1859 nova
468 1794 607 1879 graciora
635 1793 780 1859 letificent
810 1801 841 1858 et
867 1796 1079 1861 fortunatioris
1106 1800 1233 1883 auspicii
1261 1798 1371 1881 gaudia

173 1905 358 1990 prefigurent
375 1906 426 1991 a),
451 1925 524 1968 ecce
541 1904 599 1968 boc
616 1904 655 1990 b)
671 1903 786 1987 liquido
809 1905 895 1968 vobis
921 1904 998 1987 stylo
1022 1905 1231 1979 describimus,
1258 1908 1371 1991 quoda

173 2019 258 2099 patre
276 2019 377 2078 nostro
395 2012 596 2083 sanctissimo,
620 2003 739 2075 domino
755 2013 791 2077 N.
810 2033 888 2097 papa
899 2012 938 2100 1),
962 2032 1056 2096 nuper
1072 2014 1231 2078 affectione
1248 2020 1372 2099 paterna

173 2122 324 2207 suscepti,
357 2123 451 2188 auditi
482 2120 614 2203 benigue
643 2121 682 2207 e)
710 2123 740 2184 in
768 2121 896 2205 agendis
924 2120 1056 2205 imperii,
1089 2122 1178 2185 immo
1210 2122 1371 2207 benignius

174 2232 321 2303 exauditi,
349 2232 381 2296 in
408 2230 542 2315 proximo
565 2249 668 2293 sumus
691 2231 844 2314 recepturi
866 2230 897 2292 in
919 2228 995 2293 urbe
1019 2229 1057 2292 de
1079 2233 1281 2296 sacrosanctis
1305 2233 1371 2297 eius

174 2340 312 2404 manibus
335 2359 455 2403 sacrum
482 2338 599 2422 imperii
627 2337 766 2402 diadema
775 2337 815 2425 2).
849 2339 960 2402 Verum
989 2357 1057 2401 cum
1085 2340 1123 2401 ad
1147 2340 1266 2421 agenda
1287 2346 1370 2404 tante

174 2449 346 2514 festivitatis
363 2448 527 2531 solempnia
541 2448 717 2512 nunciorum
733 2451 901 2510 vestrorum
916 2447 1106 2530 presenciam
1124 2447 1236 2512 ibidem
1252 2450 1371 2513 omnino

175 2559 380 2622 necessariam
402 2556 598 2627 arbitremur,
621 2553 797 2619 fidelitatem
820 2560 951 2618 vestram
974 2554 1128 2619 hortamur
1152 2561 1182 2619 et
1203 2576 1370 2633 monemus,

176 2672 339 2753 quatenus,
368 2667 450 2728 iuxta
477 2665 709 2748 requisicionem
737 2663 921 2728 honorabilis
944 2663 1000 2727 viri
1022 2664 1076 2735 N.,
1107 2667 1232 2728 nuncios
1255 2673 1371 2731 vestros

175 2777 339 2840 industrios
377 2778 408 2837 et
444 2775 623 2837 auctoritate
655 2774 814 2856 presignes
846 2773 885 2836 ad
918 2772 997 2836 dicte
1029 2774 1237 2838 coronacionis
1269 2782 1371 2840 nostre

176 2883 310 2949 celebria
333 2881 481 2964 dirigatis,
504 2887 536 2943 nt
553 2901 644 2965 super
660 2881 798 2946 omnibns
815 2881 927 2944 ibidem
943 2900 997 2963 pro
1014 2881 1094 2944 bono
1111 2888 1189 2946 statu
1206 2885 1373 2968 reipublice

176 2998 207 3057 et
235 2990 305 3055 fidei
334 2991 504 3056 Christiane
533 2989 694 3054 salubriter
721 2988 910 3060 ordinandis,
939 2990 1062 3072 possitis
1091 3010 1193 3054 eorum
1221 2993 1373 3057 relacione

176 3100 362 3165 commodius
379 3105 410 3163 et
425 3098 591 3183 perfectius
609 3100 740 3163 edoceri.

265 3263 369 3317 Gebdrt
390 3279 437 3316 ans
460 3261 615 3318 demselben
639 3261 747 3317 Grande
770 3260 821 3315 wie
844 3259 894 3315 der
919 3260 1141 3331 vorhergcbende
1166 3262 1244 3320 Brlef
1269 3265 1294 3318 in
1321 3265 1371 3320 den

175 3354 324 3409 November
338 3353 416 3407 1275.

747 3544 810 3613 27.

331 3719 496 3802 imperator
511 3720 661 3799 signifieat
677 3720 809 3804 principi
827 3710 1059 3785 commendando
1076 3739 1144 3784 eum
1161 3729 1217 3788 etc.

177 3875 264 3949 Konip
276 3875 381 3947 Budelf
394 3876 478 3932 belolt
496 3878 573 3933 doen
589 3877 695 3949 Grafen
712 3896 803 3951 saepen
821 3878 913 3934 educa·
925 3876 1101 3952 Erpclenbeit
1118 3880 1175 3934 und
1191 3877 1313 3936 wincebi
1328 3879 1373 3936 idn

453 3969 482 4023 in
494 3969 585 4024 ceiner
597 3964 675 4024 Nolae
686 3972 743 4026 ond
753 3969 854 4025 crinem
866 3969 951 4026 Rntde
963 3989 995 4024 zu
1008 3968 1100 4027 boden.

268 4112 417 4195 Quantum
433 4113 521 4179 nobis
536 4114 568 4177 in
584 4133 620 4178 eo
637 4115 828 4199 complacuit,
845 4117 926 4200 quod
942 4115 986 4180 sic
1000 4116 1042 4200 d)
1057 4134 1205 4180 accensus
1222 4136 1256 4180 es
1272 4114 1374 4180 innatc

176 4219 248 4284 fidei
271 4222 416 4305 puritate,
440 4240 499 4306 qua
524 4243 598 4305 erga
622 4242 743 4288 sacrum
766 4225 933 4288 Romanum
957 4224 1115 4308 imperium
1138 4244 1260 4309 semper
1279 4224 1376 4308 viguit

269 4348 303 4419 a)
317 4347 487 4419 prefigentnr
499 4349 527 4401 Z.
548 4383 576 4392 -
599 4349 632 4418 d)
652 4350 723 4422 quod
742 4350 769 4404 Z.
785 4382 816 4391 -
832 4352 864 4421 e)
884 4351 999 4421 benigno
1017 4352 1065 4403 auf
1081 4352 1167 4405 Rasur
1185 4351 1213 4403 Z.
1227 4380 1261 4389 -
1275 4350 1311 4422 d)
1334 4352 1373 4405 sie

175 4436 229 4492 und
250 4454 280 4492 es
300 4438 388 4495 feblen
408 4439 437 4494 V.

205 4640 228 4701 ¹)
249 4646 367 4704 Gregorio
380 4646 407 4690 X.

203 4731 228 4792 ²)
249 4737 329 4795 vergi,
342 4739 409 4781 Auru.
425 4739 437 4781 1
452 4753 503 4782 zum
518 4740 730 4798 vorborgcbenden
743 4738 829 4784 Briefe.
