3209 5392
345 496 422 567 148

344 688 452 733 nornen
479 666 535 729 Dei
564 663 610 728 sui
638 664 669 726 in
695 680 802 726 uanum
830 662 967 744 recipere
1001 683 1061 726 non
1094 662 1265 727 formidant.
1287 702 1329 714 -·
1349 666 1494 729 succurrite

343 775 438 858 igitur
461 772 649 838 sanctissime
674 778 771 854 pater,
794 790 830 834 ac
851 771 970 835 recenti
993 771 1092 835 adlruc
1113 771 1218 835 morbo
1241 792 1344 835 recens
1359 774 1496 837 remedium

343 884 495 955 adhibete,
518 903 556 945 ne
578 900 674 964 panes
696 878 823 943 filiorum
846 898 937 942 canes
962 879 1122 943 comedant
1144 887 1175 943 et
1197 880 1342 963 stipendia
1361 901 1496 963 pauperum
1584 951 1585 970 ἦ

342 994 427 1056 luxus
449 990 507 1054 sibi
535 995 566 1053 et
594 988 724 1051 ebrietas
755 987 1023 1052 commcssaacurm
1049 988 1161 1052 audeat
1181 987 1355 1061 vendicare,
1380 989 1497 1072 alioquin,
1584 975 1585 980 ἵ

344 1108 377 1167 ut
399 1101 470 1186 quid
488 1097 701 1163 mortificamur
723 1103 786 1161 tota
810 1097 859 1160 die
886 1097 929 1184 ¹),
953 1105 984 1161 et
1006 1098 1078 1181 quid
1093 1099 1203 1162 iratres
1220 1099 1314 1162 nostri
1329 1099 1357 1162 in
1370 1099 1495 1166 laboribus

336 1210 484 1294 plurimis,
511 1211 542 1274 in
568 1207 726 1274 ardoribus
753 1214 785 1273 et
809 1207 960 1272 doloribus
983 1208 1209 1272 habundancius
1236 1209 1268 1272 in
1296 1210 1402 1292 frigore
1426 1229 1497 1292 super

338 1319 459 1384 modurn
473 1319 561 1384 ande
575 1318 637 1381 vite
652 1316 763 1399 stipem
778 1316 927 1380 modicam
944 1337 980 1380 er
995 1315 1107 1381 intimis
1120 1316 1215 1382 delire
1228 1318 1344 1382 telluris
1355 1317 1496 1382 visceribus
1583 1309 1586 1376 l

337 1429 476 1493 ridentur
490 1429 601 1491 misere
617 1431 812 1510 extorqueret
837 1424 1014 1490 Sanctitatis
1031 1425 1124 1508 igitur
1137 1433 1239 1491 vestre
1261 1427 1387 1509 pedibus
1401 1427 1497 1509 prouol-

337 1538 434 1601 vimur
450 1535 657 1620 supplicando,
674 1540 822 1619 quatenus
838 1536 939 1618 prisce
956 1536 1182 1599 consuetudinis
1204 1541 1292 1599 tenor
1313 1535 1395 1601 nobis
1416 1541 1496 1598 restro

337 1645 494 1728 privilegio
510 1650 711 1716 restauretur,
739 1650 772 1707 ut
788 1644 814 1706 si
839 1644 905 1727 quis
933 1645 1012 1707 forte
1034 1665 1051 1707 a
1073 1643 1160 1708 nobis
1182 1645 1228 1706 rel
1249 1643 1289 1707 ab
1306 1645 1400 1729 aliquo
1414 1664 1497 1728 mona-

338 1754 496 1817 steriorum
516 1757 686 1816 nostrorum
707 1771 771 1815 rem
792 1751 956 1816 indebitam
973 1752 1014 1840 a)
1037 1751 1193 1815 dubiamve
1215 1753 1404 1836 poposcerit,
1424 1751 1497 1816 auhn
1584 1819 1585 1822 ,

336 1860 396 1925 loci
428 1858 473 1923 rei
503 1859 660 1923 ueritatem
691 1860 721 1923 in
756 1859 877 1942 proprie
915 1859 1105 1924 consciencie
1142 1858 1310 1942 periculum
1346 1859 1497 1946 requisitus,

335 1968 499 2033 monachus
522 1974 621 2034 autem
644 1974 674 2031 et
696 1988 876 2040 conversus,
899 1967 956 2032 sub
978 1969 1087 2033 virtute
1109 1967 1287 2033 obediencie
1310 1968 1498 2051 interrogatus,

335 2077 445 2160 alleget
467 2079 502 2141 el
520 2076 564 2139 sic
589 2076 619 2139 in
642 2077 733 2140 verbo
755 2077 890 2140 ueritatis
919 2077 1059 2166 ancipitis
1081 2097 1172 2141 cause
1194 2075 1310 2141 decisio
1338 2080 1496 2162 perseveret.
1584 2147 1585 2152 η

335 2186 421 2269 Quod
444 2186 470 2248 si
492 2194 592 2250 vestra
614 2184 787 2276 dignabitur
809 2188 971 2258 sanctitas,
999 2192 1102 2250 nostra
1123 2186 1210 2250 uobis
1233 2187 1301 2250 iura
1317 2188 1381 2251 sine
1397 2186 1498 2250 aliorun

334 2293 441 2359 iniuria
472 2294 678 2357 servabuntur.
728 2294 763 2359 Si
800 2299 900 2358 autem
933 2295 981 2358 ria
1018 2294 1077 2359 ista
1107 2299 1208 2359 vestre
1243 2293 1421 2360 beatitudini
1455 2314 1496 2356 nou

332 2401 488 2489 placuerit,
506 2401 585 2466 aliud
603 2403 810 2488 qualecunque
829 2403 992 2486 dignemini
1009 2404 1174 2468 remedium
1189 2404 1338 2477 invenire,
1356 2403 1433 2488 quod
1448 2421 1493 2465 euu

334 2511 494 2576 removerit
516 2531 533 2574 a
554 2530 714 2593 pravorum
736 2510 901 2594 cupiditate
922 2511 1102 2596 periurium,
1131 2533 1252 2578 cessare
1274 2534 1292 2577 a
1316 2514 1401 2580 nobis
1425 2509 1496 2577 faciut

334 2617 496 2686 solucionis
516 2616 648 2684 indebite
665 2617 885 2683 detrimentum.
932 2697 938 2706 Δ

901 2937 964 3012 22.
1022 2919 1026 2928 ’

620 3117 699 3199 Papo
715 3133 806 3199 uper
822 3117 1053 3181 cerniacum
1069 3117 1101 3180 ll.
1116 3120 1225 3181 uncti.

750 3272 831 3327 ruta.
845 3273 916 3328 Mure
929 3274 972 3328 25.
987 3275 1097 3330 Perusii.

332 3420 460 3473 marcac
469 3419 486 3470 1
490 3420 515 3472 V.
528 3418 674 3473 demmin
685 3420 737 3472 dere
749 3418 803 3489 aus
810 3420 860 3473 der
869 3419 949 3474 Reice
960 3440 992 3476 zu
1002 3420 1304 3493 cinomKetzergcricdtc
1315 3424 1386 3480 nach
1396 3417 1501 3478 ΠΜ

333 3528 374 3563 am
389 3507 436 3562 29.
456 3508 534 3582 April
553 3507 631 3566 1252
651 3507 838 3582 meroingorum
855 3512 962 3565 Bruder
978 3514 1089 3577 Petrum,
1112 3513 1196 3567 Prior
1216 3513 1267 3568 der
1284 3515 1464 3570 Dominicuner
1477 3509 1499 3563 ¹⁰¹¹

874 3602 981 3655 Verona.

421 3744 554 3798 Bochmcr
566 3743 633 3814 Reg-
647 3743 838 3799 uuus-1254.
851 3747 907 3801 lon.
920 3748 962 3802 lV.
976 3765 1019 3802 no.
1031 3748 1075 3802 tu.

422 3890 538 3971 Magnis
552 3894 582 3952 et
600 3853 714 3953 crebiis
726 3889 868 3972 insignita
881 3889 920 3975 o)
932 3892 1077 3974 prodigiis
1095 3894 1258 3960 christiane
1275 3897 1346 3962 lidei
1357 3894 1498 3962 rectitudo,

331 3999 390 4061 ianr
406 4017 481 4061 nova
498 3998 567 4061 nori
583 3997 680 4060 sancti
697 3998 841 4062 decorato
864 4001 1007 4073 martirio,
1030 4001 1184 4085 signorum
1205 3989 1377 4071 reconcium
1398 4006 1497 4086 fulgore

332 4113 471 4170 coruscat
498 4112 528 4170 et
555 4107 655 4170 multis
683 4105 828 4170 hactenus
856 4110 995 4174 roborata
1023 4114 1187 4194 portentis,
1216 4133 1294 4180 nunc
1320 4097 1498 4200 singularium
1579 4109 1580 4160 l

331 4216 540 4279 miraculorum
568 4215 706 4298 insigniis
733 4216 1058 4284 candurcensem
1084 4222 1122 4285 de
1157 4219 1278 4289 instanti
1315 4231 1346 4290 et
1372 4225 1497 4289 moderno
1578 4249 1579 4258 ¹

423 4417 456 4484 a)
471 4417 495 4468 in
509 4414 753 4483 llbergesclrrielren
766 4416 795 4470 V.
809 4447 845 4457 -
859 4416 889 4486 d)
902 4417 952 4472 ins.
967 4435 1017 4474 von
1031 4420 1147 4477 anderer
1160 4424 1232 4478 lland
1246 4439 1287 4480 am
1299 4426 1397 4485 Raude.

364 4709 387 4768 ι)
405 4708 487 4752 enum.
505 4706 545 4760 ra,
557 4705 595 4750 22.
