3209 5392
245 537 323 607 214

243 709 329 771 cione
356 706 468 789 duplici
495 712 704 772 conterantur:
736 709 941 774 sinceritatem
971 714 1103 772 vestram
1133 725 1275 789 rogamus
1310 712 1437 778 attente,

242 820 389 898 quatenus
418 815 540 878 eosdem
567 818 709 880 Lucanos
736 817 867 880 rebelles
895 823 1032 888 nostros,
1061 816 1099 879 ob
1124 821 1258 880 nostram
1274 821 1305 880 ct
1321 814 1441 898 imperii

241 922 634 994 111111111111,1111111111
648 924 1237 1006 1111111111111111111,1111111111
1254 929 1384 986 vestro
1400 926 1440 1004 c)

241 1028 363 1093 faciatis
386 1030 568 1093 commercia
595 1030 738 1093 interdici
766 1037 797 1094 et
833 1031 864 1094 in
891 1030 957 1093 aliis
980 1030 1186 1094 consimilibus
1209 1028 1330 1093 casibus
1347 1028 1442 1111 ¹ipsos

242 1136 420 1218 perturbare
433 1138 546 1201 curetis
563 1138 643 1201 sicut
658 1137 803 1201 noveritis
821 1137 972 1220 expedire.

819 1340 876 1410 10.

647 1516 811 1598 lmperetar
833 1514 864 1578 ll.
890 1517 1029 1599 prlaolpl.

740 1673 819 1726 1111.
839 1672 923 1744 spru.

243 1815 387 1874 Friedrich
401 1817 435 1870 11.
458 1815 584 1871 dericbtet
604 1817 664 1869 dem
676 1816 781 1879 Ezehb,
802 1815 853 1871 soie
875 1816 921 1870 die
938 1816 1043 1887 Btrper
1063 1832 1112 1870 con
1129 1816 1234 1870 Frento
1256 1815 1326 1869 need
1347 1814 1441 1869 darier

243 1909 412 1979 Beloqcrunp
420 1905 480 1960 aiod
498 1906 552 1961 idm
567 1904 838 1976 ammacorfcababen
847 1906 904 1959 aad
913 1905 964 1960 wie
972 1921 1004 1960 er
1009 1904 1140 1977 pepereris
1152 1904 1246 1960 Gnade
1254 1907 1349 1959 waltere
1357 1907 1437 1959 losse.

331 2048 504 2106 111111.
518 2051 548 2110 1,
564 2050 673 2104 11111.
688 2080 722 2091 -
735 2051 875 2110 sorano,
888 2051 953 2120 neg.
966 2015 1072 2105 11111.
1085 2067 1128 2106 no.
1142 2049 1222 2104 1111.

331 2195 465 2259 Adaucte
497 2194 585 2257 nobis
617 2195 759 2259 continue
790 2195 946 2260 felicitatis
977 2195 1132 2276 auspicia,
1169 2193 1277 2277 quibus
1309 2193 1433 2255 dextera

238 2302 357 2364 Domini
373 2301 568 2384 prosequitur
583 2322 708 2383 gressus
725 2309 857 2375 nostros,
875 2302 1026 2366 desideria
1038 2307 1090 2365 tua
1102 2302 1237 2364 volumus
1250 2321 1309 2363 non
1323 2301 1430 2362 latere.

239 2409 314 2471 Cum
330 2408 409 2470 enim
425 2409 456 2470 in
472 2408 627 2471 obsidione
643 2410 832 2472 Faveneie
849 2407 1283 2495 1)111111111111111111111111
1298 2405 1437 2470 victricia

239 2523 340 2579 castra
356 2521 460 2578 nostra
477 2522 507 2579 et
522 2516 650 2586 insultus
664 2514 802 2581 eiusdem
820 2517 921 2600 oppidi
937 2525 1061 2600 propter
1076 2518 1273 2599 asperitatem
1287 2515 1434 2598 temporis

240 2643 301 2685 non
328 2627 464 2704 pateret,
491 2623 547 2685 sed
575 2624 721 2687 machinis
744 2631 775 2688 et
795 2625 1004 2689 instrumentis
1020 2625 1139 2689 bellicis
1156 2625 1235 2687 intus
1254 2629 1284 2687 et
1300 2622 1432 2688 exterius

241 2735 448 2811 quassaretur,
474 2737 517 2803 ut,
545 2732 639 2793 muris
656 2752 692 2794 ex
709 2732 849 2796 continuo
867 2733 1072 2796 machinarum
1089 2732 1151 2795 ictu
1165 2732 1317 2813 collapsis,
1334 2737 1364 2793 et
1379 2749 1435 2812 per

242 2837 455 2901 subterraneas
471 2838 547 2910 vias,
565 2857 639 2921 quas
655 2841 751 2903 nostri
763 2842 912 2912 feceruut,
928 2841 1113 2922 attingentes
1129 2840 1227 2902 menia
1244 2838 1375 2901 civitatis
1398 2843 1431 2899 et

240 2945 344 3008 intima
359 2950 564 3026 penetrantes,
577 2946 661 3008 verni
674 2948 819 3029 temporis
832 2948 1003 3010 advenienti
1022 2948 1179 3028 temperie,
1194 2967 1254 3009 non
1267 2944 1436 3009 confideret

243 3054 368 3117 ulterius
390 3074 424 3115 se
446 3054 523 3117 tueri
543 3054 589 3140 2):
614 3054 653 3117 ad
674 3056 914 3119 mansuetudinis
942 3061 1044 3118 nostre
1061 3055 1256 3118 clemenciam
1272 3053 1436 3135 imploran-

243 3165 322 3232 dam,
338 3168 442 3242 utpote
459 3182 518 3245 que
533 3163 592 3224 iam
605 3163 735 3226 ricinum
748 3170 778 3226 et
791 3164 1012 3246 quodammodo
1025 3164 1056 3226 in
1069 3165 1148 3227 omni
1160 3169 1245 3247 parte
1257 3162 1435 3226 incumbens

244 3268 452 3331 exterminium
479 3268 678 3341 formidabat,
706 3275 769 3332 tota
797 3291 832 3333 se
859 3271 910 3333 illa
938 3271 1119 3333 universitas
1148 3270 1364 3340 convertebat,
1391 3272 1436 3339 ut,

243 3375 353 3457 quibus
371 3375 558 3456 expugnacio
574 3377 708 3458 proxima
730 3378 899 3458 periculum
921 3378 1107 3449 minabatur,
1130 3379 1191 3441 1111
1212 3398 1321 3442 munus
1338 3375 1437 3439 indul-

244 3483 353 3563 gencia
374 3489 477 3544 nostra
498 3482 647 3546 tribueret
669 3491 700 3547 et
723 3484 933 3547 misericordia
948 3503 1048 3566 ,super
1065 3486 1192 3547 exaltato
1209 3485 1321 3547 iudicio
1338 3483 1436 3547 mani-

243 3593 330 3655 festis
348 3611 452 3655 eorum
469 3593 644 3658 excessibus
660 3594 760 3660 locum
775 3595 863 3657 venie
879 3601 1041 3667 reseraret.
1066 3595 1111 3657 Ad
1128 3595 1274 3657 clamores
1291 3594 1383 3674 igitur
1405 3597 1437 3655 et

242 3702 462 3783 inploraciones
479 3701 615 3767 eiusdem
631 3703 749 3783 populi,
778 3722 867 3784 quem
889 3709 972 3765 tanta
988 3703 1105 3783 pridem
1121 3701 1262 3773 rebellio,
1293 3702 1320 3763 si
1344 3700 1435 3763 factis

244 3808 362 3891 equitas
378 3808 588 3889 responderet,
600 3809 755 3890 indignum
769 3810 973 3873 exaudicionis
987 3810 1092 3891 gracia
1105 3809 1276 3881 exhibebat,
1292 3809 1437 3872 invictum

244 3916 368 3980 victoris
385 3917 516 3978 animum
539 3916 705 3979 clemencia
726 3922 830 3981 nostra
852 3916 934 3989 vicit,
958 3924 988 3980 et
1010 3938 1078 3980 cum
1096 3918 1183 3980 vietis
1200 3915 1440 3979 misericorditer

246 4044 338 4106 agere
353 4044 409 4086 nos
426 4022 551 4086 induxit.
584 4023 641 4085 Die
663 4023 700 4086 N.
720 4024 749 4109 1)
766 4025 803 4086 ad
826 4024 920 4105 pedes
943 4024 1109 4088 maiestatis
1126 4030 1230 4089 nostre
1245 4023 1434 4088 venientibus

335 4148 368 4216 a)
381 4149 408 4200 io
422 4151 495 4203 terra
509 4152 599 4201 restra
615 4149 689 4202 Petr.
705 4149 739 4200 de
752 4149 809 4203 Vin.

245 4299 571 4315 m

273 4398 296 4456 ¹)
314 4398 357 4442 Die
373 4400 522 4458 Belagerung
539 4401 631 4458 beganu
649 4401 679 4445 im
695 4404 786 4460 August
804 4401 866 4448 1240
883 4403 930 4448 und
947 4403 1046 4448 dauerte
1063 4404 1197 4449 81111111.

274 4475 299 4536 2)
317 4480 354 4523 Bis
367 4480 462 4524 bierber
476 4482 650 4540 glciebleutend
666 4482 708 4527 mit
718 4485 769 4527 dem
781 4484 904 4541 flingenge
915 4484 957 4528 des
969 4484 1114 4529 Sebreibens
1125 4485 1165 4529 bai
1180 4486 1265 4531 Petrus
1276 4486 1306 4529 de
1318 4484 1370 4529 Vin.
1381 4484 1404 4537 1,
1416 4486 1441 4529 8.

312 4556 464 4630 defit-Brit.
474 4561 496 4614 ὅ,
509 4561 577 4608 llas.
587 4565 631 4606 llas
642 4560 1442 4622 11111111111111111Ρ111.1111’11.2,1.11111Ι.-Β11’11.5,1113-1115.

276 4641 300 4697 ⁸)
321 4639 389 4693 latr,
402 4642 465 4698 April
482 4640 606 4687 tle-[tie
624 4642 652 4688 14
669 4644 770 4688 intrante
787 4643 862 4699 Aprili
876 4642 979 4690 eiusdem
993 4646 1046 4691 anni
1059 4646 1123 4691 dicta
1135 4647 1220 4693 civitas
1240 4648 1285 4705 ipsi
1302 4646 1442 4703 imperatori

313 4721 416 4767 reddidit
432 4734 466 4765 se.
486 4713 599 4768 Rolnndin
616 4723 728 4770 biuratcri
746 4727 768 4768 8.
786 4724 841 4770 23⁷.
897 4729 899 4732 ’
1238 4728 1241 4732 ’
