3209 5392
1317 472 1394 543 255

289 638 484 708 Ergtnaungen
497 655 544 692 aus
557 637 645 708 Kopp,
659 639 770 708 Eidgen.
785 638 885 692 Geseb.
899 639 924 702 3,
939 639 964 702 1,
978 638 1070 694 29011.
1091 640 1274 713 111313Αά311
1285 661 1309 695 3.
1324 646 1398 697 33133

201 728 266 783 Ζ3ἱ1.
289 725 344 780 Α33
366 727 425 780 dem
446 725 566 793 Original
583 727 618 779 im
642 728 840 784 vaticanischen
859 728 963 782 Archiv.
985 729 1158 783 Sanctissimo
1171 732 1196 784 iu
1210 729 1318 786 (lbristu
1332 731 1400 801 patri

201 835 234 871 ac
247 817 366 877 dominu,
389 816 493 870 domino
514 817 545 870 G.
560 817 649 871 diuina
662 819 837 888 prouidencia
851 823 1022 874 sacrosancte
1037 820 1151 874 Romane
1169 822 1285 877 ecclesie
1299 840 1399 876 summo

200 907 320 979 pontifici
335 908 365 960 R.
378 907 427 961 Dei
451 906 536 976 gratia
554 908 727 962 Romanorum
742 909 797 962 Rex
819 925 927 978 semper
949 912 1081 980 augustus
1104 927 1161 963 cum
1183 911 1343 966 reverencia
1366 928 1397 967 se

203 997 340 1052 obnoxium
363 997 397 1051 ad
421 996 516 1050 devota
540 998 637 1067 pedum
661 1000 753 1052 oscula
772 1001 921 1054 beatorum.
952 1029 981 1039 —
1010 999 1043 1069 α)
1069 999 1098 1052 0.
1122 1001 1289 1071 Propositum
1311 1004 1400 1056 sancti

201 1088 321 1141 Widonis
335 1087 480 1157 Spirensis,
494 1085 683 1142 cancellarium
707 1093 826 1144 nostrum
848 1089 973 1144 dilectum
993 1093 1022 1143 et
1039 1091 1169 1145 nuncium.
1187 1121 1215 1129 -
1231 1090 1267 1161 β)
1281 1090 1401 1161 religiosi

203 1177 293 1232 fratris
314 1176 449 1239 ¹cunradi,
472 1177 643 1232 Provincialis
665 1178 777 1232 fratrum
799 1179 926 1231 minorum
951 1194 1000 1249 per
1024 1180 1188 1248 superiorem
1213 1181 1399 1245 alemanniam,

202 1267 353 1324 credentes.
375 1296 405 1305 —
425 1261 458 1337 a)
473 1265 555 1320 Viuite
569 1266 721 1329 incolumis,
740 1271 819 1337 pater
836 1267 999 1322 sanctissime
1005 1286 1014 1331 ;
1042 1268 1090 1320 Dei
1102 1267 1173 1322 filius
1186 1285 1233 1322 vos
1256 1275 1401 1325 conseruet

203 1357 323 1411 Ecclesia
336 1359 498 1410 sanderus.
520 1357 615 1411 Datum
628 1356 810 1429 augeamus)
824 1358 923 1411 Tercle
936 1358 1070 1413 Kalendas
1083 1357 1190 1427 Marcij,
1208 1359 1294 1431 Regni
1312 1359 1399 1413 nostri

205 1446 382 1516 annoprimo.

292 1536 346 1588 Dor
367 1536 513 1590 Absebluss
533 1535 580 1588 der
602 1535 825 1607 Verhsndlungen
840 1537 969 1607 Gregur’a
983 1537 1030 1592 mit
1048 1538 1107 1592 dem
1126 1538 1224 1608 Propst
1242 1537 1314 1601 Otto,
1340 1538 1399 1592 dem

203 1627 314 1679 11333133
332 1624 385 1676 und
404 1625 781 1693 Speeial·Bevollmiebtigtsn
799 1623 907 1680 Rudoll'
911 1644 932 1689 s,
945 1626 1009 1680 land
1022 1645 1055 1680 nu
1068 1628 1142 1697 hyon
1155 1643 1197 1680 am
1210 1626 1235 1680 6.
1248 1626 1310 1681 1331
1326 1626 1398 1679 12⁷4

205 1717 279 1767 statt.
292 1713 422 1767 boehmar
436 1714 634 1767 Reicbssacben
649 1731 690 1768 no.
704 1713 766 1767 207.

779 2010 843 2094 11.

597 2183 763 2262 Imperator
786 2183 903 2244 domino
926 2200 1013 2262 pape.

718 2338 794 2391 Mitte
809 2338 888 2393 1274.

210 2483 242 2534 K.
255 2481 360 2556 liudolf
374 2481 457 2535 doubt
472 2481 556 2535 cinam
580 2482 713 2535 Kordiuul
728 2481 777 2552 ftlr
796 2483 893 2536 deseca
910 2482 1064 2553 Bemttbunp
1083 2501 1125 2536 um
1144 2484 1327 2556 Beprr'lndunp
1346 2486 1404 2539 und

208 2573 367 2652 Forderunp
386 2573 474 2626 seiner
490 2570 581 2625 lllorbt
598 2574 655 2625 und
671 2571 822 2641 oerapriobt
838 2572 891 2627 ibm
898 2613 908 2638 ‚
930 2572 1022 2626 immor
1038 2574 1068 2627 13
1085 2572 1237 2628 lcindliclser
1256 2573 1405 2644 Ebusurelrt

558 2661 608 2712 das
628 2658 702 2713 Wolrl
714 2661 764 2712 der
777 2658 876 2715 Kircbe
888 2680 919 2714 zo
931 2660 1056 2730 fdrdem.

298 2807 378 2861 Gerb.
395 2808 417 2867 l,
432 2807 459 2858 2.

295 2951 437 3014 Provenit
463 2950 549 3038 nobis
577 2950 615 3013 ad
643 2950 789 3011 immense
818 2947 1014 3013 iocunditatis
1042 2950 1222 3030 tripudium,
1251 2950 1330 3032 quod
1354 2952 1405 3015 ubi

208 3059 288 3122 nulla
305 3059 480 3122 meritorum
497 3063 668 3121 nostrorum
684 3075 777 3119 causa
794 3060 1000 3138 precesserat,
1017 3056 1096 3118 nulla
1111 3063 1292 3139 prevenerat
1306 3064 1406 3124 vestre

207 3167 419 3232 familiaritatis
447 3167 576 3237 noticia,
605 3165 688 3235 3313,
716 3170 750 3228 31
765 3161 890 3227 tirmiter
906 3163 1077 3235 eredimus,
1095 3163 1194 3227 divine
1209 3165 1406 3247 benignitatis

208 3275 364 3346 instinctu,
379 3274 418 3337 ad
434 3279 554 3337 nostros
569 3272 613 3335 sic
626 3271 818 3335 assurrexistis
828 3270 870 3357 a)
886 3271 1049 3353 amplexus,
1063 3276 1105 3344 ut,
1120 3272 1199 3335 sicut
1210 3272 1291 3338 lideli
1303 3293 1408 3338 narra-

210 3383 296 3447 cione
313 3381 506 3464 accepimus,
523 3379 583 3443 fida
598 3397 687 3442 manu
702 3378 876 3460 primarium
892 3379 1077 3442 iactaveritis
1093 3379 1241 3462 lapidem,
1264 3383 1407 3463 gradum-

210 3509 268 3574 que
288 3488 523 3573 primordialiter
543 3487 724 3571 posueritis,
754 3487 803 3549 cui
827 3491 931 3550 nostre
953 3487 1156 3569 promociouis
1173 3490 1255 3553 scala
1271 3490 1407 3555 innititur

210 3604 241 3662 et
256 3598 296 3661 ad
311 3597 405 3662 ardua
422 3595 647 3662 conscendendi
664 3594 807 3658 solidiora
824 3595 889 3658 visa
905 3599 975 3658 sunt
991 3594 1050 3657 iam
1063 3615 1189 3676 surgere
1202 3596 1404 3660 fundamenta.

211 3706 361 3790 Quocirca
382 3712 470 3788 pater
496 3704 638 3786 egregie,
664 3703 803 3766 laudibus
819 3703 1040 3786 pretermissis,
1070 3722 1194 3785 quarum
1211 3703 1319 3766 diffuso
1336 3725 1407 3786 pre-

212 3815 300 3880 conio
323 3814 529 3896 multipliciter
550 3813 783 3888 meruitvcstra
805 3812 952 3893 perfectio
976 3810 1196 3882 commendari,
1226 3812 1264 3874 ad
1292 3817 1406 3893 grates,

211 3944 285 4007 quas
313 3942 491 4005 possumus,
519 3920 605 3985 vobis
628 3941 664 3984 ex
685 3919 798 3983 intimis
821 3920 1018 3991 inclinantes,
1045 3919 1258 4000 paternitatem
1273 3927 1406 3985 vestram

211 4033 389 4116 suppliciter
405 4049 574 4101 exoramus,
591 4037 738 4112 quatenus
755 4028 917 4092 laudabilia
932 4028 1013 4091 circa
1030 4047 1085 4090 333
1102 4027 1243 4093 inchoata
1259 4029 1407 4111 principia

210 4141 309 4204 medio
333 4139 522 4204 laudabiliori
545 4143 576 4201 31
596 4137 654 4201 line
676 4137 843 4220 peroptimo
872 4157 908 4199 ex
936 4136 1038 4201 innate
1065 4137 1240 4218 prestancia
1261 4137 1406 4201 bonitatis

211 4248 392 4313 concludere
409 4245 565 4327 satagatis.
598 4245 643 4309 De
660 4244 748 4308 nobis
765 4243 845 4306 enim
867 4243 996 4325 potestis
1019 4262 1128 4307 secure
1150 4242 1260 4305 fiducie
1276 4245 1408 4326 plenitu-

212 4357 312 4420 dinem
334 4356 488 4426 obtinere,
516 4353 597 4436 quod
620 4353 658 4415 ad
682 4352 798 4424 omnia,
828 4370 887 4434 que
903 4354 1099 4413 sacrosancte
1116 4352 1248 4416 Romane
1265 4352 1408 4425 eeclesia,

211 4464 347 4546 piissime
375 4461 463 4525 matri
493 4466 612 4531 nostre,
641 4465 767 4542 accepta
796 4457 983 4528 noverimus,
1010 4458 1093 4520 iuxta
1115 4457 1280 4539 prudencie
1307 4466 1407 4525 vostre

308 4645 341 4714 a)
356 4644 408 4697 sic!
