3209 5392
1232 532 1282 602 83

122 717 146 775 et
168 714 349 777 universalem
377 715 474 796 ipsum
491 714 531 799 a)
552 713 687 776 ordinem
716 732 774 796 quo
803 715 841 777 ad
869 713 915 774 ius
945 710 1090 774 decimaie
1112 707 1285 789 petendum,

119 819 248 886 inmunem
269 824 488 886 essevolumus
505 829 536 886 et
553 827 729 904 exemptum.
762 823 808 886 De
830 827 945 885 maturo
968 822 1094 883 fratrum
1117 821 1287 879 nostrorum

121 930 226 994 consilio
241 939 270 994 et
286 952 446 1003 consenso,
470 951 506 994 ac
523 931 750 1013 subscripcione
767 930 898 994 unanimi
915 928 1078 993 eorundem
1100 923 1288 989 decernimus

120 1039 198 1119 igitur
212 1047 240 1103 et
254 1040 403 1122 presentis
419 1040 598 1103 auctoritate
614 1039 763 1121 privilegii
778 1038 966 1108 inhibemus,
983 1057 1020 1098 ne
1038 1034 1105 1118 quis
1121 1031 1290 1116 predictum

120 1147 235 1209 ordinem
251 1155 353 1212 contra
366 1148 444 1210 hanc
458 1147 666 1211 concessionis
682 1154 784 1211 nostre
800 1146 940 1230 paginam
957 1146 987 1207 in
1003 1142 1174 1207 huiusmodi
1187 1140 1291 1223 gracia

120 1255 193 1317 nodo
205 1257 335 1338 quolibet
346 1257 456 1320 audeat
462 1257 630 1320 molestare.
642 1256 675 1320 Si
685 1257 751 1340 quis
765 1276 835 1318 vero
848 1256 957 1318 audeat
969 1253 1151 1318 contrarium
1163 1256 1292 1331 attemp-

119 1370 172 1427 tare
188 1365 246 1428 sive
262 1367 383 1429 humilis
399 1366 462 1428 sive
479 1366 549 1437 alta,
567 1366 629 1436 siue
653 1385 781 1448 persona
798 1364 1005 1429 ecclesiastica
1022 1361 1113 1425 suerit
1135 1361 1182 1423 vel
1206 1379 1293 1421 mun·

123 1471 196 1544 dana,
207 1474 448 1556 indignacionem
460 1474 671 1556 omnipotentis
680 1474 736 1537 Dei
750 1473 943 1538 etbcatorum
949 1471 1029 1535 Petri
1042 1477 1072 1535 et
1078 1470 1160 1534 Pauli
1172 1475 1294 1551 aposto·

119 1580 202 1644 lorum
217 1588 306 1666 atque
323 1587 458 1645 nostram
473 1582 540 1665 ipso
572 1583 653 1645 facto
671 1603 704 1644 se
721 1583 838 1646 noverit
854 1582 1027 1644 incurrisse.
1045 1580 1112 1643 Dat.
1131 1576 1248 1663 etet).

78 1751 83 1765 '
156 1747 252 1812 dormo
266 1749 419 1830 priuilegil
441 1749 651 1829 imperaturum
676 1767 710 1812 ac
725 1748 920 1810 Romanorum
943 1721 1043 1829 regum
1059 1740 1252 1828 perpetue).

197 1888 227 1950 ln
243 1890 364 1953 nomine
381 1897 486 1953 sancte
503 1894 534 1952 et
549 1889 703 1968 individue
718 1888 860 1953 trinitatis
877 1909 973 1953 amen.
1006 1890 1039 1951 R.
1059 1888 1158 1950 divina
1180 1887 1298 1949 favente

121 1996 210 2076 gracia
226 1997 427 2061 Romanorum
444 2000 607 2082 imperator
622 1998 668 2060 vel
685 2019 737 2060 rex
752 2004 783 2060 et
799 2018 918 2080 semper
939 2004 1085 2080 augustus
1108 1995 1245 2059 omnibus
1270 1995 1300 2055 in

120 2112 293 2196 perpetuum.
326 2106 491 2172 Romanurn
516 2106 690 2189 imperium,
719 2107 757 2169 ad
780 2106 942 2170 tuicionem
966 2105 1036 2169 fidei
1060 2111 1090 2168 ct
1116 2105 1301 2168 diversarum

122 2203 248 2294 gencium
264 2214 470 2278 moderamina
486 2234 540 2297 per
562 2234 629 2277 eum
658 2214 707 2298 qui
731 2215 855 2278 celestia
871 2215 958 2276 simul
974 2220 1005 2278 et
1020 2214 1174 2278 terrestria
1198 2211 1302 2275 mode-

120 2328 207 2404 ratur,
238 2323 333 2386 filium
362 2322 468 2386 summi
496 2323 595 2405 regis,
624 2323 674 2406 qui
699 2323 833 2386 condidit
860 2343 953 2406 regna
981 2328 1012 2386 et
1044 2322 1142 2386 firmat
1168 2320 1303 2403 imperia,

18 2435 20 2524 {
121 2449 221 2495 summe
234 2430 477 2513 dispensacionis
489 2451 612 2494 munere
625 2431 831 2503 constitutum,
849 2432 1041 2496 ordinacione
1054 2433 1153 2495 divina
1169 2430 1260 2494 robur
1275 2435 1306 2489 et

18 2636 19 2640 Ἰ
121 2542 242 2622 regimen
259 2539 490 2622 sue‘dignitatis
507 2545 637 2623 accepit,
660 2547 692 2604 ut
708 2540 862 2604 subiectos
880 2542 937 2604 sibi
953 2543 1079 2625 populos
1101 2542 1133 2604 in
1150 2538 1311 2626 opulencia-

120 2651 194 2730 pacis
207 2659 236 2715 et
242 2653 348 2714 favore
361 2649 481 2713 iusticie
493 2651 605 2726 foveat,
617 2650 706 2713 fidem
717 2650 863 2733 provehat
870 2650 921 2736 d),
933 2651 1087 2734 perfidiam
1099 2657 1307 2735 persequatur,

120 2758 234 2823 humiles
250 2763 410 2843 protegat,
439 2758 585 2841 superbos
607 2757 760 2830 humiliet,
788 2759 940 2823 fastuosas
964 2761 1174 2843 oppressiones
1196 2760 1309 2821 relevet

18 2856 19 2860 ¹
122 2868 302 2932 subditorum
334 2872 364 2930 et
392 2867 522 2948 desuper
549 2873 661 2931 sortem
688 2867 834 2931 iustorum
856 2867 971 2949 virgam
992 2871 1109 2932 auferat
1131 2869 1307 2952 iniquorum.
1406 2913 1409 2916 -

121 2975 281 3060 Eapropter
298 2973 414 3039 noverit
429 2995 555 3057 presens
572 2980 637 3038 etas
660 2980 690 3037 et
712 2975 813 3039 futura
829 2976 1008 3058 posteritas,
1031 2979 1112 3060 quod
1129 2997 1194 3051 nos,
1212 2983 1310 3042 atten-

122 3084 218 3151 dentes
236 3105 330 3171 quam
346 3084 474 3147 fideliter
486 3089 516 3147 et
534 3084 640 3147 devote
658 3084 740 3146 cives
757 3084 954 3158 Winnenses,
971 3086 1073 3151 dilecti
1089 3088 1188 3151 devoti
1205 3088 1310 3157 nostri,

122 3203 247 3260 nostrum
265 3202 298 3258 et
311 3192 428 3276 imperii
446 3192 609 3272 dominium
625 3197 695 3255 sunt
712 3194 880 3275 amplexati,
904 3196 1130 3262 considerantes
1153 3197 1244 3261 etiam
1262 3196 1311 3277 e),

121 3306 243 3387 qualiter
259 3304 353 3366 iidem
370 3302 451 3365 cives
468 3299 526 3363 fide
548 3300 753 3363 sincerissima
776 3322 809 3364 se
833 3303 920 3367 nobis
942 3311 972 3367 ct
988 3305 1111 3388 imperio
1134 3307 1313 3390 allegarunt,

122 3416 284 3496 predictam
301 3412 452 3475 civitatem
468 3416 498 3473 et
514 3411 595 3473 cives
613 3411 748 3474 eiusdem
763 3412 794 3474 in
811 3420 946 3477 nostrum
968 3423 998 3479 et
1020 3416 1137 3500 imperii
1153 3419 1313 3501 recipimus

123 3532 262 3606 perpetuo
297 3521 463 3591 dicionem,
496 3525 528 3582 ut
559 3519 664 3581 amodo
696 3520 727 3582 in
758 3522 869 3584 nostris
900 3544 1006 3605 regum
1037 3532 1067 3589 et
1103 3527 1313 3609 imperatorum

124 3639 290 3696 nostrorum
319 3647 530 3692 successorum
557 3626 695 3689 manibus
722 3634 882 3693 tencantur
909 3640 939 3695 et
971 3634 1051 3716 quod
1078 3656 1228 3719 nunquam
1259 3657 1315 3718 per

27 3722 30 3730 ¹
125 3744 349 3806 concessionem
362 3733 400 3824 s)
418 3736 544 3800 alicuius
560 3735 700 3799 beneficii
718 3737 755 3800 de
772 3746 873 3805 nostra
896 3747 926 3805 et
947 3742 1065 3825 imperii
1086 3746 1192 3809 amodo
1214 3752 1398 3809 trans-run
1410 3769 1429 3794 «-

124 3859 190 3915 eant
222 3855 393 3934 potestate,
427 3845 499 3929 quin
527 3844 633 3926 pocius
667 3847 790 3927 speciali
818 3857 921 3913 nostro
949 3858 979 3914 et
1000 3852 1115 3934 imperii
1142 3856 1314 3925 munimine,

125 3959 333 4023 munificencie
356 3960 457 4020 nostre
484 3953 648 4037 privilegiis
676 3954 848 4020 libertatum
875 3966 905 4022 et
932 3960 1076 4024 bonarum
1097 3944 1317 4045 approbacionc

218 4107 254 4175 ⁰)
266 4103 351 4173 ἱΙ)81118
365 4102 394 4154 V·
413 4129 441 4138 ’
459 4099 491 4167 ὖ)
500 4097 558 4167 Εέθ
568 4097 703 4152 J⁰h⁸¹¹¹³0⁸
713 4102 846 4170 presbiter
856 4104 997 4159 cardinalis
1009 4106 1072 4159 tatis
1082 4108 1158 4175 tytuti
1169 4110 1319 4172 subscribo,

127 4196 181 4266 Ego
189 4197 287 4251 Petrus
299 4187 586 4264 dyaconuscardinalis
596 4190 682 4241 sancti
691 4191 828 4245 Laurentii
838 4195 979 4249 subscribo
993 4205 1021 4251 et
1034 4198 1074 4251 sic
1087 4200 1120 4251 de
1131 4200 1251 4270 singulis,
1266 4203 1320 4255 Ae.

126 4293 179 4340 tum
187 4281 374 4341 annoDomini,
387 4278 844 4366 mense,indictioneconcurrentc,
857 4293 950 4355 epacta
959 4288 1012 4340 tali.
1021 4290 1135 4343 -Hunc
1147 4291 1321 4362 modumpos-

128 4381 188 4429 suut
204 4377 303 4462 honere
317 4388 408 4425 omnes
418 4369 557 4439 principes
571 4370 747 4427 ecclesiastici
761 4374 935 4445 inperpetuis
949 4378 1107 4448 privilegiis,
1121 4385 1235 4453 excepto
1249 4384 1320 4454 qood

129 4468 323 4522 salutacionem
339 4465 449 4531 ponent,
461 4459 530 4512 sire:
545 4459 690 4514 innomine
703 4469 794 4517 sancte
809 4469 861 4520 etc.
875 4469 995 4523 omnibus
1009 4470 1034 4524 in
1049 4471 1216 4542 perpetuum,
1226 4476 1320 4529 obser-

130 4556 320 4627 vatispropriis
332 4551 424 4625 tytulis
432 4550 598 4620 dignitatum.
609 4552 636 4602 Z.
652 4584 680 4593 -
693 4552 816 4608 Diescdbe
829 4556 933 4611 Formel
949 4561 1027 4614 kehrt
1040 4572 1118 4617 unten
1133 4566 1162 4619 V.
1176 4567 1230 4619 Fol.
1251 4566 1286 4620 81
1305 4568 1322 4620 d

130 4652 240 4710 wieder,
257 4644 326 4699 doch
347 4642 415 4694 fehlt
428 4640 495 4694 auch
509 4639 571 4693 dort
585 4640 628 4693 die
641 4641 750 4696 testium
764 4648 940 4719 subscripcio,
961 4651 1054 4704 Actum
1065 4659 1117 4707 etc.
1136 4684 1162 4694 —
1179 4659 1210 4725 ρ)
1222 4675 1323 4729 perpe.

131 4751 201 4797 tuum
216 4740 245 4793 V.
263 4767 294 4776 —
309 4735 341 4807 d)
358 4732 505 4804 proveheot
518 4730 547 4782 V.
566 4763 601 4773 -
621 4741 651 4809 θ)
668 4737 775 4809 insuper
789 4740 816 4792 2¹
834 4770 861 4781 ,,
877 4740 910 4811 f)
924 4758 972 4811 pm
986 4746 1160 4806 concessione
1174 4748 1201 4799 Z·

1064 4834 1081 4887 6
1094 4837 1107 4863 fl
