<?xml version="1.0" encoding="UTF-8"?>
<!DOCTYPE html PUBLIC "-//W3C//DTD XHTML 1.0 Transitional//EN"
    "http://www.w3.org/TR/xhtml1/DTD/xhtml1-transitional.dtd">
<html xmlns="http://www.w3.org/1999/xhtml" xml:lang="en" lang="en">
 <head>
  <title>
</title>
<meta http-equiv="Content-Type" content="text/html;charset=utf-8" />
  <meta name='ocr-system' content='tesseract 3.04.00' />
  <meta name='ocr-capabilities' content='ocr_page ocr_carea ocr_par ocr_line ocrx_word'/>
</head>
<body>
  <div class='ocr_page' id='page_1' title='image "./fontesrerumaust00unkngoog_0232.png"; bbox 0 0 3209 5392; ppageno 0'>
   <div class='ocr_carea' id='block_1_1' title="bbox 168 1093 1362 1237">
    <p class='ocr_par' dir='ltr' id='par_1_1' title="bbox 168 1093 1362 1237">
     <span class='ocr_line' id='line_1_1' title="bbox 168 1093 1362 1237; baseline 0.009 -55"><span class='ocrx_word' id='word_1_1' title='bbox 168 1099 215 1184; x_wconf 89' lang='grc' dir='ltr'><strong>Β.</strong></span> <span class='ocrx_word' id='word_1_2' title='bbox 230 1098 428 1213; x_wconf 82' lang='lat' dir='ltr'><strong>Incipiunt</strong></span> <span class='ocrx_word' id='word_1_3' title='bbox 443 1099 558 1186; x_wconf 88' lang='lat' dir='ltr'><strong>litere</strong></span> <span class='ocrx_word' id='word_1_4' title='bbox 574 1093 854 1237; x_wconf 84' lang='lat' dir='ltr'><strong>imperatorum</strong></span> <span class='ocrx_word' id='word_1_5' title='bbox 873 1107 913 1187; x_wconf 88' lang='lat' dir='ltr'><strong>et</strong></span> <span class='ocrx_word' id='word_1_6' title='bbox 928 1132 1065 1215; x_wconf 87' lang='lat' dir='ltr'><strong>regum</strong></span> <span class='ocrx_word' id='word_1_7' title='bbox 1085 1107 1362 1193; x_wconf 87' lang='lat' dir='ltr'><strong>Romanorum.</strong></span> 
     </span>
    </p>
   </div>
   <div class='ocr_carea' id='block_1_2' title="bbox 754 1444 787 1513">
    <p class='ocr_par' dir='ltr' id='par_1_2' title="bbox 754 1444 787 1513">
     <span class='ocr_line' id='line_1_2' title="bbox 754 1444 787 1513; baseline -0.061 0"><span class='ocrx_word' id='word_1_8' title='bbox 754 1444 787 1513; x_wconf 91' lang='lat'><strong>1.</strong></span> 
     </span>
    </p>
   </div>
   <div class='ocr_carea' id='block_1_3' title="bbox 556 1618 947 1828">
    <p class='ocr_par' dir='ltr' id='par_1_3' title="bbox 556 1618 947 1828">
     <span class='ocr_line' id='line_1_3' title="bbox 556 1618 947 1699; baseline 0 -20"><span class='ocrx_word' id='word_1_9' title='bbox 556 1618 719 1699; x_wconf 75' lang='lat' dir='ltr'><strong>Imperator</strong></span> <span class='ocrx_word' id='word_1_10' title='bbox 734 1620 799 1699; x_wconf 78' lang='lat' dir='ltr'><strong>regi</strong></span> <span class='ocrx_word' id='word_1_11' title='bbox 815 1621 947 1682; x_wconf 81' lang='lat' dir='ltr'><strong>llraucle.</strong></span> 
     </span>
     <span class='ocr_line' id='line_1_4' title="bbox 667 1743 924 1828; baseline 0 0"><span class='ocrx_word' id='word_1_12' title='bbox 667 1773 861 1828; x_wconf 65' lang='lat' dir='ltr'><strong>veronna.</strong></span> <span class='ocrx_word' id='word_1_13' title='bbox 920 1743 924 1749; x_wconf 65' lang='grc'><strong><em>’</em></strong></span> 
     </span>
    </p>
   </div>
   <div class='ocr_carea' id='block_1_4' title="bbox 164 1916 1362 2166">
    <p class='ocr_par' dir='ltr' id='par_1_4' title="bbox 164 1916 1362 2166">
     <span class='ocr_line' id='line_1_5' title="bbox 164 1916 1362 1992; baseline 0.003 -19"><span class='ocrx_word' id='word_1_14' title='bbox 164 1918 309 1973; x_wconf 65' lang='lat' dir='ltr'><strong>Friedrich</strong></span> <span class='ocrx_word' id='word_1_15' title='bbox 325 1920 373 1981; x_wconf 80' lang='lat' dir='ltr'><strong>m,</strong></span> <span class='ocrx_word' id='word_1_16' title='bbox 396 1917 551 1972; x_wconf 78' lang='lat' dir='ltr'><strong>erecbrcclrt</strong></span> <span class='ocrx_word' id='word_1_17' title='bbox 567 1918 653 1972; x_wconf 75' lang='lat' dir='ltr'><strong>durch</strong></span> <span class='ocrx_word' id='word_1_18' title='bbox 671 1919 716 1973; x_wconf 85' lang='lat' dir='ltr'><strong>dic</strong></span> <span class='ocrx_word' id='word_1_19' title='bbox 728 1916 877 1973; x_wconf 76' lang='lat' dir='ltr'><strong>Nacdra‘cbt</strong></span> <span class='ocrx_word' id='word_1_20' title='bbox 894 1936 944 1973; x_wconf 82' lang='lat' dir='ltr'><strong>vom</strong></span> <span class='ocrx_word' id='word_1_21' title='bbox 961 1920 1020 1973; x_wconf 82' lang='lat' dir='ltr'><strong>dem</strong></span> <span class='ocrx_word' id='word_1_22' title='bbox 1037 1922 1201 1992; x_wconf 80' lang='lat' dir='ltr'><strong>Unterpaope</strong></span> <span class='ocrx_word' id='word_1_23' title='bbox 1215 1921 1267 1975; x_wconf 81' lang='lat' dir='ltr'><strong>der</strong></span> <span class='ocrx_word' id='word_1_24' title='bbox 1278 1923 1362 1976; x_wconf 74' lang='lat' dir='ltr'><strong>viora</strong></span> 
     </span>
     <span class='ocr_line' id='line_1_6' title="bbox 165 2001 1359 2081; baseline 0.002 -19"><span class='ocrx_word' id='word_1_25' title='bbox 165 2001 216 2063; x_wconf 81' lang='lat' dir='ltr'><strong>der</strong></span> <span class='ocrx_word' id='word_1_26' title='bbox 225 2006 430 2079; x_wconf 78' lang='lat' dir='ltr'><strong>franzdsc&#39;ccbcn</strong></span> <span class='ocrx_word' id='word_1_27' title='bbox 444 2004 638 2077; x_wconf 73' lang='lat' dir='ltr'><strong>Krcuzfadrer,</strong></span> <span class='ocrx_word' id='word_1_28' title='bbox 652 2009 788 2060; x_wconf 79' lang='lat' dir='ltr'><strong>entaendct</strong></span> <span class='ocrx_word' id='word_1_29' title='bbox 800 2008 877 2061; x_wconf 62' lang='lat' dir='ltr'><strong>daca</strong></span> <span class='ocrx_word' id='word_1_30' title='bbox 889 2010 972 2061; x_wconf 84' lang='lat' dir='ltr'><strong>Botcn</strong></span> <span class='ocrx_word' id='word_1_31' title='bbox 984 2010 1040 2062; x_wconf 84' lang='lat' dir='ltr'><strong>und</strong></span> <span class='ocrx_word' id='word_1_32' title='bbox 1051 2009 1134 2080; x_wconf 80' lang='lat' dir='ltr'><strong>Bricf</strong></span> <span class='ocrx_word' id='word_1_33' title='bbox 1143 2028 1177 2064; x_wconf 85' lang='lat' dir='ltr'><strong>aa</strong></span> <span class='ocrx_word' id='word_1_34' title='bbox 1189 2011 1301 2081; x_wconf 72' lang='lat' dir='ltr'><strong>Ludwig</strong></span> <span class='ocrx_word' id='word_1_35' title='bbox 1314 2012 1359 2064; x_wconf 81' lang='lat' dir='ltr'><strong>IX.</strong></span> 
     </span>
     <span class='ocr_line' id='line_1_7' title="bbox 482 2095 1068 2166; baseline 0.005 -18"><span class='ocrx_word' id='word_1_36' title='bbox 482 2095 530 2149; x_wconf 84' lang='lat' dir='ltr'><strong>mit</strong></span> <span class='ocrx_word' id='word_1_37' title='bbox 541 2097 592 2149; x_wconf 85' lang='lat' dir='ltr'><strong>der</strong></span> <span class='ocrx_word' id='word_1_38' title='bbox 605 2096 676 2149; x_wconf 72' lang='lat' dir='ltr'><strong>Bilta</strong></span> <span class='ocrx_word' id='word_1_39' title='bbox 688 2114 731 2148; x_wconf 87' lang='lat' dir='ltr'><strong>um</strong></span> <span class='ocrx_word' id='word_1_40' title='bbox 741 2113 845 2166; x_wconf 72' lang='lat' dir='ltr'><strong>pennam</strong></span> <span class='ocrx_word' id='word_1_41' title='bbox 857 2095 1045 2151; x_wconf 80' lang='lat' dir='ltr'><strong>Nacbrc&#39;cbten.</strong></span> <span class='ocrx_word' id='word_1_42' title='bbox 1065 2121 1068 2127; x_wconf 62' lang='grc'>’</span> 
     </span>
    </p>
   </div>
   <div class='ocr_carea' id='block_1_5' title="bbox 256 2237 602 2298">
    <p class='ocr_par' dir='ltr' id='par_1_5' title="bbox 256 2237 602 2298">
     <span class='ocr_line' id='line_1_8' title="bbox 256 2237 602 2298; baseline -0.006 -6"><span class='ocrx_word' id='word_1_43' title='bbox 256 2240 353 2293; x_wconf 87' lang='lat' dir='ltr'><strong>Petrus</strong></span> <span class='ocrx_word' id='word_1_44' title='bbox 368 2239 402 2293; x_wconf 88' lang='lat' dir='ltr'><strong>de</strong></span> <span class='ocrx_word' id='word_1_45' title='bbox 415 2239 504 2291; x_wconf 82' lang='lat' dir='ltr'><strong>Vineis</strong></span> <span class='ocrx_word' id='word_1_46' title='bbox 519 2240 545 2298; x_wconf 85' lang='lat'><strong>3,</strong></span> <span class='ocrx_word' id='word_1_47' title='bbox 558 2237 602 2290; x_wconf 81' lang='lat'><strong>22.</strong></span> 
     </span>
    </p>
   </div>
   <div class='ocr_carea' id='block_1_6' title="bbox 159 2381 1394 4611">
    <p class='ocr_par' dir='ltr' id='par_1_6' title="bbox 159 2381 1394 4611">
     <span class='ocr_line' id='line_1_9' title="bbox 256 2381 1362 2470; baseline 0.003 -26"><span class='ocrx_word' id='word_1_48' title='bbox 256 2381 397 2444; x_wconf 87' lang='lat' dir='ltr'><strong>Generali</strong></span> <span class='ocrx_word' id='word_1_49' title='bbox 422 2402 480 2464; x_wconf 92' lang='lat' dir='ltr'><strong>qua</strong></span> <span class='ocrx_word' id='word_1_50' title='bbox 498 2390 624 2447; x_wconf 91' lang='lat' dir='ltr'><strong>cunctos</strong></span> <span class='ocrx_word' id='word_1_51' title='bbox 653 2383 860 2470; x_wconf 76' lang='lat' dir='ltr'><strong>amplectimur</strong></span> <span class='ocrx_word' id='word_1_52' title='bbox 886 2384 956 2448; x_wconf 88' lang='lat' dir='ltr'><strong>fidei</strong></span> <span class='ocrx_word' id='word_1_53' title='bbox 972 2384 1210 2467; x_wconf 86' lang='lat' dir='ltr'><strong>participacione</strong></span> <span class='ocrx_word' id='word_1_54' title='bbox 1239 2387 1362 2450; x_wconf 88' lang='lat' dir='ltr'><strong>christi-</strong></span> 
     </span>
     <span class='ocr_line' id='line_1_10' title="bbox 161 2490 1355 2575; baseline 0.004 -23"><span class='ocrx_word' id='word_1_55' title='bbox 161 2490 265 2559; x_wconf 80' lang='lat' dir='ltr'><strong>colas,</strong></span> <span class='ocrx_word' id='word_1_56' title='bbox 282 2490 336 2564; x_wconf 85' lang='lat' dir='ltr'><strong>sed</strong></span> <span class='ocrx_word' id='word_1_57' title='bbox 354 2491 495 2570; x_wconf 91' lang='lat' dir='ltr'><strong>speciali,</strong></span> <span class='ocrx_word' id='word_1_58' title='bbox 525 2511 583 2573; x_wconf 90' lang='lat' dir='ltr'><strong>qua</strong></span> <span class='ocrx_word' id='word_1_59' title='bbox 599 2497 731 2554; x_wconf 90' lang='lat' dir='ltr'><strong>vestram</strong></span> <span class='ocrx_word' id='word_1_60' title='bbox 746 2512 822 2573; x_wconf 87' lang='lat' dir='ltr'><strong>pura</strong></span> <span class='ocrx_word' id='word_1_61' title='bbox 839 2491 1000 2555; x_wconf 88' lang='lat' dir='ltr'><strong>allectione</strong></span> <span class='ocrx_word' id='word_1_62' title='bbox 1016 2512 1177 2574; x_wconf 80' lang='lat' dir='ltr'>personam</span> <span class='ocrx_word' id='word_1_63' title='bbox 1194 2494 1355 2575; x_wconf 83' lang='lat' dir='ltr'><strong>diligimus,</strong></span> 
     </span>
     <span class='ocr_line' id='line_1_11' title="bbox 160 2596 1358 2683; baseline 0.004 -25"><span class='ocrx_word' id='word_1_64' title='bbox 160 2597 240 2659; x_wconf 88' lang='lat' dir='ltr'><strong>inter</strong></span> <span class='ocrx_word' id='word_1_65' title='bbox 269 2596 388 2658; x_wconf 89' lang='lat' dir='ltr'><strong>diversa</strong></span> <span class='ocrx_word' id='word_1_66' title='bbox 416 2599 457 2683; x_wconf 84' lang='lat' dir='ltr'><strong>a)</strong></span> <span class='ocrx_word' id='word_1_67' title='bbox 485 2617 614 2677; x_wconf 88' lang='lat' dir='ltr'><strong>genera,</strong></span> <span class='ocrx_word' id='word_1_68' title='bbox 647 2617 705 2679; x_wconf 88' lang='lat' dir='ltr'><strong>que</strong></span> <span class='ocrx_word' id='word_1_69' title='bbox 734 2598 975 2679; x_wconf 88' lang='lat' dir='ltr'><strong>cogitacionibus</strong></span> <span class='ocrx_word' id='word_1_70' title='bbox 1007 2599 1118 2662; x_wconf 86' lang='lat' dir='ltr'><strong>nostris</strong></span> <span class='ocrx_word' id='word_1_71' title='bbox 1151 2600 1358 2663; x_wconf 82' lang='lat' dir='ltr'>indesinenter</span> 
     </span>
     <span class='ocr_line' id='line_1_12' title="bbox 163 2704 1361 2789; baseline 0.003 -23"><span class='ocrx_word' id='word_1_72' title='bbox 163 2708 347 2772; x_wconf 90' lang='lat' dir='ltr'><strong>occurrunt,</strong></span> <span class='ocrx_word' id='word_1_73' title='bbox 373 2704 519 2786; x_wconf 70' lang='lat' dir='ltr'><strong>precipua</strong></span> <span class='ocrx_word' id='word_1_74' title='bbox 540 2705 694 2767; x_wconf 83' lang='lat' dir='ltr'><strong>reddimur</strong></span> <span class='ocrx_word' id='word_1_75' title='bbox 711 2705 812 2767; x_wconf 88' lang='lat' dir='ltr'><strong>cordis</strong></span> <span class='ocrx_word' id='word_1_76' title='bbox 836 2706 985 2768; x_wconf 79' lang='lat' dir='ltr'><strong>anxietate</strong></span> <span class='ocrx_word' id='word_1_77' title='bbox 1003 2707 1122 2769; x_wconf 85' lang='lat' dir='ltr'><strong>solliciti</strong></span> <span class='ocrx_word' id='word_1_78' title='bbox 1140 2711 1170 2768; x_wconf 89' lang='lat' dir='ltr'><strong>et</strong></span> <span class='ocrx_word' id='word_1_79' title='bbox 1185 2708 1361 2789; x_wconf 78' lang='lat' dir='ltr'><strong>frequenter</strong></span> 
     </span>
     <span class='ocr_line' id='line_1_13' title="bbox 162 2811 1358 2895; baseline 0.004 -23"><span class='ocrx_word' id='word_1_80' title='bbox 162 2811 339 2873; x_wconf 81' lang='lat' dir='ltr'><strong>affectamus</strong></span> <span class='ocrx_word' id='word_1_81' title='bbox 370 2811 475 2873; x_wconf 90' lang='lat' dir='ltr'><strong>audire</strong></span> <span class='ocrx_word' id='word_1_82' title='bbox 504 2812 541 2874; x_wconf 89' lang='lat' dir='ltr'><strong>de</strong></span> <span class='ocrx_word' id='word_1_83' title='bbox 568 2812 654 2875; x_wconf 92' lang='lat' dir='ltr'><strong>vobis</strong></span> <span class='ocrx_word' id='word_1_84' title='bbox 681 2832 758 2874; x_wconf 87' lang='lat' dir='ltr'><strong>nova</strong></span> <span class='ocrx_word' id='word_1_85' title='bbox 785 2812 919 2874; x_wconf 89' lang='lat' dir='ltr'><strong>veridica</strong></span> <span class='ocrx_word' id='word_1_86' title='bbox 947 2832 1005 2895; x_wconf 89' lang='lat' dir='ltr'><strong>que</strong></span> <span class='ocrx_word' id='word_1_87' title='bbox 1032 2814 1187 2894; x_wconf 76' lang='lat' dir='ltr'><strong>placeant,</strong></span> <span class='ocrx_word' id='word_1_88' title='bbox 1205 2819 1251 2876; x_wconf 85' lang='lat' dir='ltr'><strong>et</strong></span> <span class='ocrx_word' id='word_1_89' title='bbox 1278 2816 1358 2877; x_wconf 88' lang='lat' dir='ltr'><strong>scire</strong></span> 
     </span>
     <span class='ocr_line' id='line_1_14' title="bbox 160 2918 1358 3001; baseline 0.003 -20"><span class='ocrx_word' id='word_1_90' title='bbox 160 2918 296 3001; x_wconf 85' lang='lat' dir='ltr'><strong>plenarie</strong></span> <span class='ocrx_word' id='word_1_91' title='bbox 312 2918 343 2982; x_wconf 95' lang='lat' dir='ltr'><strong>in</strong></span> <span class='ocrx_word' id='word_1_92' title='bbox 368 2923 451 2982; x_wconf 88' lang='lat' dir='ltr'><strong>terre</strong></span> <span class='ocrx_word' id='word_1_93' title='bbox 475 2925 581 2982; x_wconf 89' lang='lat' dir='ltr'><strong>sancte</strong></span> <span class='ocrx_word' id='word_1_94' title='bbox 604 2919 768 3001; x_wconf 89' lang='lat' dir='ltr'><strong>presidium</strong></span> <span class='ocrx_word' id='word_1_95' title='bbox 795 2925 895 2982; x_wconf 84' lang='lat' dir='ltr'><strong>vestre</strong></span> <span class='ocrx_word' id='word_1_96' title='bbox 923 2921 1181 3001; x_wconf 89' lang='lat' dir='ltr'><strong>peregrinacionis</strong></span> <span class='ocrx_word' id='word_1_97' title='bbox 1210 2928 1358 2984; x_wconf 89' lang='lat' dir='ltr'><strong>eventum.</strong></span> 
     </span>
     <span class='ocr_line' id='line_1_15' title="bbox 159 3026 1361 3108; baseline 0.002 -20"><span class='ocrx_word' id='word_1_98' title='bbox 159 3027 206 3088; x_wconf 89' lang='lat' dir='ltr'><strong>De</strong></span> <span class='ocrx_word' id='word_1_99' title='bbox 235 3027 322 3089; x_wconf 89' lang='lat' dir='ltr'><strong>cuius</strong></span> <span class='ocrx_word' id='word_1_100' title='bbox 350 3046 515 3107; x_wconf 87' lang='lat' dir='ltr'><strong>aggressu,</strong></span> <span class='ocrx_word' id='word_1_101' title='bbox 542 3026 630 3089; x_wconf 88' lang='lat' dir='ltr'><strong>velud</strong></span> <span class='ocrx_word' id='word_1_102' title='bbox 647 3028 678 3088; x_wconf 92' lang='lat' dir='ltr'><strong>in</strong></span> <span class='ocrx_word' id='word_1_103' title='bbox 693 3031 753 3088; x_wconf 93' lang='lat' dir='ltr'><strong>tam</strong></span> <span class='ocrx_word' id='word_1_104' title='bbox 770 3026 869 3088; x_wconf 90' lang='lat' dir='ltr'><strong>valida</strong></span> <span class='ocrx_word' id='word_1_105' title='bbox 885 3047 984 3089; x_wconf 91' lang='lat' dir='ltr'><strong>rerum</strong></span> <span class='ocrx_word' id='word_1_106' title='bbox 1002 3033 1032 3089; x_wconf 92' lang='lat' dir='ltr'><strong>et</strong></span> <span class='ocrx_word' id='word_1_107' title='bbox 1056 3032 1222 3108; x_wconf 89' lang='lat' dir='ltr'><strong>temporum</strong></span> <span class='ocrx_word' id='word_1_108' title='bbox 1243 3033 1361 3108; x_wconf 89' lang='lat' dir='ltr'><strong>tempe-</strong></span> 
     </span>
     <span class='ocr_line' id='line_1_16' title="bbox 162 3133 1360 3217; baseline 0.003 -23"><span class='ocrx_word' id='word_1_109' title='bbox 162 3139 241 3195; x_wconf 89' lang='lat' dir='ltr'><strong>state</strong></span> <span class='ocrx_word' id='word_1_110' title='bbox 257 3138 420 3215; x_wconf 89' lang='lat' dir='ltr'><strong>temptato‚</strong></span> <span class='ocrx_word' id='word_1_111' title='bbox 449 3153 517 3195; x_wconf 90' lang='lat' dir='ltr'><strong>cum</strong></span> <span class='ocrx_word' id='word_1_112' title='bbox 538 3154 589 3196; x_wconf 87' lang='lat' dir='ltr'><strong>res</strong></span> <span class='ocrx_word' id='word_1_113' title='bbox 605 3133 693 3214; x_wconf 87' lang='lat' dir='ltr'><strong>plena</strong></span> <span class='ocrx_word' id='word_1_114' title='bbox 721 3133 840 3195; x_wconf 87' lang='lat' dir='ltr'><strong>solliciti</strong></span> <span class='ocrx_word' id='word_1_115' title='bbox 869 3134 908 3196; x_wconf 89' lang='lat' dir='ltr'><strong>sit</strong></span> <span class='ocrx_word' id='word_1_116' title='bbox 935 3134 1067 3204; x_wconf 89' lang='lat' dir='ltr'><strong>timoris,</strong></span> <span class='ocrx_word' id='word_1_117' title='bbox 1095 3154 1155 3196; x_wconf 94' lang='lat' dir='ltr'><strong>non</strong></span> <span class='ocrx_word' id='word_1_118' title='bbox 1183 3138 1247 3196; x_wconf 91' lang='lat' dir='ltr'><strong>sine</strong></span> <span class='ocrx_word' id='word_1_119' title='bbox 1275 3136 1360 3217; x_wconf 86' lang='lat' dir='ltr'><strong>gravi</strong></span> 
     </span>
     <span class='ocr_line' id='line_1_17' title="bbox 160 3235 1394 3322; baseline 0.004 -21"><span class='ocrx_word' id='word_1_120' title='bbox 160 3240 321 3303; x_wconf 83' lang='lat' dir='ltr'><strong>formidine</strong></span> <span class='ocrx_word' id='word_1_121' title='bbox 338 3241 472 3322; x_wconf 89' lang='lat' dir='ltr'><strong>cepimus</strong></span> <span class='ocrx_word' id='word_1_122' title='bbox 489 3240 674 3321; x_wconf 84' lang='lat' dir='ltr'><strong>aliquociens</strong></span> <span class='ocrx_word' id='word_1_123' title='bbox 692 3240 846 3310; x_wconf 86' lang='lat' dir='ltr'><strong>dubitare,</strong></span> <span class='ocrx_word' id='word_1_124' title='bbox 865 3261 902 3302; x_wconf 91' lang='lat' dir='ltr'><strong>ne</strong></span> <span class='ocrx_word' id='word_1_125' title='bbox 924 3241 1015 3307; x_wconf 82' lang='lat' dir='ltr'><strong>sorte,</strong></span> <span class='ocrx_word' id='word_1_126' title='bbox 1030 3247 1212 3304; x_wconf 86' lang='lat' dir='ltr'><strong>novercante</strong></span> <span class='ocrx_word' id='word_1_127' title='bbox 1228 3243 1359 3314; x_wconf 84' lang='lat' dir='ltr'><strong>fortuna,</strong></span> <span class='ocrx_word' id='word_1_128' title='bbox 1392 3235 1394 3238; x_wconf 31' lang='lat'>⁸</span> 
     </span>
     <span class='ocr_line' id='line_1_18' title="bbox 160 3347 1358 3428; baseline 0.005 -20"><span class='ocrx_word' id='word_1_129' title='bbox 160 3347 237 3409; x_wconf 90' lang='lat' dir='ltr'><strong>votis</strong></span> <span class='ocrx_word' id='word_1_130' title='bbox 276 3348 483 3411; x_wconf 90' lang='lat' dir='ltr'><strong>communibus</strong></span> <span class='ocrx_word' id='word_1_131' title='bbox 515 3347 679 3416; x_wconf 90' lang='lat' dir='ltr'><strong>absonum,</strong></span> <span class='ocrx_word' id='word_1_132' title='bbox 706 3347 824 3410; x_wconf 82' lang='lat' dir='ltr'><strong>infestis</strong></span> <span class='ocrx_word' id='word_1_133' title='bbox 856 3348 1018 3428; x_wconf 89' lang='lat' dir='ltr'><strong>auspiciis,</strong></span> <span class='ocrx_word' id='word_1_134' title='bbox 1047 3348 1157 3410; x_wconf 83' lang='lat' dir='ltr'><strong>exitum</strong></span> <span class='ocrx_word' id='word_1_135' title='bbox 1188 3349 1358 3414; x_wconf 87' lang='lat' dir='ltr'><strong>sortiretur.</strong></span> 
     </span>
     <span class='ocr_line' id='line_1_19' title="bbox 160 3454 1360 3537; baseline 0.003 -20"><span class='ocrx_word' id='word_1_136' title='bbox 160 3457 243 3518; x_wconf 90' lang='lat' dir='ltr'><strong>lnter</strong></span> <span class='ocrx_word' id='word_1_137' title='bbox 258 3454 313 3517; x_wconf 88' lang='lat' dir='ltr'><strong>has</strong></span> <span class='ocrx_word' id='word_1_138' title='bbox 329 3474 401 3518; x_wconf 88' lang='lat' dir='ltr'><strong>vero</strong></span> <span class='ocrx_word' id='word_1_139' title='bbox 419 3454 584 3518; x_wconf 82' lang='lat' dir='ltr'><strong>anxietates</strong></span> <span class='ocrx_word' id='word_1_140' title='bbox 602 3459 632 3516; x_wconf 90' lang='lat' dir='ltr'><strong>et</strong></span> <span class='ocrx_word' id='word_1_141' title='bbox 649 3454 866 3518; x_wconf 89' lang='lat' dir='ltr'><strong>sollicitudines</strong></span> <span class='ocrx_word' id='word_1_142' title='bbox 883 3460 1013 3524; x_wconf 91' lang='lat' dir='ltr'><strong>nostras,</strong></span> <span class='ocrx_word' id='word_1_143' title='bbox 1037 3474 1111 3537; x_wconf 89' lang='lat' dir='ltr'><strong>quas</strong></span> <span class='ocrx_word' id='word_1_144' title='bbox 1128 3462 1252 3519; x_wconf 89' lang='lat' dir='ltr'><strong>eventus</strong></span> <span class='ocrx_word' id='word_1_145' title='bbox 1269 3458 1360 3522; x_wconf 89' lang='lat' dir='ltr'><strong>luturi</strong></span> 
     </span>
     <span class='ocr_line' id='line_1_20' title="bbox 161 3549 1358 3642; baseline 0.003 -19"><span class='ocrx_word' id='word_1_146' title='bbox 161 3561 303 3624; x_wconf 84' lang='lat' dir='ltr'><strong>dubietas</strong></span> <span class='ocrx_word' id='word_1_147' title='bbox 326 3562 438 3625; x_wconf 88' lang='lat' dir='ltr'><strong>nostris</strong></span> <span class='ocrx_word' id='word_1_148' title='bbox 460 3561 618 3627; x_wconf 85' lang='lat' dir='ltr'><strong>affectibus</strong></span> <span class='ocrx_word' id='word_1_149' title='bbox 640 3561 811 3641; x_wconf 85' lang='lat' dir='ltr'><strong>ingerebat,</strong></span> <span class='ocrx_word' id='word_1_150' title='bbox 832 3561 960 3624; x_wconf 90' lang='lat' dir='ltr'><strong>volatilis</strong></span> <span class='ocrx_word' id='word_1_151' title='bbox 984 3562 1063 3624; x_wconf 88' lang='lat' dir='ltr'><strong>fame</strong></span> <span class='ocrx_word' id='word_1_152' title='bbox 1079 3563 1251 3642; x_wconf 84' lang='lat' dir='ltr'><strong>garrulitas,</strong></span> <span class='ocrx_word' id='word_1_153' title='bbox 1266 3549 1358 3627; x_wconf 86' lang='lat' dir='ltr'><strong>variis</strong></span> 
     </span>
     <span class='ocr_line' id='line_1_21' title="bbox 162 3668 1359 3750; baseline 0.002 -19"><span class='ocrx_word' id='word_1_154' title='bbox 162 3670 303 3734; x_wconf 91' lang='lat' dir='ltr'><strong>discussa</strong></span> <span class='ocrx_word' id='word_1_155' title='bbox 318 3670 476 3740; x_wconf 87' lang='lat' dir='ltr'><strong>relatibus,</strong></span> <span class='ocrx_word' id='word_1_156' title='bbox 493 3668 665 3750; x_wconf 88' lang='lat' dir='ltr'><strong>supervenit</strong></span> <span class='ocrx_word' id='word_1_157' title='bbox 676 3669 811 3731; x_wconf 89' lang='lat' dir='ltr'><strong>veritatis</strong></span> <span class='ocrx_word' id='word_1_158' title='bbox 824 3669 936 3730; x_wconf 89' lang='lat' dir='ltr'><strong>utinam</strong></span> <span class='ocrx_word' id='word_1_159' title='bbox 949 3687 1065 3731; x_wconf 85' lang='lat' dir='ltr'><strong>vacuas·</strong></span> <span class='ocrx_word' id='word_1_160' title='bbox 1077 3673 1237 3731; x_wconf 86' lang='lat' dir='ltr'><strong>eructuans</strong></span> <span class='ocrx_word' id='word_1_161' title='bbox 1255 3691 1359 3733; x_wconf 86' lang='lat' dir='ltr'><strong>narra-</strong></span> 
     </span>
     <span class='ocr_line' id='line_1_22' title="bbox 162 3775 1358 3857; baseline 0.001 -17"><span class='ocrx_word' id='word_1_162' title='bbox 162 3779 287 3847; x_wconf 90' lang='lat' dir='ltr'><strong>ciones,</strong></span> <span class='ocrx_word' id='word_1_163' title='bbox 317 3778 446 3841; x_wconf 88' lang='lat' dir='ltr'><strong>classem</strong></span> <span class='ocrx_word' id='word_1_164' title='bbox 463 3776 603 3840; x_wconf 88' lang='lat' dir='ltr'><strong>videlicet</strong></span> <span class='ocrx_word' id='word_1_165' title='bbox 625 3776 756 3856; x_wconf 89' lang='lat' dir='ltr'><strong>regiam,</strong></span> <span class='ocrx_word' id='word_1_166' title='bbox 785 3776 897 3839; x_wconf 90' lang='lat' dir='ltr'><strong>dudum</strong></span> <span class='ocrx_word' id='word_1_167' title='bbox 920 3781 1024 3839; x_wconf 89' lang='lat' dir='ltr'><strong>sancto</strong></span> <span class='ocrx_word' id='word_1_168' title='bbox 1047 3775 1200 3857; x_wconf 87' lang='lat' dir='ltr'><strong>proposito</strong></span> <span class='ocrx_word' id='word_1_169' title='bbox 1217 3797 1276 3838; x_wconf 94' lang='lat' dir='ltr'><strong>non</strong></span> <span class='ocrx_word' id='word_1_170' title='bbox 1293 3779 1358 3841; x_wconf 91' lang='lat' dir='ltr'><strong>sine</strong></span> 
     </span>
     <span class='ocr_line' id='line_1_23' title="bbox 161 3882 1359 3967; baseline -0.001 -20"><span class='ocrx_word' id='word_1_171' title='bbox 161 3885 280 3967; x_wconf 86' lang='lat' dir='ltr'><strong>magnis</strong></span> <span class='ocrx_word' id='word_1_172' title='bbox 296 3886 451 3949; x_wconf 87' lang='lat' dir='ltr'><strong>laboribus</strong></span> <span class='ocrx_word' id='word_1_173' title='bbox 470 3892 501 3948; x_wconf 90' lang='lat' dir='ltr'><strong>et</strong></span> <span class='ocrx_word' id='word_1_174' title='bbox 516 3889 687 3966; x_wconf 89' lang='lat' dir='ltr'><strong>sumptuum</strong></span> <span class='ocrx_word' id='word_1_175' title='bbox 702 3884 928 3965; x_wconf 82' lang='lat' dir='ltr'><strong>profusionibus</strong></span> <span class='ocrx_word' id='word_1_176' title='bbox 945 3888 1174 3965; x_wconf 82' lang='lat' dir='ltr'><strong>congregatam,</strong></span> <span class='ocrx_word' id='word_1_177' title='bbox 1196 3882 1228 3944; x_wconf 94' lang='lat' dir='ltr'><strong>in</strong></span> <span class='ocrx_word' id='word_1_178' title='bbox 1242 3889 1359 3966; x_wconf 82' lang='lat' dir='ltr'><strong>tempe-</strong></span> 
     </span>
     <span class='ocr_line' id='line_1_24' title="bbox 162 3984 1357 4073; baseline -0.001 -17"><span class='ocrx_word' id='word_1_179' title='bbox 162 3999 240 4056; x_wconf 86' lang='lat' dir='ltr'><strong>state</strong></span> <span class='ocrx_word' id='word_1_180' title='bbox 255 3984 347 4055; x_wconf 88' lang='lat' dir='ltr'><strong>maris</strong></span> <span class='ocrx_word' id='word_1_181' title='bbox 370 4000 400 4056; x_wconf 91' lang='lat' dir='ltr'><strong>et</strong></span> <span class='ocrx_word' id='word_1_182' title='bbox 422 3993 583 4063; x_wconf 85' lang='lat' dir='ltr'><strong>fluctuum,</strong></span> <span class='ocrx_word' id='word_1_183' title='bbox 612 3992 719 4073; x_wconf 88' lang='lat' dir='ltr'><strong>quibus</strong></span> <span class='ocrx_word' id='word_1_184' title='bbox 742 4012 803 4054; x_wconf 91' lang='lat' dir='ltr'><strong>non</strong></span> <span class='ocrx_word' id='word_1_185' title='bbox 825 3992 883 4054; x_wconf 87' lang='lat' dir='ltr'><strong>nisi</strong></span> <span class='ocrx_word' id='word_1_186' title='bbox 900 3991 999 4054; x_wconf 77' lang='lat' dir='ltr'><strong>divine</strong></span> <span class='ocrx_word' id='word_1_187' title='bbox 1016 3990 1175 4072; x_wconf 89' lang='lat' dir='ltr'><strong>potestatis</strong></span> <span class='ocrx_word' id='word_1_188' title='bbox 1192 3992 1357 4055; x_wconf 89' lang='lat' dir='ltr'><strong>auctoritas</strong></span> 
     </span>
     <span class='ocr_line' id='line_1_25' title="bbox 160 4097 1358 4183; baseline -0.003 -19"><span class='ocrx_word' id='word_1_189' title='bbox 160 4101 306 4183; x_wconf 88' lang='lat' dir='ltr'><strong>imperat,</strong></span> <span class='ocrx_word' id='word_1_190' title='bbox 329 4100 548 4163; x_wconf 89' lang='lat' dir='ltr'><strong>colluctacionc</strong></span> <span class='ocrx_word' id='word_1_191' title='bbox 573 4104 729 4161; x_wconf 86' lang='lat' dir='ltr'><strong>ventorum</strong></span> <span class='ocrx_word' id='word_1_192' title='bbox 746 4099 876 4160; x_wconf 87' lang='lat' dir='ltr'><strong>asseruit</strong></span> <span class='ocrx_word' id='word_1_193' title='bbox 893 4098 1107 4179; x_wconf 85' lang='lat' dir='ltr'><strong>disgregatam.</strong></span> <span class='ocrx_word' id='word_1_194' title='bbox 1140 4097 1185 4158; x_wconf 86' lang='lat' dir='ltr'><strong>Ex</strong></span> <span class='ocrx_word' id='word_1_195' title='bbox 1201 4117 1259 4179; x_wconf 87' lang='lat' dir='ltr'><strong>quo</strong></span> <span class='ocrx_word' id='word_1_196' title='bbox 1275 4103 1358 4162; x_wconf 89' lang='lat' dir='ltr'><strong>tanto</strong></span> 
     </span>
     <span class='ocr_line' id='line_1_26' title="bbox 159 4205 1357 4287; baseline -0.002 -16"><span class='ocrx_word' id='word_1_197' title='bbox 159 4208 399 4271; x_wconf 87' lang='lat' dir='ltr'><strong>vehemcncioris</strong></span> <span class='ocrx_word' id='word_1_198' title='bbox 428 4227 553 4271; x_wconf 89' lang='lat' dir='ltr'><strong>causam</strong></span> <span class='ocrx_word' id='word_1_199' title='bbox 581 4205 766 4269; x_wconf 88' lang='lat' dir='ltr'><strong>turbacionis</strong></span> <span class='ocrx_word' id='word_1_200' title='bbox 793 4207 1028 4287; x_wconf 88' lang='lat' dir='ltr'><strong>assumpsimus,</strong></span> <span class='ocrx_word' id='word_1_201' title='bbox 1056 4209 1167 4287; x_wconf 88' lang='lat' dir='ltr'><strong>quanto</strong></span> <span class='ocrx_word' id='word_1_202' title='bbox 1189 4224 1357 4286; x_wconf 69' lang='lat' dir='ltr'><strong>‚personam</strong></span> 
     </span>
     <span class='ocr_line' id='line_1_27' title="bbox 160 4301 1355 4397; baseline 0 -18"><span class='ocrx_word' id='word_1_203' title='bbox 160 4322 294 4380; x_wconf 87' lang='lat' dir='ltr'><strong>vestram</strong></span> <span class='ocrx_word' id='word_1_204' title='bbox 315 4335 369 4397; x_wconf 88' lang='lat' dir='ltr'><strong>pre</strong></span> <span class='ocrx_word' id='word_1_205' title='bbox 393 4315 503 4377; x_wconf 88' lang='lat' dir='ltr'><strong>ceteris</strong></span> <span class='ocrx_word' id='word_1_206' title='bbox 526 4301 651 4394; x_wconf 88' lang='lat' dir='ltr'><strong>regibus</strong></span> <span class='ocrx_word' id='word_1_207' title='bbox 676 4318 706 4375; x_wconf 91' lang='lat' dir='ltr'><strong>et</strong></span> <span class='ocrx_word' id='word_1_208' title='bbox 728 4313 831 4374; x_wconf 89' lang='lat' dir='ltr'><strong>mundi</strong></span> <span class='ocrx_word' id='word_1_209' title='bbox 846 4312 1034 4394; x_wconf 89' lang='lat' dir='ltr'><strong>principibus</strong></span> <span class='ocrx_word' id='word_1_210' title='bbox 1050 4312 1210 4376; x_wconf 89' lang='lat' dir='ltr'><strong>sinceriori</strong></span> <span class='ocrx_word' id='word_1_211' title='bbox 1225 4311 1355 4379; x_wconf 86' lang='lat' dir='ltr'><strong>karitate</strong></span> 
     </span>
     <span class='ocr_line' id='line_1_28' title="bbox 159 4419 1357 4506; baseline -0.002 -19"><span class='ocrx_word' id='word_1_212' title='bbox 159 4423 405 4506; x_wconf 84' lang='lat' dir='ltr'><strong>complectimur,</strong></span> <span class='ocrx_word' id='word_1_213' title='bbox 433 4427 463 4484; x_wconf 89' lang='lat' dir='ltr'><strong>ct</strong></span> <span class='ocrx_word' id='word_1_214' title='bbox 486 4426 596 4503; x_wconf 86' lang='lat' dir='ltr'><strong>quanto</strong></span> <span class='ocrx_word' id='word_1_215' title='bbox 616 4439 672 4502; x_wconf 91' lang='lat' dir='ltr'><strong>per</strong></span> <span class='ocrx_word' id='word_1_216' title='bbox 694 4419 724 4481; x_wconf 93' lang='lat' dir='ltr'><strong>id</strong></span> <span class='ocrx_word' id='word_1_217' title='bbox 746 4420 905 4483; x_wconf 88' lang='lat' dir='ltr'><strong>multorum</strong></span> <span class='ocrx_word' id='word_1_218' title='bbox 926 4419 1083 4483; x_wconf 86' lang='lat' dir='ltr'><strong>vobiscum</strong></span> <span class='ocrx_word' id='word_1_219' title='bbox 1100 4419 1357 4485; x_wconf 75' lang='lat' dir='ltr'><strong>constituebam</strong></span> 
     </span>
     <span class='ocr_line' id='line_1_29' title="bbox 160 4526 1357 4611; baseline -0.001 -17"><span class='ocrx_word' id='word_1_220' title='bbox 160 4531 335 4599; x_wconf 87' lang='lat' dir='ltr'><strong>intencioni,</strong></span> <span class='ocrx_word' id='word_1_221' title='bbox 349 4548 496 4610; x_wconf 89' lang='lat' dir='ltr'><strong>suspenso</strong></span> <span class='ocrx_word' id='word_1_222' title='bbox 515 4534 595 4591; x_wconf 89' lang='lat' dir='ltr'><strong>terre</strong></span> <span class='ocrx_word' id='word_1_223' title='bbox 609 4533 714 4591; x_wconf 89' lang='lat' dir='ltr'><strong>sancte</strong></span> <span class='ocrx_word' id='word_1_224' title='bbox 727 4526 864 4596; x_wconf 90' lang='lat' dir='ltr'><strong>dissidio,</strong></span> <span class='ocrx_word' id='word_1_225' title='bbox 878 4546 936 4609; x_wconf 87' lang='lat' dir='ltr'><strong>que</strong></span> <span class='ocrx_word' id='word_1_226' title='bbox 947 4526 1126 4590; x_wconf 89' lang='lat' dir='ltr'><strong>Gallicarum</strong></span> <span class='ocrx_word' id='word_1_227' title='bbox 1134 4529 1285 4611; x_wconf 82' lang='lat' dir='ltr'><strong>b)viriun1</strong></span> <span class='ocrx_word' id='word_1_228' title='bbox 1296 4536 1357 4593; x_wconf 87' lang='lat' dir='ltr'><strong>tarn</strong></span> 
     </span>
    </p>
   </div>
   <div class='ocr_carea' id='block_1_7' title="bbox 250 4651 1048 4725">
    <p class='ocr_par' dir='ltr' id='par_1_7' title="bbox 250 4651 1048 4725">
     <span class='ocr_line' id='line_1_30' title="bbox 250 4651 1048 4725; baseline -0.006 -16"><span class='ocrx_word' id='word_1_229' title='bbox 250 4659 284 4725; x_wconf 85' lang='lat' dir='ltr'><strong>a)</strong></span> <span class='ocrx_word' id='word_1_230' title='bbox 300 4657 403 4711; x_wconf 78' lang='lat' dir='ltr'><strong>diversa</strong></span> <span class='ocrx_word' id='word_1_231' title='bbox 417 4672 541 4710; x_wconf 83' lang='lat' dir='ltr'><strong>curarum</strong></span> <span class='ocrx_word' id='word_1_232' title='bbox 556 4653 628 4708; x_wconf 83' lang='lat' dir='ltr'><strong>Patr.</strong></span> <span class='ocrx_word' id='word_1_233' title='bbox 643 4652 668 4705; x_wconf 93' lang='lat' dir='ltr'><strong>d.</strong></span> <span class='ocrx_word' id='word_1_234' title='bbox 683 4651 741 4705; x_wconf 80' lang='lat' dir='ltr'><strong>vin.</strong></span> <span class='ocrx_word' id='word_1_235' title='bbox 754 4682 790 4693; x_wconf 90' lang='lat'><strong>-—</strong></span> <span class='ocrx_word' id='word_1_236' title='bbox 803 4653 836 4721; x_wconf 85' lang='lat' dir='ltr'><strong>b)</strong></span> <span class='ocrx_word' id='word_1_237' title='bbox 851 4652 1006 4705; x_wconf 86' lang='lat' dir='ltr'><strong>callicarum</strong></span> <span class='ocrx_word' id='word_1_238' title='bbox 1020 4653 1048 4707; x_wconf 90' lang='lat' dir='ltr'><strong>V.</strong></span> 
     </span>
    </p>
   </div>
   <div class='ocr_carea' id='block_1_8' title="bbox 0 0 1610 5392">
    <p class='ocr_par' dir='ltr' id='par_1_8' title="bbox 0 0 1610 5392">
     <span class='ocr_line' id='line_1_31' title="bbox 0 0 1610 5392; baseline 0 1"><span class='ocrx_word' id='word_1_239' title='bbox 0 0 1610 5392; x_wconf 95' lang='lat' dir='ltr'><strong> </strong></span> 
     </span>
    </p>
   </div>
  </div>
 </body>
</html>
