3209 5392
225 459 303 529 212

224 628 284 692 lide
313 635 343 692 et
371 627 508 692 serviciis
536 625 648 690 nostris
677 626 796 689 solliciti
824 646 907 689 mure
936 626 1024 689 solito
1055 626 1215 708 vigilantes
1244 628 1282 712 α)
1311 633 1416 690 contra

222 736 353 799 rebelles
380 740 501 800 nostros
523 754 577 796 vos
605 738 746 815 potenter
762 737 793 796 et
808 732 935 795 viriliter
961 736 1118 816 opponatis
1141 740 1175 798 ut
1196 733 1255 797 fine
1272 733 1419 824 laudabili

223 844 386 907 comitante
403 842 594 925 principium,
610 846 713 904 nostre
731 840 903 904 serenitatis
921 840 1074 904 dexteram
1091 840 1130 904 ad
1146 846 1248 904 vestre
1264 843 1417 922 generali-

222 951 293 1015 tatis
316 956 347 1013 et
368 949 565 1032 specialitatis
592 953 786 1030 argumenta,
816 949 902 1030 quasi
923 968 979 1030 per
1001 948 1136 1013 debiturn
1163 949 1315 1030 obligetis.
1350 950 1413 1012 Nos

222 1058 302 1121 enim
318 1058 362 1119 sic
379 1058 438 1120 alta
454 1062 553 1118 mente
570 1061 601 1119 et
617 1055 685 1117 altis
701 1054 957 1118 retribucionibus
973 1054 1063 1119 iidem
1080 1061 1212 1119 vestram
1229 1039 1422 1137 disponimus¹

223 1184 432 1246 compensare,
449 1168 482 1226 ut
498 1162 609 1226 nostris
625 1182 839 1243 perseverasse
856 1163 992 1226 serviciis
1009 1163 1116 1228 merito
1133 1162 1301 1245 gaudeatis.

317 1360 474 1428 Erginrung
487 1375 535 1412 aus
556 1356 731 1411 until-urta.
745 1357 775 1420 V,
789 1357 852 1410 632.
874 1356 1028 1412 liridericus
1042 1360 1094 1412 etc.
1117 1358 1300 1428 Fulginatibus
1314 1362 1367 1412 etc.
1382 1386 1418 1398 -

224 1450 254 1516 α)
267 1447 305 1502 sic
319 1449 354 1502 sd
365 1450 569 1518 requisicionem
586 1447 718 1501 Tbomaeii
729 1448 764 1499 de
776 1447 889 1517 Aquino,
909 1446 1039 1518 capitanei
1058 1448 1143 1502 nostri
1159 1448 1277 1518 ipsarum
1290 1451 1413 1517 partium,

222 1538 312 1593 dilecti
325 1538 417 1608 generi
430 1541 511 1608 atque
524 1537 613 1592 fldalis
631 1536 729 1597 nostri,
753 1552 832 1605 quam
852 1537 886 1589 ad
899 1554 948 1591 vos
960 1540 1084 1606 tanquam
1097 1537 1279 1607 imaginarium
1298 1554 1414 1607 persone

224 1633 315 1683 nostre
328 1627 530 1683 transmittimus
543 1631 572 1681 et
584 1627 709 1680 continuo
722 1624 843 1679 volumus
858 1627 1023 1681 commorari.

314 1716 471 1788 Vergleicbe
484 1717 627 1770 desselben
640 1711 873 1768 bristoudwilh.
887 1715 915 1769 a.
929 1716 965 1768 zt
980 1715 1033 1768 und
1043 1714 1110 1770 Cod.
1123 1717 1217 1770 Philol.
1233 1714 1296 1777 383,
1310 1716 1354 1768 iol.
1370 1715 1418 1768 43.

796 2028 833 2099 8·
884 2019 889 2028 .

638 2241 805 2322 inperator
828 2241 859 2304 il.
885 2242 1008 2304 civitati.

223 2437 273 2491 ma
286 2437 382 2491 nocer
400 2434 497 2489 drdckt
514 2433 590 2488 einer
608 2431 694 2488 darei
710 2434 794 2488 Trruc
806 2431 956 2488 duodbrtcn
969 2434 1049 2488 Sindi
1060 2432 1153 2488 scinco
1164 2434 1244 2488 Dante
1256 2430 1342 2505 dufsir
1355 2451 1417 2500 uus,
1526 2482 1530 2487 .

373 2526 438 2578 duas
451 2522 492 2577 sie
504 2541 539 2577 aa
552 2523 604 2577 den
616 2524 745 2577 Mordere
756 2522 847 2577 sunu
862 2523 994 2577 iletreucn
1006 2522 1096 2578 Rosiae
1107 2541 1267 2597 yenoormea.

312 2704 467 2768 lateralia
485 2704 658 2767 devocionis
675 2702 822 2786 insignia,
851 2703 959 2787 quibus
978 2724 1051 2785 erga
1067 2704 1278 2786 progenitores
1295 2708 1416 2766 nostros

227 2820 258 2878 et
289 2834 344 2876 nos
375 2814 524 2876 hactenus
555 2812 755 2894 probabiliter
790 2812 959 2884 obruistis,
996 2812 1068 2875 illud
1106 2813 1278 2894 specialiter
1307 2810 1420 2876 nostris

223 2921 343 2985 adhesit
374 2920 534 2984 affectibus
566 2927 597 2983 et
628 2920 702 2983 satis
739 2919 984 2983 memorabilibus
1021 2920 1134 2984 nostris
1172 2919 1340 3002 precordiis
1372 2923 1420 2980 est
1509 2929 1515 2934 ’

221 3030 408 3112 inpressum,
437 3028 517 3111 quod
532 3029 612 3091 sicut
627 3048 724 3110 nuper
738 3028 873 3090 veridica
895 3029 1049 3091 relacione
1073 3029 1264 3110 accepimus,
1294 3045 1417 3091 excres-

225 3144 313 3201 cente
336 3139 455 3200 fervore
476 3135 558 3208 fidei,
582 3156 671 3219 quam
692 3134 723 3198 in
744 3136 830 3199 vobis
852 3136 918 3217 ipsa
941 3136 1077 3199 fundavit
1098 3142 1195 3199 mater
1210 3134 1373 3218 antiquitas
1391 3138 1422 3197 et

225 3251 312 3327 grata
339 3244 457 3308 novitas
485 3243 641 3316 solidavit,
669 3264 707 3305 ne
736 3243 773 3305 de
801 3248 898 3306 morte
914 3244 970 3315 N.‚
1000 3244 1039 3330 α)
1068 3243 1170 3312 dilecti
1198 3243 1294 3306 nostri
1310 3241 1420 3314 fidelis,

224 3352 346 3415 honoris
359 3353 454 3414 nostri
466 3352 596 3433 fastigiis
609 3351 716 3433 rubigo
728 3357 899 3416 remaneret
912 3350 1018 3415 iniurie
1026 3352 1078 3438 β),
1092 3372 1145 3414 seu
1157 3350 1289 3436 vobisg)
1297 3349 1420 3413 infamio

224 3460 332 3523 nebula
361 3459 395 3544 δ)
419 3463 612 3540 superesset,
641 3458 680 3520 ad
709 3459 883 3521 sumendam
913 3460 950 3521 de
981 3460 1117 3522 eiusdem
1143 3458 1294 3521 karissimi
1323 3456 1419 3520 nostri

224 3567 470 3633 interfectoribus
495 3566 660 3639 ulcionem,
690 3566 814 3629 devocio
837 3573 938 3630 vestra
961 3587 1020 3630 non
1041 3568 1138 3631 minus
1161 3566 1307 3629 audacter
1329 3586 1419 3649 quam

224 3677 344 3741 sortiter
370 3672 579 3737 assurrexerit.
611 3674 656 3736 Er
684 3692 741 3757 quo
770 3674 953 3736 sinceritatis
974 3680 1082 3737 *vestre
1110 3673 1262 3745 affectum,
1291 3672 1362 3735 dum
1389 3672 1421 3734 in

226 3784 326 3866 operis
354 3781 543 3844 exhibicione
577 3779 744 3863 comparuit
765 3780 796 3866 ε)
821 3783 1072 3845 commendamus.
1105 3782 1144 3846 Et
1171 3781 1205 3867 ζ)
1234 3780 1375 3863 quoniam
1403 3801 1421 3843 a

225 3894 310 3954 recto
325 3888 396 3952 fidei
412 3888 542 3959 tramite,
559 3907 648 3969 aquo
662 3885 764 3950 fideles
782 3909 842 3951 non
859 3887 990 3960 deviant,
1006 3890 1037 3952 in
1048 3888 1106 3951 hiis
1121 3893 1151 3951 et
1166 3889 1197 3950 in
1214 3888 1290 3959 aliis,
1308 3887 1422 3951 caden-

227 3999 308 4063 tibus
324 3997 390 4060 aliis
402 3996 511 4059 vestris
525 3996 711 4069 concivibus,
728 4017 787 4059 non
801 3998 962 4061 oberrasse
975 4018 1029 4061 vos
1043 3998 1166 4072 scimus,
1184 4000 1249 4071 sed,
1266 4003 1421 4080 assumpto

227 4104 402 4170 constancie
430 4123 484 4165 seu
511 4091 695 4166 fortitudinis
725 4105 851 4186 spiritu,
880 4105 924 4168 sie
943 4125 1016 4187 erga
1044 4127 1100 4168 nos
1128 4106 1295 4170 immobiles
1311 4106 1423 4188 persti-

227 4213 324 4285 tistis,
352 4210 433 4296 quod
460 4211 567 4273 nullius
597 4213 780 4294 emergentis
810 4218 935 4277 eventus
963 4214 1131 4278 adversitas
1160 4222 1303 4278 constans
1331 4214 1422 4277 animi

227 4321 321 4386 vestri
342 4321 528 4403 propositum
550 4340 680 4403 unquam
708 4323 805 4402 potuit
832 4320 1005 4386 immutare:
1034 4343 1126 4405 super
1153 4344 1212 4407 quo
1240 4345 1294 4387 vos
1322 4323 1422 4406 dignis

227 4428 367 4492 laudibus
398 4421 659 4498 commendantes,
696 4432 800 4491 nostra
836 4429 962 4510 proinde
1000 4429 1170 4511 gratificata
1207 4430 1350 4493 maiestas
1384 4430 1423 4491 ad

144 4586 146 4590 ,
227 4536 321 4600 vestri
347 4534 459 4596 favoris
486 4532 724 4598 benivolenciam
757 4555 812 4598 nos
834 4536 956 4610 invitat,
996 4543 1029 4602 ut
1051 4538 1077 4601 si
1104 4557 1235 4620 unquam
1263 4537 1423 4601 retroactis

228 4639 415 4723 temporibus
436 4638 467 4701 in
489 4640 599 4702 nostris
623 4641 893 4720 predecessoribus
917 4644 1015 4723 gratie
1037 4645 1253 4726 plenitudinem
1269 4641 1423 4707 invenisse
