3209 5392
207 470 286 544 ool

206 646 298 727 igitur
327 647 422 708 omnis
450 647 575 710 materia
598 647 799 711 discensionis
824 652 855 710 et
877 643 1029 718 scandali,
1058 665 1111 708 seu
1141 644 1237 708 eciam
1266 646 1407 709 rancoris

84 771 196 815 susos.
208 755 327 818 occasio
355 755 434 818 inter
460 756 557 838 ipsam
585 757 746 819 ecclesiam
769 762 799 819 et
820 755 978 837 imperium
1006 754 1199 825 auferantur,
1230 753 1323 817 ethii
1347 754 1409 818 duo
1502 754 1507 763 ’

205 863 308 943 gladii,
324 864 354 925 in
371 862 458 925 domo
476 863 594 926 Domini
618 865 773 928 constituti
791 884 828 926 ac
851 862 953 926 debito
978 862 1083 924 ledere
1108 862 1251 943 copulati.
1269 883 1303 925 se
1319 863 1405 943 ipsos

205 980 365 1034 exerceant
381 973 410 1034 in
428 972 528 1035 utilem
544 974 795 1037 rel'ormacionem
813 971 969 1055 regiminis
987 971 1131 1043 universi,
1154 977 1185 1033 et
1210 991 1264 1033 nos
1282 973 1313 1035 in
1329 978 1402 1035 actu

203 1081 365 1143 voluntatis
383 1085 420 1142 et·
429 1081 531 1162 operis
548 1080 735 1144 inveniamur
757 1080 809 1143 lilii
833 1079 1009 1144 devocionis
1034 1085 1064 1142 et
1081 1080 1178 1160 pacis,
1197 1079 1247 1160 qui
1265 1085 1404 1143 tenemur

202 1188 430 1249 tamecclesiam
439 1207 527 1269 quam
541 1188 883 1270 imperiumcoolovere:
897 1186 1027 1271 quitquit
1039 1207 1094 1268 per
1107 1185 1259 1249 dominum
1269 1192 1404 1249 nostrum

203 1293 406 1376 lludolpbum‚
440 1295 496 1357 Dei
523 1296 627 1377 gracia
653 1297 853 1359 Romanorum
880 1313 985 1377 regem
1014 1300 1045 1356 et
1073 1312 1194 1375 semper
1227 1299 1400 1376 augustum,

203 1402 394 1464 sanctissimo
406 1402 483 1483 patri
496 1410 526 1464 et
539 1403 657 1465 domino
671 1409 774 1466 nostro
782 1404 838 1485 Ny.
854 1402 897 1488 α)
905 1422 982 1485 pape
998 1401 1093 1464 tercio
1102 1402 1229 1484 eiusque
1238 1421 1402 1465 successo·

202 1511 286 1574 ribus
303 1519 334 1572 et
350 1510 408 1591 ipsi
417 1512 548 1573 Romane
566 1512 695 1574 ecclesie
712 1512 915 1591 recognitum,
929 1508 1148 1579 confirmatum,
1168 1509 1346 1573 ratificatum
1365 1512 1406 1597 α)

204 1640 258 1681 seu
282 1619 454 1682 innovatum
482 1619 588 1683 luerit:
619 1639 672 1682 nos
696 1620 790 1682 nostri
814 1619 931 1681 nominc
955 1616 1143 1700 principatus
1167 1618 1197 1680 in
1214 1617 1351 1681 omnibus
1370 1626 1404 1681 et

204 1751 259 1811 per
275 1730 373 1792 omnia
390 1728 601 1812 approbamus,
618 1730 801 1795 ratificamus
819 1750 855 1793 ac
874 1729 991 1793 eisdem
1011 1727 1148 1790 omnibus
1173 1732 1203 1789 et
1219 1728 1344 1809 singulis
1370 1738 1401 1792 et

205 1837 434 1934 quibuscunque
463 1838 528 1901 aliis
557 1842 649 1920 super
672 1839 787 1903 eisdem
811 1859 866 1919 per
888 1838 1017 1900 eundem
1045 1855 1151 1915 regem
1179 1837 1406 1918 quomodolibet

204 1948 292 2011 lectis
310 1967 365 2010 seu
381 1947 412 2009 io
428 1951 582 2029 posterum
599 1947 765 2018 iaciendis,
794 1946 975 2009 voluntatem
994 1949 1144 2016 nostram,
1168 1964 1348 2008 consensum
1374 1956 1406 2008 et

205 2074 361 2118 assensum
378 2055 569 2118 concorditer
585 2062 615 2117 et
632 2055 811 2119 unanimiter
827 2053 1021 2120 exhibemus,
1046 2057 1077 2113 et
1091 2053 1302 2134 promittimus,
1321 2053 1399 2136 quod

205 2169 308 2226 contra
341 2163 488 2245 premissa
519 2183 573 2225 seu
612 2164 711 2246 aliqua
742 2153 957 2246 premissorum
991 2160 1070 2224 nullo
1104 2180 1235 2245 unquam
1266 2167 1401 2245 tempore

204 2272 370 2343 veniemus,
386 2272 442 2334 sed
459 2291 494 2334 ea
511 2273 609 2335 omnia
626 2278 657 2336 et
672 2273 792 2354 singula
808 2272 889 2335 iuxta
904 2290 996 2353 posse
1019 2277 1154 2333 nostrum
1170 2270 1399 2353 procurabimus

204 2380 417 2449 inviolabiliter
450 2379 614 2443 observari.
658 2382 698 2444 Et
730 2386 761 2444 ut
791 2380 851 2442 beo
883 2384 986 2442 nostra
1017 2379 1173 2449 voluntas,
1206 2380 1399 2461 approbacio,

204 2488 386 2561 ratificacio,
414 2507 558 2551 assensus
587 2494 618 2552 et
639 2508 807 2552 consensus
831 2493 920 2571 atque
942 2485 1102 2569 promissio
1126 2506 1144 2548 a
1167 2486 1253 2549 nobis
1282 2487 1394 2550 eisdem

205 2598 347 2663 Romanis
378 2596 572 2680 pontificibus
606 2604 637 2660 et
668 2599 799 2661 ecclesie
833 2598 864 2660 in
895 2601 1076 2678 perpetuum
1109 2597 1305 2668 observetur,
1343 2597 1400 2660 hoc

205 2728 332 2791 presens
355 2707 499 2790 seriptum
522 2707 592 2770 iude
620 2707 685 2771 lieri
707 2708 835 2771 fecimus
858 2713 1031 2772 nostrorum
1053 2707 1220 2788 sigillorum
1243 2707 1401 2771 munimine

204 2816 379 2880 roboratum
397 2816 447 2903 β).

296 2981 332 3048 d)
353 2978 472 3050 Nycolso
486 2979 517 3031 Ζ.

297 3072 454 3140 Erganzuog
475 3088 523 3124 aus
545 3072 615 3124 ldon.
637 3071 726 3126 Germ.
750 3073 775 3134 l,
799 3071 862 3124 422.
882 3072 915 3143 α)
936 3071 1096 3133 innovatum,
1119 3070 1152 3124 de
1176 3087 1242 3125 novo
1266 3071 1399 3131 donatum,

206 3165 379 3222 declaratum,
398 3163 453 3215 sive
473 3179 639 3223 eoncessum,
663 3163 785 3222 iuratum,
803 3167 832 3217 et
850 3165 938 3216 actum
960 3179 1007 3217 seu
1025 3163 1125 3217 lactum
1140 3166 1182 3215 ost
1193 3178 1242 3230 per
1255 3162 1402 3233 privilegis,

207 3256 246 3309 rel
269 3270 431 3325 quecunque
454 3254 504 3307 ulia
528 3254 628 3324 scripta
662 3269 881 3323 quorumcunque
907 3258 1028 3307 tenorum
1055 3269 1136 3323 super
1162 3251 1403 3321 rocogniciouibus,

205 3343 440 3405 ratificaciooibos,
472 3343 727 3414 approbacionibus,
760 3341 1001 3403 innoracionibus,
1025 3342 1287 3402 confirmacionibus,
1319 3344 1402 3397 dona·

206 3435 336 3495 cionibus,
361 3432 584 3495 concessionibus,
608 3439 634 3486 et
657 3433 737 3489 tactis
763 3448 813 3486 seu
838 3433 932 3503 pestis,
955 3439 1006 3487 lam
1031 3434 1143 3487 eliorum
1166 3434 1352 3503 imperatorum
1376 3440 1402 3487 et

205 3544 297 3595 regum
315 3525 501 3586 Romanorum,
520 3523 744 3593 predecessorum
769 3525 843 3595 regis
869 3524 1001 3585 eiusdem,
1032 3542 1109 3593 quam
1140 3524 1224 3596 ipsius
1250 3526 1338 3595 regim
1372 3532 1399 3580 et

206 3616 360 3688 specialiter
384 3630 466 3685 super
497 3614 644 3676 fidelitate,
677 3615 850 3675 obediencia,
883 3614 1089 3669 bonorificencia
1121 3616 1150 3667 et
1175 3616 1326 3670 reverencie
1352 3634 1402 3686 per

204 3710 337 3762 Romanos
357 3705 534 3774 imperatores
554 3708 582 3757 et
600 3722 682 3775 reges
702 3704 825 3759 Romanis
844 3704 1025 3776 pontificibus,
1044 3712 1072 3758 et
1091 3705 1143 3775 ipsi
1155 3705 1280 3767 ecclesie,
1299 3708 1401 3778 impen-

206 3798 314 3861 dendis;
334 3814 366 3849 sc
385 3794 613 3865 possessionibus,
634 3795 793 3859 bonoribus,
813 3799 841 3849 et
859 3794 958 3849 iuribus
980 3794 1103 3849 eiusdem
1124 3797 1254 3860 ecclosie;
1277 3801 1306 3850 ct
1318 3798 1403 3850 nomi·

205 3887 284 3943 natim
303 3902 385 3956 super
403 3889 460 3940 tola
482 3889 561 3947 terra,
584 3903 636 3957 que
659 3890 700 3939 est
725 3903 740 3938 a
762 3886 926 3939 Radicolano
950 3902 1034 3956 usque
1048 3885 1213 3957 Ceperaoum
1240 3893 1292 3940 etc.
1317 3886 1403 3959 (lolgt

206 3979 374 4045 Anfaahluog
387 3975 436 4029 der
450 3977 597 4030 bekannten
612 3976 712 4031 damula
726 3994 772 4030 zor
786 3975 885 4030 Kirebe
899 3976 1047 4045 gehdrigen
1062 3977 1191 4048 Gebiete)
1206 3977 1399 4046 pertinentibus

207 4087 254 4122 nos
273 4069 357 4122 nostri
377 4070 429 4120 etc.
452 4097 482 4105 —
502 4066 538 4137 β)
559 4066 651 4119 Actum
665 4068 759 4120 eldat
780 4083 847 4119 anno
866 4066 942 4120 Dom.
963 4065 1043 4128 1279,
1062 4065 1207 4121 indictione
1226 4067 1251 4126 7,
1266 4069 1399 4137 regnante

207 4161 274 4213 dom.
290 4163 382 4213 nostro
397 4159 519 4230 predicto
533 4159 639 4213 domino
652 4160 683 4213 ll.
697 4160 873 4213 Romanorum
890 4174 958 4228 rege
976 4158 1105 4230 glorioso,
1123 4158 1200 4230 regni
1220 4158 1279 4213 eius
1294 4175 1361 4213 corso
1375 4158 1403 4213 6.
