<?xml version="1.0" encoding="UTF-8"?>
<!DOCTYPE html PUBLIC "-//W3C//DTD XHTML 1.0 Transitional//EN"
    "http://www.w3.org/TR/xhtml1/DTD/xhtml1-transitional.dtd">
<html xmlns="http://www.w3.org/1999/xhtml" xml:lang="en" lang="en">
 <head>
  <title>
</title>
<meta http-equiv="Content-Type" content="text/html;charset=utf-8" />
  <meta name='ocr-system' content='tesseract 3.04.00' />
  <meta name='ocr-capabilities' content='ocr_page ocr_carea ocr_par ocr_line ocrx_word'/>
</head>
<body>
  <div class='ocr_page' id='page_1' title='image "./fontesrerumaust00unkngoog_0307.png"; bbox 0 0 3209 5392; ppageno 0'>
   <div class='ocr_carea' id='block_1_1' title="bbox 803 905 874 1031">
    <p class='ocr_par' dir='ltr' id='par_1_1' title="bbox 803 905 874 1031">
     <span class='ocr_line' id='line_1_1' title="bbox 803 905 874 1031; baseline -0.028 0"><span class='ocrx_word' id='word_1_1' title='bbox 803 905 874 1031; x_wconf 26' lang='lat'><strong>¹68.</strong></span> 
     </span>
    </p>
   </div>
   <div class='ocr_carea' id='block_1_2' title="bbox 616 1135 1051 1218">
    <p class='ocr_par' dir='ltr' id='par_1_2' title="bbox 616 1135 1051 1218">
     <span class='ocr_line' id='line_1_2' title="bbox 616 1135 1051 1218; baseline -0.002 -20"><span class='ocrx_word' id='word_1_2' title='bbox 616 1135 812 1200; x_wconf 72' lang='lat' dir='ltr'>Romanorum</span> <span class='ocrx_word' id='word_1_3' title='bbox 829 1157 881 1200; x_wconf 78' lang='lat' dir='ltr'>rex</span> <span class='ocrx_word' id='word_1_4' title='bbox 899 1139 1051 1218; x_wconf 72' lang='lat' dir='ltr'>episcopo.</span> 
     </span>
    </p>
   </div>
   <div class='ocr_carea' id='block_1_3' title="bbox 799 1293 879 1347">
    <p class='ocr_par' dir='ltr' id='par_1_3' title="bbox 799 1293 879 1347">
     <span class='ocr_line' id='line_1_3' title="bbox 799 1293 879 1347; baseline 0.025 -2"><span class='ocrx_word' id='word_1_5' title='bbox 799 1293 879 1347; x_wconf 73' lang='lat'><strong>1275.</strong></span> 
     </span>
    </p>
   </div>
   <div class='ocr_carea' id='block_1_4' title="bbox 240 1435 1436 1689">
    <p class='ocr_par' dir='ltr' id='par_1_4' title="bbox 240 1435 1436 1689">
     <span class='ocr_line' id='line_1_4' title="bbox 240 1435 1434 1511; baseline 0.003 -19"><span class='ocrx_word' id='word_1_6' title='bbox 240 1438 328 1510; x_wconf 78' lang='lat' dir='ltr'>Kdniq</span> <span class='ocrx_word' id='word_1_7' title='bbox 340 1439 444 1509; x_wconf 74' lang='lat' dir='ltr'>Badais</span> <span class='ocrx_word' id='word_1_8' title='bbox 458 1438 606 1509; x_wconf 69' lang='lat' dir='ltr'>oereprieoe</span> <span class='ocrx_word' id='word_1_9' title='bbox 622 1440 680 1493; x_wconf 84' lang='lat' dir='ltr'>dem</span> <span class='ocrx_word' id='word_1_10' title='bbox 696 1437 852 1509; x_wconf 55' lang='lat' dir='ltr'>Mimakes</span> <span class='ocrx_word' id='word_1_11' title='bbox 862 1438 1002 1510; x_wconf 75' lang='lat' dir='ltr'>Friedrich</span> <span class='ocrx_word' id='word_1_12' title='bbox 1016 1457 1064 1496; x_wconf 82' lang='lat' dir='ltr'>von</span> <span class='ocrx_word' id='word_1_13' title='bbox 1078 1435 1218 1511; x_wconf 76' lang='lat' dir='ltr'>Sulzburp,</span> <span class='ocrx_word' id='word_1_14' title='bbox 1232 1459 1307 1497; x_wconf 77' lang='lat' dir='ltr'>menn</span> <span class='ocrx_word' id='word_1_15' title='bbox 1328 1460 1358 1496; x_wconf 84' lang='lat' dir='ltr'>er</span> <span class='ocrx_word' id='word_1_16' title='bbox 1376 1458 1434 1496; x_wconf 84' lang='lat' dir='ltr'>vom</span> 
     </span>
     <span class='ocr_line' id='line_1_5' title="bbox 240 1527 1436 1602; baseline 0.003 -21"><span class='ocrx_word' id='word_1_17' title='bbox 240 1528 342 1600; x_wconf 72' lang='lat' dir='ltr'>Kdnige</span> <span class='ocrx_word' id='word_1_18' title='bbox 358 1529 460 1582; x_wconf 78' lang='lat' dir='ltr'>Otobor</span> <span class='ocrx_word' id='word_1_19' title='bbox 480 1545 528 1582; x_wconf 83' lang='lat' dir='ltr'>von</span> <span class='ocrx_word' id='word_1_20' title='bbox 547 1527 666 1583; x_wconf 81' lang='lat' dir='ltr'>Bdbmcu</span> <span class='ocrx_word' id='word_1_21' title='bbox 684 1529 850 1601; x_wconf 74' lang='lat' dir='ltr'>anqegriffen</span> <span class='ocrx_word' id='word_1_22' title='bbox 866 1532 975 1585; x_wconf 79' lang='lat' dir='ltr'><em>werden</em></span> <span class='ocrx_word' id='word_1_23' title='bbox 992 1532 1082 1593; x_wconf 77' lang='lat' dir='ltr'>sollte,</span> <span class='ocrx_word' id='word_1_24' title='bbox 1105 1529 1259 1602; x_wconf 74' lang='lat' dir='ltr'>aebleuniqe</span> <span class='ocrx_word' id='word_1_25' title='bbox 1275 1534 1332 1586; x_wconf 83' lang='lat' dir='ltr'>und</span> <span class='ocrx_word' id='word_1_26' title='bbox 1349 1531 1436 1592; x_wconf 75' lang='lat' dir='ltr'>nueb-</span> 
     </span>
     <span class='ocr_line' id='line_1_6' title="bbox 712 1618 963 1689; baseline 0 -16"><span class='ocrx_word' id='word_1_27' title='bbox 712 1618 871 1673; x_wconf 76' lang='lat' dir='ltr'>drdclclicbe</span> <span class='ocrx_word' id='word_1_28' title='bbox 883 1619 963 1689; x_wconf 78' lang='lat' dir='ltr'>Hilfe.</span> 
     </span>
    </p>
   </div>
   <div class='ocr_carea' id='block_1_5' title="bbox 336 1760 577 1823">
    <p class='ocr_par' dir='ltr' id='par_1_5' title="bbox 336 1760 577 1823">
     <span class='ocr_line' id='line_1_7' title="bbox 336 1760 577 1823; baseline 0.004 -9"><span class='ocrx_word' id='word_1_29' title='bbox 336 1761 445 1823; x_wconf 86' lang='lat' dir='ltr'>Stobbe,</span> <span class='ocrx_word' id='word_1_30' title='bbox 460 1778 502 1815; x_wconf 92' lang='lat' dir='ltr'>no.</span> <span class='ocrx_word' id='word_1_31' title='bbox 515 1760 577 1815; x_wconf 78' lang='lat'>251.</span> 
     </span>
    </p>
   </div>
   <div class='ocr_carea' id='block_1_6' title="bbox 238 1907 1437 2850">
    <p class='ocr_par' dir='ltr' id='par_1_6' title="bbox 238 1907 1437 2850">
     <span class='ocr_line' id='line_1_8' title="bbox 329 1907 1435 1994; baseline 0.002 -27"><span class='ocrx_word' id='word_1_32' title='bbox 329 1907 485 1969; x_wconf 80' lang='lat' dir='ltr'>Horrenda</span> <span class='ocrx_word' id='word_1_33' title='bbox 512 1909 740 1994; x_wconf 86' lang='lat' dir='ltr'>persecucionis</span> <span class='ocrx_word' id='word_1_34' title='bbox 768 1909 954 1978; x_wconf 80' lang='lat' dir='ltr'>immanitas,</span> <span class='ocrx_word' id='word_1_35' title='bbox 982 1928 1070 1991; x_wconf 89' lang='lat' dir='ltr'>quam</span> <span class='ocrx_word' id='word_1_36' title='bbox 1096 1914 1129 1971; x_wconf 93' lang='lat' dir='ltr'>tu</span> <span class='ocrx_word' id='word_1_37' title='bbox 1158 1914 1188 1972; x_wconf 90' lang='lat' dir='ltr'>et</span> <span class='ocrx_word' id='word_1_38' title='bbox 1210 1909 1259 1970; x_wconf 88' lang='lat' dir='ltr'>alii</span> <span class='ocrx_word' id='word_1_39' title='bbox 1281 1908 1435 1989; x_wconf 89' lang='lat' dir='ltr'>principes</span> 
     </span>
     <span class='ocr_line' id='line_1_9' title="bbox 239 2014 1435 2097; baseline 0.001 -21"><span class='ocrx_word' id='word_1_40' title='bbox 239 2016 334 2077; x_wconf 79' lang='lat' dir='ltr'>nostri</span> <span class='ocrx_word' id='word_1_41' title='bbox 363 2020 394 2078; x_wconf 89' lang='lat' dir='ltr'>et</span> <span class='ocrx_word' id='word_1_42' title='bbox 421 2014 525 2078; x_wconf 80' lang='lat' dir='ltr'>fideles</span> <span class='ocrx_word' id='word_1_43' title='bbox 553 2035 608 2096; x_wconf 87' lang='lat' dir='ltr'>pro</span> <span class='ocrx_word' id='word_1_44' title='bbox 630 2036 705 2097; x_wconf 91' lang='lat' dir='ltr'>pure</span> <span class='ocrx_word' id='word_1_45' title='bbox 729 2016 799 2078; x_wconf 86' lang='lat' dir='ltr'>fidei</span> <span class='ocrx_word' id='word_1_46' title='bbox 822 2015 1019 2079; x_wconf 88' lang='lat' dir='ltr'>observancia</span> <span class='ocrx_word' id='word_1_47' title='bbox 1042 2016 1208 2079; x_wconf 87' lang='lat' dir='ltr'>ethonore</span> <span class='ocrx_word' id='word_1_48' title='bbox 1236 2016 1354 2096; x_wconf 89' lang='lat' dir='ltr'>imperii</span> <span class='ocrx_word' id='word_1_49' title='bbox 1378 2015 1435 2077; x_wconf 88' lang='lat' dir='ltr'>sub</span> 
     </span>
     <span class='ocr_line' id='line_1_10' title="bbox 239 2122 1437 2209; baseline 0 -25"><span class='ocrx_word' id='word_1_50' title='bbox 239 2123 373 2184; x_wconf 89' lang='lat' dir='ltr'>moderni</span> <span class='ocrx_word' id='word_1_51' title='bbox 404 2122 568 2189; x_wconf 80' lang='lat' dir='ltr'>Pharaonis</span> <span class='ocrx_word' id='word_1_52' title='bbox 600 2124 758 2208; x_wconf 76' lang='lat' dir='ltr'><strong>tyrannide</strong></span> <span class='ocrx_word' id='word_1_53' title='bbox 778 2123 805 2209; x_wconf 88' lang='lat'>¹)</span> <span class='ocrx_word' id='word_1_54' title='bbox 837 2123 920 2204; x_wconf 87' lang='lat' dir='ltr'>passi</span> <span class='ocrx_word' id='word_1_55' title='bbox 952 2124 1043 2193; x_wconf 92' lang='lat' dir='ltr'>estis,</span> <span class='ocrx_word' id='word_1_56' title='bbox 1083 2123 1174 2187; x_wconf 89' lang='lat' dir='ltr'>altius</span> <span class='ocrx_word' id='word_1_57' title='bbox 1206 2122 1308 2186; x_wconf 87' lang='lat' dir='ltr'>cordis</span> <span class='ocrx_word' id='word_1_58' title='bbox 1341 2123 1437 2185; x_wconf 83' lang='lat' dir='ltr'><strong>nostri</strong></span> 
     </span>
     <span class='ocr_line' id='line_1_11' title="bbox 238 2229 1436 2314; baseline -0.002 -21"><span class='ocrx_word' id='word_1_59' title='bbox 238 2232 366 2313; x_wconf 84' lang='lat' dir='ltr'>pupugit</span> <span class='ocrx_word' id='word_1_60' title='bbox 393 2230 496 2294; x_wconf 87' lang='lat' dir='ltr'>intima</span> <span class='ocrx_word' id='word_1_61' title='bbox 531 2237 561 2298; x_wconf 88' lang='lat' dir='ltr'>et</span> <span class='ocrx_word' id='word_1_62' title='bbox 592 2251 647 2294; x_wconf 92' lang='lat' dir='ltr'>nos</span> <span class='ocrx_word' id='word_1_63' title='bbox 679 2231 877 2295; x_wconf 76' lang='lat' dir='ltr'>amaritudine</span> <span class='ocrx_word' id='word_1_64' title='bbox 908 2231 997 2293; x_wconf 83' lang='lat' dir='ltr'>fellea</span> <span class='ocrx_word' id='word_1_65' title='bbox 1028 2231 1224 2313; x_wconf 77' lang='lat' dir='ltr'>perturbavit.</span> <span class='ocrx_word' id='word_1_66' title='bbox 1257 2233 1372 2296; x_wconf 84' lang='lat' dir='ltr'>Tantus</span> <span class='ocrx_word' id='word_1_67' title='bbox 1395 2229 1436 2314; x_wconf 85' lang='lat' dir='ltr'>a)</span> 
     </span>
     <span class='ocr_line' id='line_1_12' title="bbox 239 2337 1435 2416; baseline -0.002 -15"><span class='ocrx_word' id='word_1_68' title='bbox 239 2339 318 2401; x_wconf 91' lang='lat' dir='ltr'>enim</span> <span class='ocrx_word' id='word_1_69' title='bbox 340 2339 457 2409; x_wconf 81' lang='lat' dir='ltr'>fervor,</span> <span class='ocrx_word' id='word_1_70' title='bbox 486 2344 569 2403; x_wconf 87' lang='lat' dir='ltr'>tanta</span> <span class='ocrx_word' id='word_1_71' title='bbox 592 2359 647 2402; x_wconf 91' lang='lat' dir='ltr'>nos</span> <span class='ocrx_word' id='word_1_72' title='bbox 672 2358 744 2401; x_wconf 86' lang='lat' dir='ltr'>cura</span> <span class='ocrx_word' id='word_1_73' title='bbox 766 2339 908 2416; x_wconf 87' lang='lat' dir='ltr'>sollicitat</span> <span class='ocrx_word' id='word_1_74' title='bbox 932 2338 1042 2402; x_wconf 87' lang='lat' dir='ltr'>vestris</span> <span class='ocrx_word' id='word_1_75' title='bbox 1065 2338 1172 2401; x_wconf 86' lang='lat' dir='ltr'>votivis</span> <span class='ocrx_word' id='word_1_76' title='bbox 1194 2337 1435 2402; x_wconf 80' lang='lat' dir='ltr'>relevacionibus</span> 
     </span>
     <span class='ocr_line' id='line_1_13' title="bbox 239 2444 1434 2531; baseline -0.001 -23"><span class='ocrx_word' id='word_1_77' title='bbox 239 2444 432 2517; x_wconf 86' lang='lat' dir='ltr'>intendendi,</span> <span class='ocrx_word' id='word_1_78' title='bbox 455 2444 535 2527; x_wconf 88' lang='lat' dir='ltr'>quod</span> <span class='ocrx_word' id='word_1_79' title='bbox 552 2464 688 2528; x_wconf 88' lang='lat' dir='ltr'>quosque</span> <span class='ocrx_word' id='word_1_80' title='bbox 704 2445 826 2508; x_wconf 86' lang='lat' dir='ltr'>labores</span> <span class='ocrx_word' id='word_1_81' title='bbox 843 2451 874 2510; x_wconf 92' lang='lat' dir='ltr'>et</span> <span class='ocrx_word' id='word_1_82' title='bbox 888 2465 990 2509; x_wconf 88' lang='lat' dir='ltr'>rerum</span> <span class='ocrx_word' id='word_1_83' title='bbox 1007 2445 1163 2527; x_wconf 89' lang='lat' dir='ltr'>dispendia</span> <span class='ocrx_word' id='word_1_84' title='bbox 1179 2451 1303 2526; x_wconf 88' lang='lat' dir='ltr'>propter</span> <span class='ocrx_word' id='word_1_85' title='bbox 1318 2446 1377 2507; x_wconf 88' lang='lat' dir='ltr'>hoo</span> <span class='ocrx_word' id='word_1_86' title='bbox 1394 2445 1434 2531; x_wconf 82' lang='lat' dir='ltr'>b)</span> 
     </span>
     <span class='ocr_line' id='line_1_14' title="bbox 240 2552 1433 2636; baseline -0.003 -18"><span class='ocrx_word' id='word_1_87' title='bbox 240 2553 368 2636; x_wconf 83' lang='lat' dir='ltr'>aggredi</span> <span class='ocrx_word' id='word_1_88' title='bbox 391 2572 446 2618; x_wconf 88' lang='lat' dir='ltr'>nos</span> <span class='ocrx_word' id='word_1_89' title='bbox 468 2553 607 2618; x_wconf 85' lang='lat' dir='ltr'>delectet.</span> <span class='ocrx_word' id='word_1_90' title='bbox 642 2553 687 2615; x_wconf 89' lang='lat' dir='ltr'>Tu</span> <span class='ocrx_word' id='word_1_91' title='bbox 709 2554 804 2634; x_wconf 90' lang='lat' dir='ltr'>igitur</span> <span class='ocrx_word' id='word_1_92' title='bbox 825 2555 926 2634; x_wconf 91' lang='lat' dir='ltr'>cogita</span> <span class='ocrx_word' id='word_1_93' title='bbox 955 2560 985 2617; x_wconf 89' lang='lat' dir='ltr'>et</span> <span class='ocrx_word' id='word_1_94' title='bbox 1012 2554 1131 2617; x_wconf 84' lang='lat' dir='ltr'>revolve</span> <span class='ocrx_word' id='word_1_95' title='bbox 1149 2552 1346 2634; x_wconf 80' lang='lat' dir='ltr'>diligencius,</span> <span class='ocrx_word' id='word_1_96' title='bbox 1374 2572 1433 2635; x_wconf 91' lang='lat' dir='ltr'>quo</span> 
     </span>
     <span class='ocr_line' id='line_1_15' title="bbox 239 2658 1436 2743; baseline -0.004 -20"><span class='ocrx_word' id='word_1_97' title='bbox 239 2680 363 2724; x_wconf 86' lang='lat' dir='ltr'>numero</span> <span class='ocrx_word' id='word_1_98' title='bbox 391 2659 585 2732; x_wconf 86' lang='lat' dir='ltr'>bellatorum,</span> <span class='ocrx_word' id='word_1_99' title='bbox 618 2680 675 2743; x_wconf 91' lang='lat' dir='ltr'>quo</span> <span class='ocrx_word' id='word_1_100' title='bbox 705 2660 801 2724; x_wconf 88' lang='lat' dir='ltr'>eciam</span> <span class='ocrx_word' id='word_1_101' title='bbox 829 2666 964 2743; x_wconf 80' lang='lat' dir='ltr'>tempore</span> <span class='ocrx_word' id='word_1_102' title='bbox 992 2660 1029 2723; x_wconf 92' lang='lat' dir='ltr'>ad</span> <span class='ocrx_word' id='word_1_103' title='bbox 1057 2660 1307 2727; x_wconf 79' lang='lat' dir='ltr'>reformationem</span> <span class='ocrx_word' id='word_1_104' title='bbox 1339 2658 1436 2721; x_wconf 93' lang='lat' dir='ltr'>omni-</span> 
     </span>
     <span class='ocr_line' id='line_1_16' title="bbox 239 2765 1435 2850; baseline -0.003 -20"><span class='ocrx_word' id='word_1_105' title='bbox 239 2768 359 2830; x_wconf 84' lang='lat' dir='ltr'>modam</span> <span class='ocrx_word' id='word_1_106' title='bbox 376 2774 471 2832; x_wconf 86' lang='lat' dir='ltr'>status</span> <span class='ocrx_word' id='word_1_107' title='bbox 488 2768 532 2830; x_wconf 92' lang='lat' dir='ltr'>tui</span> <span class='ocrx_word' id='word_1_108' title='bbox 547 2767 602 2832; x_wconf 94' lang='lat' dir='ltr'>tibi</span> <span class='ocrx_word' id='word_1_109' title='bbox 620 2773 651 2833; x_wconf 91' lang='lat' dir='ltr'>et</span> <span class='ocrx_word' id='word_1_110' title='bbox 666 2767 732 2832; x_wconf 89' lang='lat' dir='ltr'>aliis</span> <span class='ocrx_word' id='word_1_111' title='bbox 749 2770 861 2837; x_wconf 65' lang='lat' dir='ltr'>„ostris</span> <span class='ocrx_word' id='word_1_112' title='bbox 877 2768 1016 2832; x_wconf 86' lang='lat' dir='ltr'>fidelibus</span> <span class='ocrx_word' id='word_1_113' title='bbox 1033 2768 1132 2832; x_wconf 79' lang='lat' dir='ltr'>valeat</span> <span class='ocrx_word' id='word_1_114' title='bbox 1160 2765 1330 2839; x_wconf 84' lang='lat' dir='ltr'>subveniri,</span> <span class='ocrx_word' id='word_1_115' title='bbox 1359 2786 1435 2850; x_wconf 91' lang='lat' dir='ltr'>quos</span> 
     </span>
    </p>
   </div>
   <div class='ocr_carea' id='block_1_7' title="bbox 240 2875 1548 2962">
    <p class='ocr_par' dir='ltr' id='par_1_7' title="bbox 240 2875 1548 2962">
     <span class='ocr_line' id='line_1_17' title="bbox 240 2875 1548 2962; baseline -0.003 -23"><span class='ocrx_word' id='word_1_116' title='bbox 240 2877 358 2962; x_wconf 86' lang='lat' dir='ltr'>quidem</span> <span class='ocrx_word' id='word_1_117' title='bbox 383 2876 414 2939; x_wconf 90' lang='lat' dir='ltr'>in</span> <span class='ocrx_word' id='word_1_118' title='bbox 435 2882 519 2939; x_wconf 91' lang='lat' dir='ltr'>tuum</span> <span class='ocrx_word' id='word_1_119' title='bbox 542 2882 573 2939; x_wconf 92' lang='lat' dir='ltr'>et</span> <span class='ocrx_word' id='word_1_120' title='bbox 597 2876 722 2938; x_wconf 86' lang='lat' dir='ltr'>aliorum</span> <span class='ocrx_word' id='word_1_121' title='bbox 745 2876 911 2940; x_wconf 86' lang='lat' dir='ltr'>subsidium</span> <span class='ocrx_word' id='word_1_122' title='bbox 937 2877 1042 2958; x_wconf 85' lang='lat' dir='ltr'>procui</span> <span class='ocrx_word' id='word_1_123' title='bbox 1072 2875 1162 2939; x_wconf 91' lang='lat' dir='ltr'>dubio</span> <span class='ocrx_word' id='word_1_124' title='bbox 1186 2875 1434 2940; x_wconf 87' lang='lat' dir='ltr'>transmittemus.</span> <span class='ocrx_word' id='word_1_125' title='bbox 1542 2935 1548 2945; x_wconf 79' lang='grc'><strong>,</strong></span> 
     </span>
    </p>
   </div>
   <div class='ocr_carea' id='block_1_8' title="bbox 238 2983 1498 3833">
    <p class='ocr_par' dir='ltr' id='par_1_8' title="bbox 238 2983 1498 3833">
     <span class='ocr_line' id='line_1_18' title="bbox 240 2983 1439 3069; baseline -0.003 -19"><span class='ocrx_word' id='word_1_126' title='bbox 240 2987 352 3053; x_wconf 89' lang='lat' dir='ltr'>Verum</span> <span class='ocrx_word' id='word_1_127' title='bbox 383 2985 409 3048; x_wconf 91' lang='lat' dir='ltr'>si</span> <span class='ocrx_word' id='word_1_128' title='bbox 436 3005 500 3054; x_wconf 80' lang='lat' dir='ltr'>rex</span> <span class='ocrx_word' id='word_1_129' title='bbox 531 2984 714 3053; x_wconf 88' lang='lat' dir='ltr'>Bobemie</span> <span class='ocrx_word' id='word_1_130' title='bbox 746 3004 801 3068; x_wconf 81' lang='lat' dir='ltr'>per</span> <span class='ocrx_word' id='word_1_131' title='bbox 829 2984 1033 3065; x_wconf 74' lang='lat' dir='ltr'>expeditionis</span> <span class='ocrx_word' id='word_1_132' title='bbox 1061 2983 1181 3069; x_wconf 90' lang='lat' dir='ltr'>publice</span> <span class='ocrx_word' id='word_1_133' title='bbox 1208 2983 1301 3046; x_wconf 94' lang='lat' dir='ltr'>robur</span> <span class='ocrx_word' id='word_1_134' title='bbox 1328 2984 1359 3044; x_wconf 91' lang='lat' dir='ltr'>in</span> <span class='ocrx_word' id='word_1_135' title='bbox 1386 2989 1439 3046; x_wconf 90' lang='lat' dir='ltr'>tua</span> 
     </span>
     <span class='ocr_line' id='line_1_19' title="bbox 242 3090 1438 3176; baseline -0.003 -19"><span class='ocrx_word' id='word_1_136' title='bbox 242 3093 400 3175; x_wconf 86' lang='lat' dir='ltr'>dispendia</span> <span class='ocrx_word' id='word_1_137' title='bbox 417 3094 624 3174; x_wconf 77' lang='lat' dir='ltr'>degrassatur,</span> <span class='ocrx_word' id='word_1_138' title='bbox 648 3112 713 3164; x_wconf 92' lang='lat' dir='ltr'>nos,</span> <span class='ocrx_word' id='word_1_139' title='bbox 737 3093 872 3176; x_wconf 81' lang='lat' dir='ltr'>relegato</span> <span class='ocrx_word' id='word_1_140' title='bbox 890 3091 1051 3160; x_wconf 88' lang='lat' dir='ltr'>cuiuslibet</span> <span class='ocrx_word' id='word_1_141' title='bbox 1067 3090 1251 3155; x_wconf 82' lang='lat' dir='ltr'>difficultatis</span> <span class='ocrx_word' id='word_1_142' title='bbox 1268 3091 1438 3161; x_wconf 89' lang='lat' dir='ltr'>obstaculo,</span> 
     </span>
     <span class='ocr_line' id='line_1_20' title="bbox 240 3200 1437 3284; baseline -0.004 -17"><span class='ocrx_word' id='word_1_143' title='bbox 240 3203 358 3267; x_wconf 86' lang='lat' dir='ltr'>Domini</span> <span class='ocrx_word' id='word_1_144' title='bbox 391 3202 573 3264; x_wconf 77' lang='lat' dir='ltr'>exercituum</span> <span class='ocrx_word' id='word_1_145' title='bbox 605 3200 758 3284; x_wconf 88' lang='lat' dir='ltr'>aspirante</span> <span class='ocrx_word' id='word_1_146' title='bbox 793 3200 913 3283; x_wconf 84' lang='lat' dir='ltr'>gracia,</span> <span class='ocrx_word' id='word_1_147' title='bbox 954 3220 1008 3263; x_wconf 90' lang='lat' dir='ltr'>sua</span> <span class='ocrx_word' id='word_1_148' title='bbox 1045 3220 1170 3281; x_wconf 89' lang='lat' dir='ltr'>prorsus</span> <span class='ocrx_word' id='word_1_149' title='bbox 1203 3200 1241 3283; x_wconf 85' lang='lat' dir='ltr'>c)</span> <span class='ocrx_word' id='word_1_150' title='bbox 1279 3200 1437 3263; x_wconf 85' lang='lat' dir='ltr'>conamina</span> 
     </span>
     <span class='ocr_line' id='line_1_21' title="bbox 241 3308 1437 3394; baseline -0.004 -19"><span class='ocrx_word' id='word_1_151' title='bbox 241 3311 445 3375; x_wconf 87' lang='lat' dir='ltr'>retundemus.</span> <span class='ocrx_word' id='word_1_152' title='bbox 480 3309 567 3389; x_wconf 81' lang='lat' dir='ltr'>Quod</span> <span class='ocrx_word' id='word_1_153' title='bbox 590 3308 631 3394; x_wconf 82' lang='lat' dir='ltr'>d)</span> <span class='ocrx_word' id='word_1_154' title='bbox 654 3309 680 3371; x_wconf 90' lang='lat' dir='ltr'>si</span> <span class='ocrx_word' id='word_1_155' title='bbox 702 3309 780 3371; x_wconf 85' lang='lat' dir='ltr'>sorte</span> <span class='ocrx_word' id='word_1_156' title='bbox 802 3308 990 3371; x_wconf 86' lang='lat' dir='ltr'>municiones</span> <span class='ocrx_word' id='word_1_157' title='bbox 1011 3315 1079 3372; x_wconf 89' lang='lat' dir='ltr'>tuas</span> <span class='ocrx_word' id='word_1_158' title='bbox 1103 3314 1139 3371; x_wconf 70' lang='lat' dir='ltr'>et·</span> <span class='ocrx_word' id='word_1_159' title='bbox 1157 3312 1257 3370; x_wconf 86' lang='lat' dir='ltr'>castra</span> <span class='ocrx_word' id='word_1_160' title='bbox 1280 3308 1437 3371; x_wconf 88' lang='lat' dir='ltr'>obsidione</span> 
     </span>
     <span class='ocr_line' id='line_1_22' title="bbox 243 3413 1434 3499; baseline -0.002 -19"><span class='ocrx_word' id='word_1_161' title='bbox 243 3415 345 3481; x_wconf 88' lang='lat' dir='ltr'>hostili</span> <span class='ocrx_word' id='word_1_162' title='bbox 361 3415 530 3486; x_wconf 80' lang='lat' dir='ltr'>vallaverit,</span> <span class='ocrx_word' id='word_1_163' title='bbox 558 3434 677 3477; x_wconf 92' lang='lat' dir='ltr'>manum</span> <span class='ocrx_word' id='word_1_164' title='bbox 693 3421 826 3478; x_wconf 90' lang='lat' dir='ltr'>nostram</span> <span class='ocrx_word' id='word_1_165' title='bbox 844 3434 990 3495; x_wconf 83' lang='lat' dir='ltr'>exurgere</span> <span class='ocrx_word' id='word_1_166' title='bbox 1013 3415 1132 3477; x_wconf 81' lang='lat' dir='ltr'>sancies</span> <span class='ocrx_word' id='word_1_167' title='bbox 1154 3413 1192 3499; x_wconf 82' lang='lat' dir='ltr'>e)</span> <span class='ocrx_word' id='word_1_168' title='bbox 1220 3415 1251 3477; x_wconf 92' lang='lat' dir='ltr'>in</span> <span class='ocrx_word' id='word_1_169' title='bbox 1264 3414 1303 3476; x_wconf 90' lang='lat' dir='ltr'>&#39;id</span> <span class='ocrx_word' id='word_1_170' title='bbox 1326 3415 1434 3496; x_wconf 92' lang='lat' dir='ltr'>ipsum.</span> 
     </span>
     <span class='ocr_line' id='line_1_23' title="bbox 243 3524 1435 3608; baseline -0.003 -17"><span class='ocrx_word' id='word_1_171' title='bbox 243 3529 289 3591; x_wconf 86' lang='lat' dir='ltr'>Tu</span> <span class='ocrx_word' id='word_1_172' title='bbox 317 3532 418 3593; x_wconf 89' lang='lat' dir='ltr'>tamen</span> <span class='ocrx_word' id='word_1_173' title='bbox 448 3525 537 3606; x_wconf 84' lang='lat' dir='ltr'>longe</span> <span class='ocrx_word' id='word_1_174' title='bbox 569 3525 655 3608; x_wconf 87' lang='lat' dir='ltr'>pulsa</span> <span class='ocrx_word' id='word_1_175' title='bbox 686 3524 863 3596; x_wconf 85' lang='lat' dir='ltr'>formidine,</span> <span class='ocrx_word' id='word_1_176' title='bbox 896 3524 1034 3605; x_wconf 88' lang='lat' dir='ltr'>spiritum</span> <span class='ocrx_word' id='word_1_177' title='bbox 1066 3524 1300 3586; x_wconf 76' lang='lat' dir='ltr'>confortacionis</span> <span class='ocrx_word' id='word_1_178' title='bbox 1333 3526 1435 3598; x_wconf 89' lang='lat' dir='ltr'>indue,</span> 
     </span>
     <span class='ocr_line' id='line_1_24' title="bbox 238 3613 1498 3720; baseline 0.002 -21"><span class='ocrx_word' id='word_1_179' title='bbox 238 3636 315 3720; x_wconf 83' lang='lat' dir='ltr'>.quia</span> <span class='ocrx_word' id='word_1_180' title='bbox 331 3634 362 3698; x_wconf 92' lang='lat' dir='ltr'>in</span> <span class='ocrx_word' id='word_1_181' title='bbox 378 3634 458 3696; x_wconf 91' lang='lat' dir='ltr'>omui</span> <span class='ocrx_word' id='word_1_182' title='bbox 475 3638 583 3696; x_wconf 78' lang='lat' dir='ltr'>eventu</span> <span class='ocrx_word' id='word_1_183' title='bbox 600 3632 654 3695; x_wconf 92' lang='lat' dir='ltr'>tibi</span> <span class='ocrx_word' id='word_1_184' title='bbox 671 3638 774 3695; x_wconf 88' lang='lat' dir='ltr'>nostre</span> <span class='ocrx_word' id='word_1_185' title='bbox 796 3631 993 3714; x_wconf 87' lang='lat' dir='ltr'>protectionis</span> <span class='ocrx_word' id='word_1_186' title='bbox 1011 3631 1215 3695; x_wconf 86' lang='lat' dir='ltr'>umbraculum</span> <span class='ocrx_word' id='word_1_187' title='bbox 1232 3637 1292 3696; x_wconf 88' lang='lat' dir='ltr'>tam</span> <span class='ocrx_word' id='word_1_188' title='bbox 1308 3631 1438 3701; x_wconf 83' lang='lat' dir='ltr'>fideliter</span> <span class='ocrx_word' id='word_1_189' title='bbox 1490 3613 1498 3624; x_wconf 47' lang='lat'><em>⁶</em></span> 
     </span>
     <span class='ocr_line' id='line_1_25' title="bbox 245 3740 787 3833; baseline -0.009 -25"><span class='ocrx_word' id='word_1_190' title='bbox 245 3765 335 3833; x_wconf 89' lang='lat' dir='ltr'>quam</span> <span class='ocrx_word' id='word_1_191' title='bbox 351 3742 511 3809; x_wconf 83' lang='lat' dir='ltr'>salubriter</span> <span class='ocrx_word' id='word_1_192' title='bbox 527 3740 723 3828; x_wconf 89' lang='lat' dir='ltr'>inpendemus</span> <span class='ocrx_word' id='word_1_193' title='bbox 738 3741 787 3826; x_wconf 76' lang='lat' dir='ltr'>s).</span> 
     </span>
    </p>
   </div>
   <div class='ocr_carea' id='block_1_9' title="bbox 247 3936 1442 4178">
    <p class='ocr_par' dir='ltr' id='par_1_9' title="bbox 247 3936 1442 4178">
     <span class='ocr_line' id='line_1_26' title="bbox 256 3936 1442 3998; baseline 0 -6"><span class='ocrx_word' id='word_1_194' title='bbox 256 3962 259 3969; x_wconf 89' lang='lat'>·</span> <span class='ocrx_word' id='word_1_195' title='bbox 339 3940 393 3993; x_wconf 89' lang='lat' dir='ltr'>Der</span> <span class='ocrx_word' id='word_1_196' title='bbox 415 3938 501 3992; x_wconf 84' lang='lat' dir='ltr'>inbuit</span> <span class='ocrx_word' id='word_1_197' title='bbox 523 3938 571 3991; x_wconf 82' lang='lat' dir='ltr'>des</span> <span class='ocrx_word' id='word_1_198' title='bbox 594 3936 696 3991; x_wconf 84' lang='lat' dir='ltr'>Briefes</span> <span class='ocrx_word' id='word_1_199' title='bbox 719 3936 809 3992; x_wconf 87' lang='lat' dir='ltr'>macht</span> <span class='ocrx_word' id='word_1_200' title='bbox 831 3953 861 3990; x_wconf 87' lang='lat' dir='ltr'>es</span> <span class='ocrx_word' id='word_1_201' title='bbox 883 3936 1092 3998; x_wconf 82' lang='lat' dir='ltr'>unnweifelhatt‚</span> <span class='ocrx_word' id='word_1_202' title='bbox 1122 3936 1183 3990; x_wconf 85' lang='lat' dir='ltr'>dass</span> <span class='ocrx_word' id='word_1_203' title='bbox 1203 3954 1233 3990; x_wconf 86' lang='lat' dir='ltr'>er</span> <span class='ocrx_word' id='word_1_204' title='bbox 1252 3955 1284 3991; x_wconf 89' lang='lat' dir='ltr'>an</span> <span class='ocrx_word' id='word_1_205' title='bbox 1305 3938 1355 3991; x_wconf 89' lang='lat' dir='ltr'>den</span> <span class='ocrx_word' id='word_1_206' title='bbox 1375 3939 1442 3992; x_wconf 83' lang='lat' dir='ltr'>Ern-</span> 
     </span>
     <span class='ocr_line' id='line_1_27' title="bbox 247 4025 1440 4097; baseline -0.004 -12"><span class='ocrx_word' id='word_1_207' title='bbox 247 4031 353 4085; x_wconf 83' lang='lat' dir='ltr'>bischof</span> <span class='ocrx_word' id='word_1_208' title='bbox 374 4027 511 4083; x_wconf 83' lang='lat' dir='ltr'>Friedrich</span> <span class='ocrx_word' id='word_1_209' title='bbox 539 4044 591 4080; x_wconf 88' lang='lat' dir='ltr'>von</span> <span class='ocrx_word' id='word_1_210' title='bbox 614 4025 745 4096; x_wconf 77' lang='lat' dir='ltr'>salzburg</span> <span class='ocrx_word' id='word_1_211' title='bbox 774 4026 907 4095; x_wconf 86' lang='lat' dir='ltr'>gericbtet</span> <span class='ocrx_word' id='word_1_212' title='bbox 930 4025 974 4079; x_wconf 86' lang='lat' dir='ltr'>ist.</span> <span class='ocrx_word' id='word_1_213' title='bbox 1003 4026 1093 4097; x_wconf 86' lang='lat' dir='ltr'>Vergi.</span> <span class='ocrx_word' id='word_1_214' title='bbox 1119 4030 1199 4084; x_wconf 86' lang='lat' dir='ltr'>uuteu</span> <span class='ocrx_word' id='word_1_215' title='bbox 1219 4026 1276 4082; x_wconf 79' lang='lat' dir='ltr'>Fal.</span> <span class='ocrx_word' id='word_1_216' title='bbox 1296 4027 1331 4081; x_wconf 69' lang='lat'>47</span> <span class='ocrx_word' id='word_1_217' title='bbox 1352 4028 1377 4081; x_wconf 82' lang='lat' dir='ltr'>d.</span> <span class='ocrx_word' id='word_1_218' title='bbox 1398 4044 1440 4082; x_wconf 89' lang='lat' dir='ltr'>no.</span> 
     </span>
     <span class='ocr_line' id='line_1_28' title="bbox 248 4117 583 4178; baseline -0.018 0"><span class='ocrx_word' id='word_1_219' title='bbox 248 4123 283 4178; x_wconf 84' lang='lat'>10</span> <span class='ocrx_word' id='word_1_220' title='bbox 296 4123 349 4176; x_wconf 85' lang='lat' dir='ltr'>und</span> <span class='ocrx_word' id='word_1_221' title='bbox 363 4120 419 4176; x_wconf 84' lang='lat' dir='ltr'>Ful.</span> <span class='ocrx_word' id='word_1_222' title='bbox 433 4119 464 4175; x_wconf 78' lang='lat'>51</span> <span class='ocrx_word' id='word_1_223' title='bbox 482 4135 524 4173; x_wconf 86' lang='lat' dir='ltr'>no.</span> <span class='ocrx_word' id='word_1_224' title='bbox 538 4117 583 4172; x_wconf 81' lang='lat'>38.</span> 
     </span>
    </p>
   </div>
   <div class='ocr_carea' id='block_1_10' title="bbox 249 4297 1495 4464">
    <p class='ocr_par' dir='ltr' id='par_1_10' title="bbox 249 4297 1495 4464">
     <span class='ocr_line' id='line_1_29' title="bbox 342 4297 1495 4374; baseline -0.006 -16"><span class='ocrx_word' id='word_1_225' title='bbox 342 4302 376 4371; x_wconf 84' lang='lat' dir='ltr'>a)</span> <span class='ocrx_word' id='word_1_226' title='bbox 391 4302 498 4356; x_wconf 84' lang='lat' dir='ltr'>tandem</span> <span class='ocrx_word' id='word_1_227' title='bbox 517 4300 623 4354; x_wconf 84' lang='lat' dir='ltr'>Stobbe.</span> <span class='ocrx_word' id='word_1_228' title='bbox 639 4328 671 4338; x_wconf 92' lang='lat'>-</span> <span class='ocrx_word' id='word_1_229' title='bbox 686 4300 717 4365; x_wconf 88' lang='lat' dir='ltr'>b)</span> <span class='ocrx_word' id='word_1_230' title='bbox 733 4315 780 4374; x_wconf 86' lang='lat' dir='ltr'>vos</span> <span class='ocrx_word' id='word_1_231' title='bbox 798 4298 899 4353; x_wconf 83' lang='lat' dir='ltr'>Stobbe</span> <span class='ocrx_word' id='word_1_232' title='bbox 917 4327 944 4338; x_wconf 91' lang='lat'>·-</span> <span class='ocrx_word' id='word_1_233' title='bbox 962 4298 995 4364; x_wconf 81' lang='lat' dir='ltr'>e)</span> <span class='ocrx_word' id='word_1_234' title='bbox 1008 4297 1132 4368; x_wconf 82' lang='lat' dir='ltr'>provisus</span> <span class='ocrx_word' id='word_1_235' title='bbox 1146 4297 1186 4351; x_wconf 90' lang='lat' dir='ltr'>St.</span> <span class='ocrx_word' id='word_1_236' title='bbox 1206 4328 1232 4339; x_wconf 89' lang='lat'>-</span> <span class='ocrx_word' id='word_1_237' title='bbox 1250 4299 1285 4367; x_wconf 87' lang='lat' dir='ltr'>d)</span> <span class='ocrx_word' id='word_1_238' title='bbox 1305 4298 1350 4368; x_wconf 88' lang='lat' dir='ltr'>qui</span> <span class='ocrx_word' id='word_1_239' title='bbox 1364 4299 1392 4351; x_wconf 88' lang='lat' dir='ltr'>Z.</span> <span class='ocrx_word' id='word_1_240' title='bbox 1407 4328 1440 4339; x_wconf 89' lang='lat'><strong>—</strong></span> <span class='ocrx_word' id='word_1_241' title='bbox 1494 4322 1495 4325; x_wconf 38' lang='lat'>¹</span> 
     </span>
     <span class='ocr_line' id='line_1_30' title="bbox 249 4387 979 4464; baseline -0.01 -16"><span class='ocrx_word' id='word_1_242' title='bbox 249 4393 281 4462; x_wconf 84' lang='lat' dir='ltr'>e)</span> <span class='ocrx_word' id='word_1_243' title='bbox 296 4394 411 4446; x_wconf 82' lang='lat' dir='ltr'>sentiens</span> <span class='ocrx_word' id='word_1_244' title='bbox 426 4390 464 4446; x_wconf 84' lang='lat' dir='ltr'>st.</span> <span class='ocrx_word' id='word_1_245' title='bbox 479 4420 513 4430; x_wconf 91' lang='grc'>-</span> <span class='ocrx_word' id='word_1_246' title='bbox 525 4390 557 4461; x_wconf 76' lang='lat' dir='ltr'>f)</span> <span class='ocrx_word' id='word_1_247' title='bbox 570 4389 756 4464; x_wconf 86' lang='lat' dir='ltr'>Prctcndemus</span> <span class='ocrx_word' id='word_1_248' title='bbox 770 4390 789 4444; x_wconf 83' lang='lat' dir='ltr'>Z</span> <span class='ocrx_word' id='word_1_249' title='bbox 802 4388 855 4444; x_wconf 90' lang='lat' dir='ltr'>und</span> <span class='ocrx_word' id='word_1_250' title='bbox 869 4387 979 4443; x_wconf 87' lang='lat' dir='ltr'>Stobbe.</span> 
     </span>
    </p>
   </div>
   <div class='ocr_carea' id='block_1_11' title="bbox 250 4563 574 4574">
    <p class='ocr_par' dir='ltr' id='par_1_11' title="bbox 250 4563 574 4574">
     <span class='ocr_line' id='line_1_31' title="bbox 250 4563 574 4574; baseline -0.015 0"><span class='ocrx_word' id='word_1_251' title='bbox 250 4563 574 4574; x_wconf 71' lang='lat'>........-.—.-—-—--</span> 
     </span>
    </p>
   </div>
   <div class='ocr_carea' id='block_1_12' title="bbox 244 4655 562 4751">
    <p class='ocr_par' dir='ltr' id='par_1_12' title="bbox 244 4655 562 4751">
     <span class='ocr_line' id='line_1_32' title="bbox 244 4655 562 4751; baseline 0.035 -37"><span class='ocrx_word' id='word_1_252' title='bbox 244 4741 252 4751; x_wconf 40' lang='grc'><strong>.</strong></span> <span class='ocrx_word' id='word_1_253' title='bbox 278 4684 300 4740; x_wconf 73' lang='grc' dir='ltr'>ι)</span> <span class='ocrx_word' id='word_1_254' title='bbox 320 4680 406 4727; x_wconf 79' lang='lat' dir='ltr'>Otakar</span> <span class='ocrx_word' id='word_1_255' title='bbox 421 4692 440 4723; x_wconf 82' lang='lat' dir='ltr'>r.</span> <span class='ocrx_word' id='word_1_256' title='bbox 456 4655 562 4725; x_wconf 64' lang='lat' dir='ltr'>botonem</span> 
     </span>
    </p>
   </div>
   <div class='ocr_carea' id='block_1_13' title="bbox 0 0 1625 5392">
    <p class='ocr_par' dir='ltr' id='par_1_13' title="bbox 0 0 1625 5392">
     <span class='ocr_line' id='line_1_33' title="bbox 0 0 1625 5392; baseline 0 0"><span class='ocrx_word' id='word_1_257' title='bbox 0 0 1625 5392; x_wconf 95' lang='lat' dir='ltr'> </span> 
     </span>
    </p>
   </div>
  </div>
 </body>
</html>
