3209 5392
261 510 339 582 238

259 686 337 744 tates
366 687 396 744 et
422 681 487 743 iura
515 681 701 745 universitati
723 688 825 746 vestre
853 682 891 743 ab
913 681 1015 744 inclite
1037 681 1261 745 recordacionis
1283 668 1450 765 liriderico,
1502 697 1508 706 ·

258 789 361 851 ultimo
373 789 572 851 Romanorum
583 789 775 871 imperatore,
790 789 912 871 suisque
924 789 1193 871 predecessoribus
1204 791 1254 873 pie
1266 811 1303 854 ac
1315 791 1448 874 benigne

259 915 418 967 concessa,
434 894 595 976 benignius
611 896 786 959 innovamus
804 903 836 960 et
850 896 1030 959 auctoritate
1045 896 1130 978 regia
1146 898 1322 962 muniemus.
1346 899 1390 962 hd
1407 899 1449 983 a)

259 1001 342 1084 quod
358 1003 462 1085 utique
479 1023 533 1066 nos
549 1009 655 1067 tenore
671 1003 861 1086 presencium
879 1001 1056 1085 obligamus.

348 1160 413 1215 Cod.
427 1161 492 1213 Lub.
505 1161 525 1221 l,
538 1160 591 1214 325
609 1161 655 1215 mit
674 1163 722 1215 der
734 1148 916 1215 ilbersebrift:
950 1159 1080 1236 liudolfus
1099 1161 1125 1213 d.
1139 1178 1164 1230 g.
1180 1160 1252 1214 ltoro.
1266 1162 1323 1215 Rex
1336 1178 1447 1234 sempor

258 1252 402 1317 Augustus.
424 1249 602 1304 Prudentihus
619 1249 682 1303 viris
706 1289 713 1304 .
742 1289 749 1304 .
774 1250 934 1305 Consulibus
948 1254 976 1304 ot
987 1250 1119 1303 universis
1133 1249 1240 1303 Civibus
1254 1251 1451 1306 huhocensibus

177 1357 180 1362 ·
258 1339 378 1402 dilectis,
397 1340 498 1393 devotis
511 1340 582 1402 suis,
598 1325 705 1410 'Imperii
718 1340 828 1394 Romani
845 1338 984 1401 fidelibus,
1002 1339 1121 1409 graciam
1134 1355 1209 1393 suam
1223 1345 1250 1393 ot
1261 1355 1338 1395 omne
1351 1343 1448 1396 bouum

257 1429 310 1482 und
324 1429 383 1482 [lat.
397 1429 554 1498 llagenowe.
568 1429 604 1481 lll
617 1429 672 1484 Kal.
687 1429 747 1483 llaii
761 1430 837 1498 regni
851 1431 935 1484 nostri
948 1445 1016 1483 anno
1029 1430 1123 1499 primo.

813 1760 875 1830 27.

593 1933 786 1996 lenonum
810 1949 862 1996 rer
886 1933 1118 2016 uellcplscopo.

683 2087 761 2141 sarr.
774 2087 829 2142 run
842 2087 885 2141 aa.
899 2089 1013 2159 augon

258 2233 288 2286 K.
302 2230 405 2302 liudolf
412 2229 520 2300 forden!
530 2231 582 2284 den
595 2229 755 2300 Enbsirehof
768 2232 879 2285 Wemer
889 2248 939 2284 oon
951 2230 1048 2292 Maian
1062 2240 1139 2285 anter
1151 2232 1345 2304 Anerlcennunp
1357 2234 1448 2288 rainer

254 2320 343 2373 bshder
368 2321 520 2391 geleisteten
548 2320 674 2381 Diserte,
699 2319 762 2389 auf,
787 2320 861 2374 scine
884 2320 949 2389 (des
974 2319 1091 2390 Konips)
1118 2321 1354 2392 Angelcpenbciten
1378 2322 1447 2377 heim

251 2407 422 2479 papstlicben
435 2406 528 2462 Stulte
539 2425 597 2461 snm
612 2407 753 2478 guortigern
769 2406 910 2461 Adscbluos
928 2426 960 2462 zu
972 2407 1081 2479 drinpcn
1094 2411 1152 2462 und
1163 2412 1259 2465 descen
1272 2410 1449 2481 Gutbeioounq

508 2513 557 2548 zur
576 2494 782 2566 Verbeirntdunp
794 2495 885 2550 seiner
897 2495 999 2552 Kindcr
1011 2516 1044 2551 zu
1057 2495 1194 2553 erwirlren.

327 2641 406 2694 Gerh.
423 2640 449 2706 1,
465 2639 508 2692 19.

343 2784 486 2847 Adauctis
508 2783 595 2846 nohis
617 2803 672 2865 per
695 2788 736 2853 te,
759 2782 858 2844 divine
885 2782 1095 2865 inspiracionis
1117 2783 1277 2856 instinctu,
1305 2788 1447 2850 continua

252 2890 462 2974 prosperitatis
474 2890 628 2972 auspiciis,
646 2909 723 2952 nunc
740 2890 777 2952 de
794 2909 871 2952 novo
888 2889 918 2951 in
935 2889 1018 2952 curia
1029 2890 1171 2962 Romana,
1189 2892 1448 2974 quemadmodum,

252 2999 417 3063 honorabili
434 2999 471 3062 N.
489 2997 669 3061 cancellario
692 3002 794 3060 nostro
810 2996 897 3059 nobis
914 2996 1102 3069 insinuante,
1125 2998 1296 3070 didicimus,
1311 2998 1446 3063 efficacis

253 3107 352 3188 operis
374 3112 405 3169 et
426 3126 517 3189 opere
538 3109 588 3167 tue
611 3104 739 3166 solercia
761 3105 806 3166 sic
829 3103 957 3175 adiecit,
985 3109 1017 3166 ut
1045 3104 1163 3186 singula
1184 3125 1329 3188 procures
1354 3113 1385 3173 et
1405 3108 1446 3187 b)

251 3232 414 3294 procurare
431 3232 490 3275 non
507 3231 611 3274 cesses
628 3210 725 3273 animo
748 3210 920 3282 indefesso,
949 3230 1009 3293 que
1031 3212 1143 3274 nostris
1160 3213 1446 3296 estimas,oportuna

251 3319 444 3399 provectibus
467 3324 497 3382 et
519 3317 761 3380 consummativis
789 3317 954 3380 bonoribus
981 3318 1140 3381 adiectiva.
1177 3320 1277 3401 Digne
1298 3322 1391 3402 igitur
1414 3321 1446 3385 in

251 3427 425 3507 preconium
443 3430 493 3488 tue
509 3425 606 3487 laudis
623 3424 820 3505 assurgimus,
837 3424 928 3505 digne
951 3445 1011 3487 non
1032 3425 1180 3488 immerito
1203 3426 1258 3489 tibi
1280 3428 1319 3490 ad
1341 3434 1444 3509 gram

252 3532 418 3595 uberrimas
436 3533 611 3594 inclinamus
629 3552 665 3594 ex
681 3550 728 3602 eo,
752 3531 832 3614 quod
853 3529 924 3593 fidei
947 3530 1063 3593 stabilis
1085 3538 1236 3595 armatura
1258 3535 1444 3615 precinctus,

251 3641 349 3703 votiva
365 3636 546 3721 plantacioni
562 3642 613 3699 tue
629 3639 760 3701 tomenta
777 3656 837 3698 non
853 3634 1023 3708 subtrahis,
1046 3637 1100 3699 sed
1120 3636 1344 3702 incessabiliter
1358 3640 1443 3703 foves

251 3756 282 3812 et
298 3749 419 3830 irrigas,
436 3747 655 3810 vindemiarum
669 3746 709 3809 ab
727 3765 762 3808 ea
779 3745 903 3808 delicias
921 3749 1110 3827 recepturus.

342 3857 418 3919 llinc
435 3863 493 3928 est,
511 3856 590 3939 quod
608 3874 676 3917 cum
692 3854 729 3916 de
746 3849 884 3935 puritatis
901 3857 950 3914 tue
968 3852 1142 3915 constancia
1157 3851 1258 3916 leticie
1270 3855 1442 3936 vespertine

139 4011 238 4053 mm·
251 3964 390 4027 fiduciam
416 3964 524 4027 luciser
551 3962 664 4026 tribuat
690 3960 853 4023 matutinus
870 3960 925 4045 c):
957 3960 1163 4023 sinceritatem
1191 3966 1272 4023 tuam
1299 3976 1442 4043 rogamus

251 4073 361 4136 affectu
387 4092 446 4156 quo
474 4090 632 4153 possumus
655 4067 807 4151 ampliori,
837 4073 983 4150 quatenus
1006 4068 1045 4130 ad
1067 4066 1282 4149 perficiendum
1303 4070 1440 4132 incursus

251 4182 345 4244 nostri
360 4180 482 4250 laboris,
499 4176 639 4241 videlicet
656 4195 729 4257 opus
746 4175 813 4247 Dei,
831 4175 909 4256 apud
927 4174 1147 4237 sanctissimum
1163 4179 1279 4256 patrem
1296 4182 1441 4248 nostrum,

251 4287 401 4351 dominum
416 4306 563 4350 summurn
578 4283 763 4367 pontificem,
780 4283 860 4345 sicut
875 4282 1065 4346 laudabiliter
1086 4282 1247 4354 inchoasti,
1270 4286 1315 4345 sic
1337 4282 1441 4346 lauda-

249 4395 339 4457 bilius
366 4377 561 4477 perseveres,
590 4414 649 4457 non
676 4392 867 4455 discessurus
891 4411 909 4452 a
937 4392 1036 4462 curia,
1065 4391 1167 4453 donec.
1187 4389 1336 4471 principia
1361 4390 1439 4452 hona

340 4592 374 4659 a)
389 4591 429 4644 hd
443 4591 484 4644 bis
498 4589 646 4656 obligamus
659 4590 727 4642 fehlt
739 4588 769 4641 V.
786 4616 814 4626 -
831 4587 862 4654 l)
876 4601 1007 4657 procures
1022 4592 1049 4638 et
1061 4601 1101 4638 am
1114 4585 1206 4641 Raude
1218 4585 1249 4640 V.
1260 4611 1297 4626 «-
1310 4588 1342 4654 c)
1356 4591 1439 4640 matu·

249 4680 312 4734 tinis
326 4680 354 4733 V.
