3209 5392
812 798 874 867 lo.
894 853 898 856 .

629 974 708 1055 Papa
724 977 864 1057 episeopo
882 974 1063 1038 boloniensi.

641 1130 719 1184 1255.
741 1132 851 1198 August
870 1130 914 1183 28.
934 1132 1062 1201 Anagnia.

255 1276 412 1330 Alexander
424 1275 469 1327 IV.
483 1283 569 1330 warne
587 1276 639 1328 den
652 1273 810 1343 Erebisebof
819 1275 932 1327 Konrod
952 1292 1000 1328 oon
1015 1276 1084 1329 Koln
1104 1291 1152 1328 vor
1169 1275 1219 1330 der
1236 1276 1404 1332 Tbeilnobme
1416 1295 1449 1331 on

491 1365 568 1420 einer
580 1361 762 1434 Konipewobl,
775 1380 805 1416 ao
818 1364 997 1435 lorryeKonip
1015 1363 1136 1418 Wilbelm
1148 1366 1215 1420 lete.

347 1509 451 1589 Nuper
467 1510 507 1592 a]
523 1508 561 1570 ad
589 1528 678 1571 aures
706 1512 825 1569 nostras
850 1527 925 1570 nova
949 1509 1136 1572 vehementis
1159 1509 1350 1572 amiraeionis
1373 1512 1451 1573 rela-

255 1616 343 1678 eione
368 1620 587 1697 pervenerunt,
615 1634 674 1697 que
697 1634 847 1696 nunquam
866 1615 1067 1678 ascenderant
1083 1616 1113 1678 in
1130 1636 1182 1678 eor
1199 1621 1350 1687 nostrum,
1375 1618 1452 1700 quod

254 1723 395 1785 videlieet
414 1724 535 1805 quidam
551 1724 737 1805 principum,
761 1728 791 1785 et
807 1723 967 1803 presertim
984 1723 1276 1794 ecclesiastieorum,
1293 1726 1332 1787 ad
1349 1745 1452 1787 novam

255 1829 465 1894 turbaeionem
481 1831 598 1912 imperii
615 1836 645 1893 et
661 1830 855 1893 venacionem
871 1829 1024 1893 karissimi
1045 1830 1076 1893 in
1092 1831 1211 1894 Christo
1228 1831 1281 1895 tilii
1303 1832 1399 1895 nostri
1414 1831 1448 1896 N.

256 1939 379 2001 Romani
395 1941 477 2020 regis
493 1939 628 2009 illustris,
645 1940 716 2020 quin
728 1939 834 2019 pocius
847 1938 885 2000 ad
899 1959 952 2000 sue
965 1938 1070 2002 salutis
1082 1940 1249 2022 perieulum
1263 1939 1447 2009 anhelantes,

255 2047 368 2109 animos
400 2048 585 2131 quorundam
615 2068 735 2110 morere
766 2052 913 2109 oonantur
943 2047 1062 2127 inpulsu
1104 2048 1229 2129 inprobe
1263 2047 1391 2111 aetionis
1422 2054 1450 2110 et
1585 2099 1586 2112 ,

255 2159 482 2241 temptacionis,
510 2165 543 2222 ut
565 2158 712 2241 quispiam
729 2177 856 2226 eorum,
883 2157 1019 2237 predioto
1036 2178 1109 2239 rege
1126 2159 1290 2239 superstite
1306 2199 1351 2207 —
1368 2179 1453 2243 quem
1584 2174 1586 2248 q

256 2256 340 2328 Deus
365 2267 474 2347 elegit,
497 2267 534 2328 in
558 2267 990 2347 ouiuspersonamvota
1008 2286 1136 2329 eorum
1161 2285 1316 2347 quorum
1340 2268 1455 2330 inter·
1585 2257 1586 2340 i

259 2378 345 2435 erat
369 2380 633 2436 convenerunt
661 2376 707 2457 ¹),
736 2393 826 2455 quem
860 2373 1043 2454 apostoliens
1080 2374 1166 2436 favor
1199 2375 1398 2457 prosequitur
1428 2380 1455 2439 et

138 2500 330 2564 „neroum
362 2500 421 2562 quo
452 2500 573 2543 manum
606 2502 674 2543 esse
706 2479 825 2542 Domini
864 2480 997 2543 ielioium
1036 2501 1232 2544 successuum
1269 2484 1455 2565 prosperitas

257 2593 419 2653 ‘attestatur
433 2628 477 2637 -
493 2590 618 2652 Romani
647 2589 764 2671 imperii
792 2587 924 2669 arripiat
952 2588 1147 2668 dignitatem,
1174 2589 1246 2652 lieet
1275 2591 1312 2651 de
1342 2591 1453 2653 eisdem

259 2696 463 2779 principibus,
490 2703 631 2780 tanquam
649 2696 685 2758 de
702 2695 840 2758 fidelibus
858 2693 1054 2765 Christianis,
1083 2696 1206 2760 firmiter
1223 2695 1452 2769 confideremus,

260 2804 339 2887 quod
356 2804 452 2867 nullus
471 2824 573 2867 eorum
590 2805 665 2866 adeo
683 2804 859 2885 dampnatus
885 2803 976 2865 alieni
998 2803 1121 2866 honoris
1139 2805 1250 2867 ambitu
1267 2811 1452 2887 tangeretur,

259 2918 310 2975 aut
337 2911 477 2976 affectum
505 2906 601 2974 suum
621 2912 797 2993 cuiusquam
826 2911 913 2973 calidi
936 2931 1028 2993 super
1048 2912 1107 2974 hoe
1129 2915 1317 2995 temptatoris
1345 2916 1452 2998 iniquis

259 3021 502 3102 suggestionibus
520 3020 697 3102 applicaret.
732 3018 808 3099 Quia
824 3038 896 3081 vero
912 3018 960 3081 rix
977 3020 1110 3082 ereditur
1133 3020 1212 3102 quod
1233 3021 1311 3101 hee,
1334 3025 1361 3084 si
1384 3042 1452 3085 vera

259 3130 344 3200 sunt,
372 3135 402 3191 te
418 3130 545 3191 virinum
562 3129 656 3190 latere
673 3131 830 3209 poterant,
859 3145 917 3207 que
939 3128 1111 3207 aeeepimus
1128 3127 1160 3190 in
1181 3131 1324 3200 remotis,
1351 3129 1449 3192 mirari

260 3237 355 3298 eriam
382 3257 442 3298 non
469 3236 650 3307 sufficimus,
674 3235 753 3317 quod
777 3239 860 3296 tanta
882 3234 927 3296 rei
950 3234 1066 3296 novitas
1089 3236 1127 3298 ad
1150 3257 1204 3299 nas
1228 3258 1287 3300 non
1310 3239 1406 3320 prius,
1422 3244 1451 3301 te

259 3346 430 3414 referente,
457 3345 612 3425 pervenit,
640 3343 706 3405 sine
729 3361 789 3423 quo
811 3341 980 3404 huiusmodi
1001 3342 1151 3404 molimina
1174 3345 1285 3408 seimus
1310 3345 1449 3428 progredi

258 3473 318 3515 non
334 3452 444 3516 valere.
478 3454 572 3533 Igitur
593 3471 647 3533 pro
672 3456 754 3512 certo
779 3453 937 3517 tenentes,
966 3450 1045 3531 quod
1067 3469 1122 3531 per
1145 3457 1174 3513 te
1198 3454 1321 3534 reprimi
1343 3455 1451 3537 poterit

258 3560 434 3631 efficaciter,
453 3560 479 3622 si
503 3560 574 3643 quid
597 3578 691 3639 super
714 3578 750 3618 eo
775 3556 942 3638 aliquorum
963 3558 1118 3621 temeritas
1141 3562 1331 3642 attemptavit
1352 3564 1398 3623 vel
1421 3563 1450 3624 in

256 3677 345 3731 antea
361 3661 536 3748 temptabit,
564 3665 619 3729 tibi
642 3684 697 3745 per
719 3663 886 3744 apostoliea
903 3664 1015 3743 seripta
1030 3665 1225 3738 mandantes,
1254 3674 1403 3749 quatenus
1418 3669 1447 3729 in

257 3778 483 3841 maehinaoione
499 3775 669 3837 huiusmodi
686 3793 745 3834 non
763 3772 930 3833 inveniatur
947 3791 1014 3833 eum
1031 3773 1179 3855 aliquibus
1196 3795 1301 3837 manus
1317 3784 1380 3848 tua,
1396 3775 1446 3837 sed
1469 3845 1473 3858 Ι

257 3879 362 3966 pooius
398 3905 489 3965 super
515 3883 573 3945 boo
599 3881 799 3964 quorumlibet
828 3878 934 3940 studiis
962 3883 1111 3963 perversis
1141 3883 1241 3945 taliter
1268 3884 1444 3952 adverseris,

348 4066 381 4133 o)
398 4065 450 4118 Vor
463 4079 548 4133 nuper
561 4063 602 4115 ein
616 4062 811 4130 anspnnetirtes
826 4063 900 4131 qnod
913 4060 942 4115 V.

286 4356 309 4409 ί)
328 4355 357 4397 Es
375 4353 406 4397 ist
422 4354 476 4397 sehr
493 4354 713 4406 bearbtensuertb‚
739 4354 792 4397 dass
817 4366 855 4404 es,
882 4355 925 4396 wie
944 4352 1036 4397 bieraus
1060 4353 1218 4410 beruorgebt,
1243 4354 1317 4397 arbon
1343 4366 1382 4397 zur
1399 4351 1444 4395 Zelt

322 4438 365 4479 cler
382 4435 451 4479 Wabl
468 4436 596 4479 Wilbelm'a
620 4447 664 4478 von
688 4435 785 4478 llolland
811 4434 900 4492 (1247)
923 4434 992 4477 einen
1016 4435 1134 4479 bestimmt
1157 4435 1303 4491 begrenztou
1320 4435 1386 4479 lineis
1402 4441 1441 4475 von

325 4518 421 4560 Flirsten
439 4516 545 4573 gegeben
559 4518 631 4560 buben
643 4530 715 4567 muse,
733 4516 808 4559 denen
822 4514 1009 4559 aussobliessliob
1021 4518 1060 4560 clas
1073 4517 1155 4567 Reebt,
1171 4518 1216 4559 deu
1229 4516 1361 4561 rornisehou
1372 4514 1444 4571 Kbnig

330 4613 358 4642 zu
377 4599 477 4649 wablen,
495 4599 599 4643 austand.
620 4600 757 4655 t'ergleiolre
774 4598 803 4640 im
824 4596 959 4654 Folgenden
978 4583 1015 4640 no]
1034 4598 1063 4642 lu
1083 4600 1128 4641 und
1146 4598 1188 4643 fol.
1206 4598 1246 4651 65,
1265 4611 1305 4642 no.
1324 4600 1359 4642 lo.
