3209 5392
272 473 350 547 420

270 647 344 714 tenti
361 649 543 721 demoratur,
559 650 614 714 sed
631 651 750 715 omnino
769 650 926 734 ignoratur
942 650 980 713 ab
998 650 1146 721 omnibus,
1165 666 1222 734 quo
1241 649 1305 714 eius
1323 650 1457 714 efferatur

270 759 419 831 intencio,
453 760 501 823 rel
540 758 570 822 in
606 760 678 842 quid
706 760 772 824 eius
797 760 911 823 effrena
940 759 1096 831 voluntas,
1133 756 1283 821 inebriata
1304 760 1458 843 triumphis

270 868 433 953 preteritis,
455 873 486 932 et
508 867 611 950 spoliis
633 868 764 933 fidelium
786 869 969 939 tumefacta,
997 867 1193 951 frequencius
1216 866 1393 949 impellatur.
1420 867 1459 930 Ex

269 977 329 1040 hiis
345 977 437 1059 igitur
453 982 483 1040 et
499 978 565 1040 aliis
581 976 704 1040 infinitis
721 978 861 1049 miseriis,
878 976 1021 1060 periculis
1039 980 1070 1039 et
1081 973 1250 1046 timoribus,
1263 995 1319 1058 per
1331 976 1460 1040 diversas

269 1086 372 1150 literas
390 1091 420 1150 et
436 1087 586 1168 speciales
602 1086 729 1150 nuncios
744 1088 888 1152 intimatis
904 1086 1035 1150 fideliter
1050 1090 1133 1149 tanto
1149 1086 1228 1167 regi,
1245 1085 1356 1169 quibus
1368 1106 1460 1170 usque

270 1194 308 1258 ad
321 1194 456 1258 cordium
471 1195 590 1259 viscera
607 1200 638 1258 ct
652 1195 848 1259 fundamenta
865 1196 1073 1266 concutimur,
1100 1194 1169 1258 loca
1191 1199 1312 1264 nostra,
1337 1215 1395 1280 que
1419 1193 1461 1256 sui

269 1305 330 1367 situ
358 1308 389 1366 et
415 1303 592 1368 bellatorum
620 1302 728 1368 auxilio
756 1304 850 1368 furori
874 1304 970 1368 hostis
994 1302 1140 1366 resistere
1162 1321 1253 1384 posse
1276 1301 1461 1372 confidimus,

270 1412 444 1477 muniuntur
458 1415 538 1477 iuxta
552 1412 750 1476 munientium
773 1414 950 1483 facultates,
976 1416 1006 1475 ct
1027 1411 1065 1475 ab
1088 1409 1340 1497 expugnabilibus
1365 1431 1464 1474 eorum

269 1522 385 1594 incole,
414 1543 473 1585 non
501 1521 616 1606 absque
639 1521 782 1603 gravibus
808 1521 995 1586 detrimentis
1018 1541 1119 1584 rerum
1142 1524 1172 1583 et
1193 1539 1393 1602 personarum
1415 1538 1463 1582 an·

152 1632 393 1713 rnoregustiis,
416 1650 485 1694 cum
507 1630 587 1703 filiis,
608 1630 699 1695 rebus
724 1635 754 1694 et
776 1629 972 1695 familiaribus
995 1629 1059 1693 suis
1081 1628 1120 1692 ad
1137 1630 1206 1693 loca
1228 1631 1347 1693 tuciora
1364 1630 1436 1693 conf
1452 1666 1466 1678 -
1583 1642 1584 1691 l

272 1741 372 1822 giunt,
400 1740 515 1803 laribus
536 1740 666 1822 propriis
688 1738 850 1803 derelictis.
883 1739 1023 1802 Ceterum
1052 1758 1121 1802 cum
1148 1737 1266 1801 illorum
1288 1739 1418 1802 miseriis
1440 1742 1467 1802 et
1583 1754 1584 1765 ¹

271 1848 436 1932 erumpnis,
452 1870 469 1911 a
487 1848 595 1934 quibus
613 1852 644 1910 et
659 1869 751 1931 super
766 1848 876 1932 quibus
894 1847 1094 1911 diversimode
1111 1851 1142 1910 et
1159 1847 1346 1931 frequenter,
1360 1849 1468 1932 impor-

271 1962 342 2021 tune
360 1961 391 2020 et
407 1962 553 2039 oportune
569 1956 765 2042 requirimur,
790 1956 972 2021 necessariis
989 1976 1175 2041 nequeamus
1192 1957 1355 2021 subvenire
1375 1977 1469 2021 reme-

271 2063 340 2137 diis,
358 2064 470 2127 doloris
489 2065 655 2129 acerbitate
672 2066 862 2129 confodimur
885 2070 916 2129 et
937 2068 969 2128 in
986 2065 1109 2129 defectu
1125 2065 1234 2130 uirium
1254 2065 1470 2148 compassionis

271 2173 412 2237 affectum
436 2173 614 2238 resolvimus
637 2175 668 2237 in
692 2174 821 2238 calicem
844 2173 1065 2258 quodammodo
1086 2174 1288 2240 lacrimarum.
1313 2175 1471 2237 Provideat
1578 2184 1585 2251 *p

272 2281 379 2364 igitur,
409 2302 590 2365 quesumus,
618 2282 694 2346 tanti
715 2282 798 2365 regis
821 2281 987 2346 clemencia
1010 2284 1092 2346 circa
1121 2282 1256 2366 exposita
1285 2281 1472 2347 subditorum
1584 2266 1585 2273 ἵ

272 2391 418 2474 pericula,
432 2398 590 2454 succurrat
603 2391 726 2454 dextere
738 2396 841 2455 vestre
853 2392 995 2474 potencia
1012 2391 1109 2463 nobis,
1122 2392 1186 2475 lupi
1198 2392 1320 2474 rapacis
1333 2391 1473 2455 faucibus
1503 2390 1512 2407 ⁰

275 2499 496 2582 circumseptis,
523 2501 627 2583 palpet
654 2499 744 2563 beata
772 2520 878 2563 manus
904 2500 991 2582 regia
1013 2501 1120 2582 plagas
1143 2506 1264 2564 nostras
1288 2506 1319 2565 et
1339 2500 1472 2570 vulnera,

276 2613 410 2690 ungenta
427 2609 583 2673 salutifera
599 2608 658 2671 illis
675 2607 895 2679 misericordie,
908 2607 1215 2691 priusquam‘illorum
1228 2607 1473 2673 saniesmedullis

276 2715 427 2789 inhereat,
443 2717 641 2782 infundendo.

371 2880 495 2944 Gerbert,
507 2881 535 2946 2,
548 2879 564 2933 t
579 2880 633 2934 und
646 2880 691 2934 dic
705 2880 837 2950 Erlauger
850 2880 1026 2934 Handscbrifl
1040 2878 1160 2951 (Stohbe
1173 2898 1216 2935 no.
1231 2879 1302 2952 258)
1317 2882 1408 2935 haben
1422 2882 1477 2936 dio-

275 2987 323 3024 sen
336 2971 416 3025 Brief
429 2970 638 3033 ausfhbrlicber‚
659 2971 707 3025 mit
725 2972 774 3024 der
787 2960 970 3027 Uberschriu:
994 2971 1226 3027 Excellentissimo
1247 2975 1273 3026 et
1292 2974 1477 3042 potentissimo

275 3062 393 3133 principi
407 3064 460 3116 etc.
475 3062 518 3115 ur.
533 3062 659 3126 Thomas,
675 3061 783 3116 humilis
796 3062 956 3133 peregrinus
969 3060 995 3115 in
1008 3062 1186 3123 Hierusalem,
1201 3062 1343 3126 ballianus,
1360 3081 1477 3116 commc-

276 3153 398 3207 stabulus
412 3152 488 3222 regni
502 3154 768 3223 hierosolymitarum
783 3157 810 3207 et
823 3154 939 3209 vicarius
953 3171 1094 3225 regnorum
1105 3156 1270 3210 Hierusalem
1284 3158 1311 3208 et
1323 3153 1409 3227 Cypri
1422 3163 1473 3209 etc.

275 3242 328 3296 und
348 3244 380 3297 G.
395 3244 485 3297 macht
499 3260 527 3297 es
542 3243 783 3309 wabrscbeinlich,
805 3244 868 3298 dass
888 3261 918 3297 er
936 3262 967 3298 an
987 3246 1076 3318 Kdnig
1094 3244 1197 3299 liudolf
1211 3245 1346 3316 gerichtct
1364 3246 1402 3301 ist
1420 3245 1471 3300 und

276 3337 301 3389 in
315 3334 364 3389 dus
378 3333 446 3387 ,lahr
460 3333 532 3389 1275
545 3337 651 3407 gehdrt,
663 3337 774 3390 monach
788 3352 885 3390 unserc
901 3324 1075 3393 chrschrift
1088 3337 1177 3392 falscb
1190 3341 1271 3391 witra.

861 3562 896 3632 2.

280 3700 445 3824 inperator
468 3741 523 3805 tall
544 3741 674 3823 prlnctpl
697 3743 909 3824 compatiendo
937 3742 993 3805 sfhl
1021 3745 1052 3805 et
1080 3743 1331 3824 conprinctplbns
1354 3744 1416 3808 suls
1443 3745 1477 3807 dc

478 3851 734 3932 oppresslonlbus,
752 3869 828 3933 quas
844 3870 863 3915 a
879 3869 949 3931 rege
965 3849 1102 3915 Bohemle
1116 3852 1284 3932 paciuntur.

841 3971 920 4026 lato.

369 4119 521 4184 Turbatur
537 4138 596 4182 non
611 4118 761 4181 immerito
778 4119 952 4183 serenitatis
969 4124 1072 4183 nostre
1088 4120 1204 4184 animus
1222 4125 1253 4184 et
1269 4122 1307 4183 ad
1320 4120 1474 4184 iramcon-

279 4230 391 4294 citatur
405 4228 619 4294 vehemencius
644 4248 680 4292 ac
702 4232 787 4290 tanto
811 4227 931 4299 iustius,
956 4234 1067 4311 quanto
1091 4233 1122 4293 te
1141 4234 1171 4292 et
1187 4233 1308 4294 ceteros
1325 4230 1404 4295 sacri
1420 4232 1475 4293 im-

279 4336 356 4420 perii
372 4338 526 4420 principes
543 4342 574 4401 et
589 4336 694 4402 fideles
710 4340 835 4420 propter
851 4334 921 4398 fidei
938 4337 1116 4418 puritatem,
1140 4357 1229 4421 quam
1252 4339 1291 4402 ad
1313 4340 1473 4403 Romanum

280 4450 391 4527 gerunt
406 4446 574 4527 imperium,
592 4446 714 4529 gravius
733 4444 928 4528 perillustris
945 4446 1027 4526 regis
1043 4445 1188 4510 bohemie
1205 4447 1358 4511 rabiosam
1374 4453 1474 4532 tyran,

281 4551 382 4616 uidem
399 4554 615 4636 perpendimus
632 4553 779 4618 tribulari.
799 4554 880 4617 Sane
896 4551 1096 4616 multifformis
1113 4554 1284 4620 dilectionis
1301 4559 1429 4622 animum
1445 4560 1474 4619 et

281 4661 434 4735 affectum,
445 4681 536 4745 quem
551 4664 590 4728 ad
606 4668 637 4727 te
650 4667 754 4728 nostra
767 4661 847 4746 gerit
859 4663 1019 4736 serenitas,
1033 4667 1173 4729 curantes
1186 4665 1374 4732 ferventibus
1387 4671 1472 4750 atque
