3209 5392
800 838 863 913 59.

224 1018 317 1080 blnor
333 1017 519 1095 regraclatur
534 1017 639 1078 nalorl
656 1032 745 1097 snper
767 1034 802 1079 eo
820 1016 899 1098 qnod
918 1016 976 1079 slbt
993 1016 1133 1094 dignatus
1150 1021 1197 1079 est
1212 1019 1323 1078 statuar
1340 1031 1427 1076 suun

224 1126 364 1201 seribere,
396 1125 524 1188 aderens
556 1142 588 1186 se
611 1132 642 1187 et
666 1143 721 1187 sua
745 1125 850 1187 sibiet
872 1123 1052 1192 excusando,
1077 1126 1156 1205 quod
1179 1125 1237 1186 sibl
1260 1125 1428 1187 rescribere

727 1233 926 1315 attemptavit.

320 1372 458 1426 Bodmann
472 1389 498 1443 p.
512 1374 556 1427 la.
571 1373 672 1427 Stobbe
686 1389 726 1425 oo.
742 1373 803 1426 113.

317 1503 413 1563 Tante
431 1500 655 1582 preeminencie
670 1499 806 1563 scribere
820 1520 912 1583 super
930 1501 973 1587 a)
986 1521 1033 1564 me
1054 1502 1119 1564 sore
1138 1520 1340 1581 cognoscens,
1362 1507 1428 1565 tre-

227 1629 311 1671 mens
335 1608 433 1672 lactus
454 1628 519 1672 sum
533 1629 590 1691 ego
608 1614 638 1672 et
655 1609 766 1679 timeo,
782 1609 852 1672 dum
870 1609 1043 1672 devocionis
1059 1630 1126 1673 mee
1143 1609 1232 1692 signa
1253 1609 1428 1692 permodica

227 1716 364 1780 modicus
396 1737 536 1798 presumo
569 1722 670 1781 vestre
703 1718 903 1799 magnitudini
940 1726 1128 1802 presentare.
1177 1719 1294 1783 Vereor
1325 1723 1425 1781 autem

229 1832 334 1888 contra
349 1847 397 1888 me
415 1847 494 1898 esse,
512 1826 537 1888 si
554 1833 660 1891 tacens
677 1826 794 1889 silencii
812 1825 860 1889 fila
885 1847 944 1890 non
969 1847 1138 1910 rumperem
1156 1828 1197 1913 b)
1214 1834 1245 1890 et
1262 1827 1318 1891 sub
1336 1827 1428 1889 dissi-

230 1933 396 1997 mulaeione
413 1935 593 2016 preteriens,
610 1954 732 2017 possem
750 1934 890 1998 notabilis
907 1933 972 1999 lieri
995 1936 1032 1998 de
1050 1940 1233 2018 contemptu.
1267 1935 1428 1999 Ohumilis

228 2042 352 2120 altitudo
370 2048 400 2106 et
416 2042 476 2106 alta
491 2062 562 2105 vere
585 2042 753 2113 humilitas,
783 2062 842 2125 que
866 2064 927 2106 non
948 2042 1112 2125 dedignata
1135 2049 1182 2107 est
1204 2043 1296 2106 miehi
1319 2044 1427 2126 pusillo

230 2150 506 2233 congratulacionis
523 2151 641 2214 viscera
655 2150 808 2221 exhibere,
821 2150 927 2223 ubera,
939 2151 1106 2235 liquoribus
1119 2152 1158 2238 c)
1170 2152 1277 2218 lacteis
1290 2153 1430 2220 irrorata,

229 2263 397 2343 porrigere,
414 2261 483 2323 vino
501 2260 622 2345 quidem
638 2259 761 2323 meliora
779 2267 810 2323 et
826 2261 912 2325 melle
930 2261 1064 2344 quolibet
1081 2262 1229 2334 dulciora,
1251 2262 1430 2326 benivolen-

230 2371 277 2433 cie
294 2370 467 2434 redolencia
484 2369 655 2450 singularis.
682 2368 708 2431 0
725 2370 801 2432 mira
817 2371 921 2452 gracie
933 2372 1126 2453 magnitudo,
1143 2391 1203 2455 que
1219 2374 1265 2436 sic
1283 2371 1428 2435 allectivis

230 2478 367 2561 apicibus
393 2475 484 2540 tilium
507 2483 538 2539 et
559 2476 727 2540 subiectum
756 2477 849 2563 elegit
871 2479 1053 2561 scriptorum
1075 2479 1234 2543 dulcedine
1257 2468 1424 2562 prevenire.

231 2588 305 2669 Quis
322 2587 402 2649 enim
418 2591 478 2650 tam
494 2586 666 2649 inconditus
689 2592 721 2648 et
741 2606 848 2669 asper,
871 2593 932 2651 tam
960 2608 1068 2671 expers
1097 2588 1193 2653 omnis
1222 2589 1428 2670 intelligencie

230 2697 362 2766 animus,
392 2695 443 2779 qui
467 2693 504 2756 de
528 2694 670 2759 dulcifluo
687 2699 788 2759 vestre
806 2697 1001 2760 salutacionis
1025 2697 1182 2767 affamine,
1211 2698 1249 2760 de
1271 2699 1427 2781 regracia-

232 2807 318 2870 cione
335 2810 396 2867 tam
412 2804 526 2875 humili,
548 2809 609 2867 tam
626 2804 769 2886 benigna,
787 2804 826 2867 de
841 2805 1064 2886 pollicitacione
1081 2812 1144 2870 tam
1160 2806 1350 2889 acceptabili,
1367 2812 1428 2870 tam

232 2934 340 2979 serena
368 2934 428 2975 non
455 2912 542 2977 tieret
568 2912 769 2976 letabundus?
805 2913 912 2985 Porro,
943 2913 969 2976 si
998 2934 1090 2997 super
1116 2914 1165 2979 his
1193 2914 1232 2978 ad
1259 2915 1429 2997 graciarum

232 3020 418 3086 solucionem
434 3023 547 3103 tempto
564 3038 771 3103 prorumpere,
788 3019 1021 3084 insufficientem
1045 3042 1092 3086 me
1114 3042 1239 3105 prorsus
1256 3023 1386 3093 invenio,
1402 3023 1429 3084 si

233 3132 271 3193 ad
298 3129 396 3193 laudis
424 3135 455 3192 et
481 3129 578 3210 glorie
606 3135 706 3192 vestre
736 3130 912 3210 preconium
934 3129 1014 3193 labia
1037 3132 1154 3194 solvere
1177 3132 1295 3212 cogito,
1318 3131 1429 3213 imper-

232 3241 344 3302 fectum
357 3257 404 3300 me
416 3238 536 3319 penitus
549 3257 748 3319 recognosco,
762 3238 833 3301 dum
846 3258 941 3301 conor
953 3238 1113 3320 syderibus
1129 3238 1242 3302 addere
1259 3239 1368 3321 sydera
1374 3238 1430 3320 d),

234 3347 304 3409 dum
317 3345 416 3408 divine
429 3346 506 3409 lucis
519 3346 671 3419 nuncium,
683 3346 830 3409 luminoso
843 3346 948 3410 iubare
962 3346 1002 3432 e)
1015 3352 1252 3421 corruscantem,
1265 3367 1321 3430 per
1333 3346 1431 3410 extin-

233 3456 375 3538 guibilem
392 3455 522 3519 faculam
538 3455 614 3518 velle
631 3454 735 3532 videor
751 3453 902 3518 adiuvare.
932 3455 976 3517 Ex
992 3455 1149 3537 premissis
1165 3456 1269 3536 igitur,
1285 3455 1430 3519 matutino

233 3565 359 3629 lucifero
376 3566 548 3647 vespertine
565 3564 666 3627 leticie
683 3563 836 3627 tribuente
853 3561 1012 3635 fiduciam,
1035 3564 1065 3627 in
1082 3563 1140 3627 boc
1157 3564 1349 3627 immobiliter
1369 3563 1430 3625 voti

233 3677 293 3738 mei
308 3673 404 3736 finalis
420 3672 552 3737 intencio
569 3671 712 3743 vertitur,
740 3671 772 3733 iu
793 3671 852 3734 hoc
878 3672 1025 3754 propositi
1041 3692 1155 3735 summa
1172 3679 1325 3744 versatur,
1350 3671 1432 3755 quod

235 3784 326 3855 scire,
341 3782 415 3845 velle
433 3801 468 3844 ac
484 3799 586 3863 posse,
604 3781 630 3842 si
643 3781 715 3863 quid
731 3781 762 3841 in
778 3800 826 3842 me
844 3785 901 3852 est,
918 3781 990 3845 totis
1002 3779 1116 3844 viribus
1134 3785 1164 3844 et
1180 3781 1320 3844 iocundis
1336 3779 1430 3843 allec-

234 3891 316 3956 tibus
333 3891 467 3955 lervidus
484 3889 631 3953 exercebo
650 3890 687 3952 ad
705 3889 803 3952 omnia
821 3894 852 3951 et
868 3889 997 3970 singula,
1015 3909 1073 3972 que
1090 3890 1184 3952 decus
1197 3891 1290 3953 vestri
1304 3890 1431 3953 nontinis

235 4002 353 4083 sapiant
368 4006 399 4065 et
414 3998 547 4062 honoris.

327 4163 417 4217 Bodm.
429 4166 449 4217 l.
464 4182 487 4217 e.
502 4164 548 4216 mit
561 4163 610 4217 der
622 4161 824 4218 Uebersebrilt:
844 4162 949 4218 Littera
967 4163 1091 4217 Andreae
1110 4162 1144 4216 de
1162 4162 1239 4217 Rode
1257 4163 1356 4234 regalis
1370 4164 1432 4218 aule

236 4256 331 4309 notarii
344 4255 378 4309 nd
387 4255 524 4309 Nicolaum
536 4271 579 4324 ep.
589 4253 811 4308 cameracensem
824 4255 950 4324 beginutz
965 4255 1044 4320 „Rev
1056 4255 1081 4307 in
1092 4252 1154 4307 Chr.
1167 4254 1237 4324 patri
1251 4258 1278 4307 et
1290 4255 1359 4308 dom.
1372 4272 1432 4315 suo,

236 4350 297 4403 dom
310 4387 317 4400 .
332 4385 339 4399 .
355 4348 408 4402 div.
427 4364 502 4418 prov.
522 4345 555 4399 N.
574 4363 626 4416 ep„
644 4363 710 4399 suus
730 4345 752 4397 Α
772 4343 871 4417 regalis
891 4348 967 4400 aulae
985 4345 1119 4406 notarius,
1142 4362 1248 4399 suorum
1271 4345 1431 4399 humillimus

236 4439 402 4500 clericorum,
415 4439 442 4492 id
455 4437 665 4506 modicumquod
679 4439 729 4497 est,
743 4438 769 4489 in
783 4437 902 4491 omnibus
916 4440 1001 4504 etper
1014 4438 1098 4490 omnis
1113 4436 1242 4507 quidquid
1255 4440 1364 4507 potest“
1377 4437 1432 4489 und

238 4529 378 4583 schliesst:
406 4533 449 4593 „et
465 4528 575 4581 honoris
597 4527 681 4582 almae
701 4527 793 4581 matris
814 4528 947 4588 ecelesiae
967 4527 990 4578 N
1008 4526 1155 4597 respiciant
1173 4527 1370 4581 incrementum.
1401 4528 1432 4579 ln

328 4692 361 4760 a)
376 4706 457 4758 supra
470 4691 497 4740 Z.
512 4719 545 4727 -
559 4689 589 4759 b)
605 4708 728 4759 euperem
742 4692 771 4743 V.
784 4718 820 4727 -
833 4691 864 4758 c)
879 4690 990 4759 liquoris
1004 4692 1030 4742 Z.
1048 4722 1077 4731 -
1094 4690 1128 4757 d)
1145 4690 1327 4759 imperfectum
1340 4720 1376 4728 -
1390 4690 1431 4743 bis

238 4782 338 4838 addere
352 4781 446 4854 sydera
461 4798 502 4834 am
515 4782 606 4837 Raude
620 4782 649 4835 V.
666 4811 698 4820 -—
711 4781 741 4849 e)
755 4781 851 4834 lumine
865 4781 892 4833 Z.
