<?xml version="1.0" encoding="UTF-8"?>
<!DOCTYPE html PUBLIC "-//W3C//DTD XHTML 1.0 Transitional//EN"
    "http://www.w3.org/TR/xhtml1/DTD/xhtml1-transitional.dtd">
<html xmlns="http://www.w3.org/1999/xhtml" xml:lang="en" lang="en">
 <head>
  <title>
</title>
<meta http-equiv="Content-Type" content="text/html;charset=utf-8" />
  <meta name='ocr-system' content='tesseract 3.04.00' />
  <meta name='ocr-capabilities' content='ocr_page ocr_carea ocr_par ocr_line ocrx_word'/>
</head>
<body>
  <div class='ocr_page' id='page_1' title='image "./fontesrerumaust00unkngoog_0269.png"; bbox 0 0 3209 5392; ppageno 0'>
   <div class='ocr_carea' id='block_1_1' title="bbox 264 515 340 585">
    <p class='ocr_par' dir='ltr' id='par_1_1' title="bbox 264 515 340 585">
     <span class='ocr_line' id='line_1_1' title="bbox 264 515 340 585; baseline 0.013 -1"><span class='ocrx_word' id='word_1_1' title='bbox 264 515 340 585; x_wconf 76' lang='lat'>242</span> 
     </span>
    </p>
   </div>
   <div class='ocr_carea' id='block_1_2' title="bbox 164 688 1539 4107">
    <p class='ocr_par' dir='ltr' id='par_1_2' title="bbox 171 688 1539 1954">
     <span class='ocr_line' id='line_1_2' title="bbox 260 688 1539 771; baseline 0.001 -22"><span class='ocrx_word' id='word_1_2' title='bbox 260 689 412 768; x_wconf 75' lang='lat' dir='ltr'>opacitas,</span> <span class='ocrx_word' id='word_1_3' title='bbox 444 694 475 751; x_wconf 90' lang='lat' dir='ltr'>et</span> <span class='ocrx_word' id='word_1_4' title='bbox 500 688 692 752; x_wconf 88' lang='lat' dir='ltr'>iocunditatis</span> <span class='ocrx_word' id='word_1_5' title='bbox 720 688 849 771; x_wconf 88' lang='lat' dir='ltr'>quadam</span> <span class='ocrx_word' id='word_1_6' title='bbox 877 688 1035 752; x_wconf 75' lang='lat' dir='ltr'>dulcedine</span> <span class='ocrx_word' id='word_1_7' title='bbox 1066 689 1098 750; x_wconf 94' lang='lat' dir='ltr'>in</span> <span class='ocrx_word' id='word_1_8' title='bbox 1128 688 1279 752; x_wconf 89' lang='lat' dir='ltr'>radiorum</span> <span class='ocrx_word' id='word_1_9' title='bbox 1312 688 1455 751; x_wconf 89' lang='lat' dir='ltr'>solarium</span> <span class='ocrx_word' id='word_1_10' title='bbox 1531 702 1539 715; x_wconf 85' lang='grc'><em>·</em></span> 
     </span>
     <span class='ocr_line' id='line_1_3' title="bbox 259 795 1455 877; baseline 0 -20"><span class='ocrx_word' id='word_1_11' title='bbox 259 795 450 877; x_wconf 80' lang='lat' dir='ltr'>participium</span> <span class='ocrx_word' id='word_1_12' title='bbox 466 797 570 860; x_wconf 91' lang='lat' dir='ltr'>oculus</span> <span class='ocrx_word' id='word_1_13' title='bbox 587 797 668 860; x_wconf 90' lang='lat' dir='ltr'>clare</span> <span class='ocrx_word' id='word_1_14' title='bbox 684 796 953 877; x_wconf 87' lang='lat' dir='ltr'>contemplancium</span> <span class='ocrx_word' id='word_1_15' title='bbox 970 795 1146 859; x_wconf 83' lang='lat' dir='ltr'>delectatur.</span> <span class='ocrx_word' id='word_1_16' title='bbox 1175 797 1343 859; x_wconf 83' lang='lat' dir='ltr'>Amenitate</span> <span class='ocrx_word' id='word_1_17' title='bbox 1359 796 1455 877; x_wconf 91' lang='lat' dir='ltr'>siqui-</span> 
     </span>
     <span class='ocr_line' id='line_1_4' title="bbox 259 903 1453 985; baseline 0.002 -21"><span class='ocrx_word' id='word_1_18' title='bbox 259 903 327 965; x_wconf 85' lang='lat' dir='ltr'>dem</span> <span class='ocrx_word' id='word_1_19' title='bbox 350 904 467 966; x_wconf 91' lang='lat' dir='ltr'>lnminis</span> <span class='ocrx_word' id='word_1_20' title='bbox 501 925 535 967; x_wconf 91' lang='lat' dir='ltr'>sc</span> <span class='ocrx_word' id='word_1_21' title='bbox 557 923 613 985; x_wconf 92' lang='lat' dir='ltr'>per</span> <span class='ocrx_word' id='word_1_22' title='bbox 634 910 783 968; x_wconf 90' lang='lat' dir='ltr'>terrarum</span> <span class='ocrx_word' id='word_1_23' title='bbox 811 904 914 985; x_wconf 91' lang='lat' dir='ltr'>spacia</span> <span class='ocrx_word' id='word_1_24' title='bbox 950 903 1151 975; x_wconf 89' lang='lat' dir='ltr'>diffundente,</span> <span class='ocrx_word' id='word_1_25' title='bbox 1186 903 1298 966; x_wconf 87' lang='lat' dir='ltr'>exultat</span> <span class='ocrx_word' id='word_1_26' title='bbox 1332 903 1453 967; x_wconf 82' lang='lat' dir='ltr'>deserta</span> 
     </span>
     <span class='ocr_line' id='line_1_5' title="bbox 260 1010 1456 1098; baseline 0 -26"><span class='ocrx_word' id='word_1_27' title='bbox 260 1011 340 1096; x_wconf 85' lang='lat' dir='ltr'>eto)</span> <span class='ocrx_word' id='word_1_28' title='bbox 352 1011 431 1073; x_wconf 94' lang='lat' dir='ltr'>invia</span> <span class='ocrx_word' id='word_1_29' title='bbox 452 1011 491 1098; x_wconf 88' lang='lat'>¹),</span> <span class='ocrx_word' id='word_1_30' title='bbox 507 1012 674 1092; x_wconf 78' lang='lat' dir='ltr'>gratulatur</span> <span class='ocrx_word' id='word_1_31' title='bbox 688 1031 839 1094; x_wconf 80' lang='lat' dir='ltr'>puerpera</span> <span class='ocrx_word' id='word_1_32' title='bbox 855 1012 1004 1082; x_wconf 91' lang='lat' dir='ltr'>ubertate,</span> <span class='ocrx_word' id='word_1_33' title='bbox 1020 1011 1051 1073; x_wconf 91' lang='lat' dir='ltr'>in</span> <span class='ocrx_word' id='word_1_34' title='bbox 1066 1010 1217 1074; x_wconf 91' lang='lat' dir='ltr'>fructuum</span> <span class='ocrx_word' id='word_1_35' title='bbox 1231 1011 1271 1091; x_wconf 81' lang='lat' dir='ltr'>b)</span> <span class='ocrx_word' id='word_1_36' title='bbox 1288 1011 1456 1074; x_wconf 85' lang='lat' dir='ltr'>exuberans</span> 
     </span>
     <span class='ocr_line' id='line_1_6' title="bbox 258 1118 1455 1202; baseline 0.002 -22"><span class='ocrx_word' id='word_1_37' title='bbox 258 1118 381 1198; x_wconf 91' lang='lat' dir='ltr'>pullulat</span> <span class='ocrx_word' id='word_1_38' title='bbox 400 1125 482 1183; x_wconf 84' lang='lat' dir='ltr'>terra</span> <span class='ocrx_word' id='word_1_39' title='bbox 510 1125 620 1182; x_wconf 89' lang='lat' dir='ltr'>nostra.</span> <span class='ocrx_word' id='word_1_40' title='bbox 656 1121 737 1200; x_wconf 86' lang='lat' dir='ltr'>lnter</span> <span class='ocrx_word' id='word_1_41' title='bbox 762 1121 829 1201; x_wconf 92' lang='lat' dir='ltr'>ipsa</span> <span class='ocrx_word' id='word_1_42' title='bbox 850 1125 951 1182; x_wconf 88' lang='lat' dir='ltr'>autem</span> <span class='ocrx_word' id='word_1_43' title='bbox 973 1119 1110 1200; x_wconf 91' lang='lat' dir='ltr'>polorum</span> <span class='ocrx_word' id='word_1_44' title='bbox 1133 1119 1289 1182; x_wconf 92' lang='lat' dir='ltr'>luminaria</span> <span class='ocrx_word' id='word_1_45' title='bbox 1311 1119 1351 1202; x_wconf 80' lang='lat' dir='ltr'>c)</span> <span class='ocrx_word' id='word_1_46' title='bbox 1375 1118 1455 1182; x_wconf 92' lang='lat' dir='ltr'>sicut</span> 
     </span>
     <span class='ocr_line' id='line_1_7' title="bbox 171 1225 1456 1313; baseline 0.003 -28"><span class='ocrx_word' id='word_1_47' title='bbox 171 1277 175 1285; x_wconf 89' lang='lat'><em>.</em></span> <span class='ocrx_word' id='word_1_48' title='bbox 259 1225 344 1289; x_wconf 90' lang='lat' dir='ltr'>stelle</span> <span class='ocrx_word' id='word_1_49' title='bbox 366 1246 435 1289; x_wconf 88' lang='lat' dir='ltr'>asc</span> <span class='ocrx_word' id='word_1_50' title='bbox 452 1226 591 1291; x_wconf 90' lang='lat' dir='ltr'>differunt</span> <span class='ocrx_word' id='word_1_51' title='bbox 607 1227 743 1291; x_wconf 88' lang='lat' dir='ltr'>claritate</span> <span class='ocrx_word' id='word_1_52' title='bbox 760 1233 791 1290; x_wconf 91' lang='lat' dir='ltr'>ct</span> <span class='ocrx_word' id='word_1_53' title='bbox 806 1228 865 1290; x_wconf 92' lang='lat' dir='ltr'>situ</span> <span class='ocrx_word' id='word_1_54' title='bbox 881 1226 934 1313; x_wconf 84' lang='lat' dir='ltr'>d),</span> <span class='ocrx_word' id='word_1_55' title='bbox 951 1226 996 1288; x_wconf 89' lang='lat' dir='ltr'>sic</span> <span class='ocrx_word' id='word_1_56' title='bbox 1013 1226 1109 1288; x_wconf 88' lang='lat' dir='ltr'>eciam</span> <span class='ocrx_word' id='word_1_57' title='bbox 1127 1226 1300 1308; x_wconf 82' lang='lat' dir='ltr'>discrepare</span> <span class='ocrx_word' id='word_1_58' title='bbox 1316 1226 1456 1289; x_wconf 89' lang='lat' dir='ltr'>videntur</span> 
     </span>
     <span class='ocr_line' id='line_1_8' title="bbox 258 1333 1453 1418; baseline 0 -23"><span class='ocrx_word' id='word_1_59' title='bbox 258 1333 418 1398; x_wconf 79' lang='lat' dir='ltr'>oculariter</span> <span class='ocrx_word' id='word_1_60' title='bbox 433 1334 464 1396; x_wconf 93' lang='lat' dir='ltr'>in</span> <span class='ocrx_word' id='word_1_61' title='bbox 480 1334 605 1406; x_wconf 89' lang='lat' dir='ltr'>effectu;</span> <span class='ocrx_word' id='word_1_62' title='bbox 633 1335 713 1417; x_wconf 91' lang='lat' dir='ltr'>qnod</span> <span class='ocrx_word' id='word_1_63' title='bbox 726 1335 848 1418; x_wconf 89' lang='lat' dir='ltr'>quidem</span> <span class='ocrx_word' id='word_1_64' title='bbox 864 1341 952 1416; x_wconf 91' lang='lat' dir='ltr'>tropo</span> <span class='ocrx_word' id='word_1_65' title='bbox 964 1335 1050 1417; x_wconf 83' lang='lat' dir='ltr'>loyce</span> <span class='ocrx_word' id='word_1_66' title='bbox 1064 1333 1337 1416; x_wconf 89' lang='lat' dir='ltr'>comprehenditur,</span> <span class='ocrx_word' id='word_1_67' title='bbox 1345 1334 1453 1397; x_wconf 86' lang='lat' dir='ltr'>dumio</span> 
     </span>
     <span class='ocr_line' id='line_1_9' title="bbox 259 1439 1456 1522; baseline 0 -21"><span class='ocrx_word' id='word_1_68' title='bbox 259 1446 365 1503; x_wconf 87' lang='lat' dir='ltr'>sancta</span> <span class='ocrx_word' id='word_1_69' title='bbox 379 1446 474 1504; x_wconf 89' lang='lat' dir='ltr'>matre</span> <span class='ocrx_word' id='word_1_70' title='bbox 490 1442 619 1504; x_wconf 89' lang='lat' dir='ltr'>ecclesia</span> <span class='ocrx_word' id='word_1_71' title='bbox 635 1446 807 1504; x_wconf 90' lang='lat' dir='ltr'>sanctarum</span> <span class='ocrx_word' id='word_1_72' title='bbox 821 1441 999 1522; x_wconf 84' lang='lat' dir='ltr'>religionum</span> <span class='ocrx_word' id='word_1_73' title='bbox 1022 1441 1180 1504; x_wconf 90' lang='lat' dir='ltr'>diversitas</span> <span class='ocrx_word' id='word_1_74' title='bbox 1202 1446 1233 1503; x_wconf 91' lang='lat' dir='ltr'>et</span> <span class='ocrx_word' id='word_1_75' title='bbox 1255 1439 1456 1503; x_wconf 78' lang='lat' dir='ltr'>diversimode</span> 
     </span>
     <span class='ocr_line' id='line_1_10' title="bbox 258 1547 1455 1632; baseline 0 -23"><span class='ocrx_word' id='word_1_76' title='bbox 258 1548 500 1612; x_wconf 87' lang='lat' dir='ltr'>conversacionis</span> <span class='ocrx_word' id='word_1_77' title='bbox 517 1549 736 1632; x_wconf 91' lang='lat' dir='ltr'>cquipollencia</span> <span class='ocrx_word' id='word_1_78' title='bbox 751 1550 909 1631; x_wconf 87' lang='lat' dir='ltr'>reperitur.</span> <span class='ocrx_word' id='word_1_79' title='bbox 936 1549 981 1611; x_wconf 85' lang='lat' dir='ltr'>Ex</span> <span class='ocrx_word' id='word_1_80' title='bbox 1004 1548 1112 1631; x_wconf 92' lang='lat' dir='ltr'>quibus</span> <span class='ocrx_word' id='word_1_81' title='bbox 1131 1548 1311 1611; x_wconf 88' lang='lat' dir='ltr'>christianus</span> <span class='ocrx_word' id='word_1_82' title='bbox 1327 1547 1455 1629; x_wconf 90' lang='lat' dir='ltr'>populus</span> 
     </span>
     <span class='ocr_line' id='line_1_11' title="bbox 257 1655 1452 1738; baseline 0 -20"><span class='ocrx_word' id='word_1_83' title='bbox 257 1657 414 1719; x_wconf 92' lang='lat' dir='ltr'>multarum</span> <span class='ocrx_word' id='word_1_84' title='bbox 436 1657 578 1720; x_wconf 85' lang='lat' dir='ltr'>virtutum</span> <span class='ocrx_word' id='word_1_85' title='bbox 600 1656 720 1720; x_wconf 89' lang='lat' dir='ltr'>dotibus</span> <span class='ocrx_word' id='word_1_86' title='bbox 743 1662 901 1720; x_wconf 88' lang='lat' dir='ltr'>serenatus</span> <span class='ocrx_word' id='word_1_87' title='bbox 925 1663 955 1719; x_wconf 90' lang='lat' dir='ltr'>et</span> <span class='ocrx_word' id='word_1_88' title='bbox 977 1657 1163 1720; x_wconf 83' lang='lat' dir='ltr'>fecunditate</span> <span class='ocrx_word' id='word_1_89' title='bbox 1184 1656 1277 1738; x_wconf 90' lang='lat' dir='ltr'>prolis</span> <span class='ocrx_word' id='word_1_90' title='bbox 1306 1655 1452 1737; x_wconf 83' lang='lat' dir='ltr'>quodam·</span> 
     </span>
     <span class='ocr_line' id='line_1_12' title="bbox 257 1763 1454 1834; baseline -0.002 -7"><span class='ocrx_word' id='word_1_91' title='bbox 257 1765 345 1828; x_wconf 91' lang='lat' dir='ltr'>modo</span> <span class='ocrx_word' id='word_1_92' title='bbox 367 1763 566 1834; x_wconf 89' lang='lat' dir='ltr'>fecundatus,</span> <span class='ocrx_word' id='word_1_93' title='bbox 592 1763 652 1827; x_wconf 91' lang='lat' dir='ltr'>imo</span> <span class='ocrx_word' id='word_1_94' title='bbox 679 1763 801 1828; x_wconf 87' lang='lat' dir='ltr'>uberius</span> <span class='ocrx_word' id='word_1_95' title='bbox 826 1764 967 1827; x_wconf 89' lang='lat' dir='ltr'>dilatatus</span> <span class='ocrx_word' id='word_1_96' title='bbox 988 1765 1035 1826; x_wconf 92' lang='lat' dir='ltr'>sui</span> <span class='ocrx_word' id='word_1_97' title='bbox 1057 1764 1178 1828; x_wconf 90' lang='lat' dir='ltr'>tentorii</span> <span class='ocrx_word' id='word_1_98' title='bbox 1200 1764 1274 1826; x_wconf 88' lang='lat' dir='ltr'>fecit</span> <span class='ocrx_word' id='word_1_99' title='bbox 1306 1763 1454 1826; x_wconf 88' lang='lat' dir='ltr'>funiculos</span> 
     </span>
     <span class='ocr_line' id='line_1_13' title="bbox 258 1872 420 1954; baseline -0.006 -19"><span class='ocrx_word' id='word_1_100' title='bbox 258 1872 420 1954; x_wconf 86' lang='lat' dir='ltr'>longiores.</span> 
     </span>
    </p>

    <p class='ocr_par' dir='ltr' id='par_1_3' title="bbox 253 1978 1457 3033">
     <span class='ocr_line' id='line_1_14' title="bbox 345 1978 1455 2051; baseline 0 -9"><span class='ocrx_word' id='word_1_101' title='bbox 345 1981 378 2043; x_wconf 96' lang='lat' dir='ltr'>ln</span> <span class='ocrx_word' id='word_1_102' title='bbox 404 1978 510 2043; x_wconf 90' lang='lat' dir='ltr'>barum</span> <span class='ocrx_word' id='word_1_103' title='bbox 538 1986 638 2044; x_wconf 89' lang='lat' dir='ltr'>autem</span> <span class='ocrx_word' id='word_1_104' title='bbox 669 1998 793 2043; x_wconf 91' lang='lat' dir='ltr'>numero</span> <span class='ocrx_word' id='word_1_105' title='bbox 824 1979 958 2042; x_wconf 89' lang='lat' dir='ltr'>felicium</span> <span class='ocrx_word' id='word_1_106' title='bbox 989 1979 1064 2043; x_wconf 91' lang='lat' dir='ltr'>ordo</span> <span class='ocrx_word' id='word_1_107' title='bbox 1094 1979 1180 2051; x_wconf 89' lang='lat' dir='ltr'>talis,</span> <span class='ocrx_word' id='word_1_108' title='bbox 1211 1979 1299 2042; x_wconf 90' lang='lat' dir='ltr'>velud</span> <span class='ocrx_word' id='word_1_109' title='bbox 1331 1980 1455 2045; x_wconf 88' lang='lat' dir='ltr'>lucerna</span> 
     </span>
     <span class='ocr_line' id='line_1_15' title="bbox 256 2085 1455 2169; baseline -0.001 -19"><span class='ocrx_word' id='word_1_110' title='bbox 256 2088 447 2169; x_wconf 89' lang='lat' dir='ltr'>superposita</span> <span class='ocrx_word' id='word_1_111' title='bbox 485 2085 682 2160; x_wconf 90' lang='lat' dir='ltr'>candelabro,</span> <span class='ocrx_word' id='word_1_112' title='bbox 719 2087 842 2150; x_wconf 90' lang='lat' dir='ltr'>domum</span> <span class='ocrx_word' id='word_1_113' title='bbox 874 2086 932 2149; x_wconf 89' lang='lat' dir='ltr'>Dei</span> <span class='ocrx_word' id='word_1_114' title='bbox 972 2087 1065 2150; x_wconf 88' lang='lat' dir='ltr'>verbo</span> <span class='ocrx_word' id='word_1_115' title='bbox 1099 2087 1245 2150; x_wconf 91' lang='lat' dir='ltr'>illuminat</span> <span class='ocrx_word' id='word_1_116' title='bbox 1277 2088 1392 2168; x_wconf 87' lang='lat' dir='ltr'>pariter</span> <span class='ocrx_word' id='word_1_117' title='bbox 1424 2094 1455 2150; x_wconf 89' lang='lat' dir='ltr'>et</span> 
     </span>
     <span class='ocr_line' id='line_1_16' title="bbox 256 2194 1457 2277; baseline 0 -20"><span class='ocrx_word' id='word_1_118' title='bbox 256 2196 402 2277; x_wconf 81' lang='lat' dir='ltr'>exemplo,</span> <span class='ocrx_word' id='word_1_119' title='bbox 419 2195 490 2258; x_wconf 92' lang='lat' dir='ltr'>dum</span> <span class='ocrx_word' id='word_1_120' title='bbox 506 2195 615 2259; x_wconf 85' lang='lat' dir='ltr'>fratres</span> <span class='ocrx_word' id='word_1_121' title='bbox 632 2195 727 2277; x_wconf 89' lang='lat' dir='ltr'>ipsius</span> <span class='ocrx_word' id='word_1_122' title='bbox 743 2201 774 2259; x_wconf 88' lang='lat' dir='ltr'>ct</span> <span class='ocrx_word' id='word_1_123' title='bbox 789 2196 931 2277; x_wconf 73' lang='lat' dir='ltr'>professi,</span> <span class='ocrx_word' id='word_1_124' title='bbox 949 2195 1084 2259; x_wconf 88' lang='lat' dir='ltr'>seculum</span> <span class='ocrx_word' id='word_1_125' title='bbox 1099 2195 1287 2267; x_wconf 87' lang='lat' dir='ltr'>abdicantes,</span> <span class='ocrx_word' id='word_1_126' title='bbox 1305 2194 1457 2258; x_wconf 86' lang='lat' dir='ltr'>Christum</span> 
     </span>
     <span class='ocr_line' id='line_1_17' title="bbox 253 2301 1454 2387; baseline 0 -22"><span class='ocrx_word' id='word_1_127' title='bbox 253 2321 416 2384; x_wconf 87' lang='lat' dir='ltr'>pauperem</span> <span class='ocrx_word' id='word_1_128' title='bbox 430 2303 461 2365; x_wconf 95' lang='lat' dir='ltr'>in</span> <span class='ocrx_word' id='word_1_129' title='bbox 478 2303 593 2365; x_wconf 88' lang='lat' dir='ltr'>camino</span> <span class='ocrx_word' id='word_1_130' title='bbox 610 2302 794 2385; x_wconf 88' lang='lat' dir='ltr'>paupertatis</span> <span class='ocrx_word' id='word_1_131' title='bbox 810 2301 840 2387; x_wconf 77' lang='lat'>²)</span> <span class='ocrx_word' id='word_1_132' title='bbox 858 2302 966 2365; x_wconf 82' lang='lat' dir='ltr'>eximie</span> <span class='ocrx_word' id='word_1_133' title='bbox 983 2303 1145 2367; x_wconf 88' lang='lat' dir='ltr'>imitantur.</span> <span class='ocrx_word' id='word_1_134' title='bbox 1163 2304 1257 2383; x_wconf 84' lang='lat' dir='ltr'>Igitur</span> <span class='ocrx_word' id='word_1_135' title='bbox 1273 2302 1311 2365; x_wconf 91' lang='lat' dir='ltr'>ob</span> <span class='ocrx_word' id='word_1_136' title='bbox 1333 2303 1454 2366; x_wconf 91' lang='lat' dir='ltr'>virtutis</span> 
     </span>
     <span class='ocr_line' id='line_1_18' title="bbox 257 2409 1455 2494; baseline 0.003 -23"><span class='ocrx_word' id='word_1_137' title='bbox 257 2415 288 2472; x_wconf 89' lang='lat' dir='ltr'>et</span> <span class='ocrx_word' id='word_1_138' title='bbox 303 2409 464 2491; x_wconf 83' lang='lat' dir='ltr'>probitatis</span> <span class='ocrx_word' id='word_1_139' title='bbox 478 2429 581 2472; x_wconf 90' lang='lat' dir='ltr'>eorum</span> <span class='ocrx_word' id='word_1_140' title='bbox 593 2410 631 2494; x_wconf 82' lang='lat' dir='ltr'>a)</span> <span class='ocrx_word' id='word_1_141' title='bbox 643 2410 749 2472; x_wconf 90' lang='lat' dir='ltr'>merita</span> <span class='ocrx_word' id='word_1_142' title='bbox 764 2416 825 2473; x_wconf 89' lang='lat' dir='ltr'>tam</span> <span class='ocrx_word' id='word_1_143' title='bbox 841 2411 989 2492; x_wconf 84' lang='lat' dir='ltr'>preclara,</span> <span class='ocrx_word' id='word_1_144' title='bbox 1006 2411 1089 2492; x_wconf 91' lang='lat' dir='ltr'>ipsos</span> <span class='ocrx_word' id='word_1_145' title='bbox 1105 2410 1136 2472; x_wconf 90' lang='lat' dir='ltr'>iu</span> <span class='ocrx_word' id='word_1_146' title='bbox 1148 2411 1274 2474; x_wconf 90' lang='lat' dir='ltr'>Domino</span> <span class='ocrx_word' id='word_1_147' title='bbox 1292 2410 1455 2490; x_wconf 84' lang='lat' dir='ltr'>diligimus,</span> 
     </span>
     <span class='ocr_line' id='line_1_19' title="bbox 256 2516 1456 2604; baseline 0.001 -25"><span class='ocrx_word' id='word_1_148' title='bbox 256 2537 292 2579; x_wconf 91' lang='lat' dir='ltr'>ac</span> <span class='ocrx_word' id='word_1_149' title='bbox 315 2518 475 2580; x_wconf 87' lang='lat' dir='ltr'>confovere</span> <span class='ocrx_word' id='word_1_150' title='bbox 498 2516 536 2578; x_wconf 91' lang='lat' dir='ltr'>ad</span> <span class='ocrx_word' id='word_1_151' title='bbox 557 2518 778 2599; x_wconf 89' lang='lat' dir='ltr'>plantacionem</span> <span class='ocrx_word' id='word_1_152' title='bbox 794 2518 958 2604; x_wconf 79' lang='lat' dir='ltr'>orthodoxe</span> <span class='ocrx_word' id='word_1_153' title='bbox 974 2517 1044 2581; x_wconf 89' lang='lat' dir='ltr'>fidei</span> <span class='ocrx_word' id='word_1_154' title='bbox 1061 2539 1097 2582; x_wconf 92' lang='lat' dir='ltr'>ac</span> <span class='ocrx_word' id='word_1_155' title='bbox 1114 2518 1273 2583; x_wconf 89' lang='lat' dir='ltr'>utilitatem</span> <span class='ocrx_word' id='word_1_156' title='bbox 1289 2517 1456 2599; x_wconf 85' lang='lat' dir='ltr'>reipublice</span> 
     </span>
     <span class='ocr_line' id='line_1_20' title="bbox 254 2624 1455 2709; baseline 0.002 -24"><span class='ocrx_word' id='word_1_157' title='bbox 254 2624 427 2705; x_wconf 88' lang='lat' dir='ltr'>cupientes,</span> <span class='ocrx_word' id='word_1_158' title='bbox 455 2625 486 2686; x_wconf 93' lang='lat' dir='ltr'>in</span> <span class='ocrx_word' id='word_1_159' title='bbox 508 2624 606 2688; x_wconf 88' lang='lat' dir='ltr'>animo</span> <span class='ocrx_word' id='word_1_160' title='bbox 623 2625 807 2707; x_wconf 91' lang='lat' dir='ltr'>disponimus</span> <span class='ocrx_word' id='word_1_161' title='bbox 825 2631 855 2689; x_wconf 93' lang='lat' dir='ltr'>et</span> <span class='ocrx_word' id='word_1_162' title='bbox 869 2626 900 2691; x_wconf 92' lang='lat' dir='ltr'>in</span> <span class='ocrx_word' id='word_1_163' title='bbox 915 2632 1034 2699; x_wconf 88' lang='lat' dir='ltr'>mente,</span> <span class='ocrx_word' id='word_1_164' title='bbox 1051 2633 1141 2709; x_wconf 91' lang='lat' dir='ltr'>prout</span> <span class='ocrx_word' id='word_1_165' title='bbox 1166 2627 1283 2707; x_wconf 85' lang='lat' dir='ltr'>regiam</span> <span class='ocrx_word' id='word_1_166' title='bbox 1305 2625 1455 2689; x_wconf 89' lang='lat' dir='ltr'>condecet</span> 
     </span>
     <span class='ocr_line' id='line_1_21' title="bbox 255 2731 1455 2820; baseline 0 -27"><span class='ocrx_word' id='word_1_167' title='bbox 255 2731 531 2812; x_wconf 84' lang='lat' dir='ltr'>magnificenciam,</span> <span class='ocrx_word' id='word_1_168' title='bbox 554 2733 668 2796; x_wconf 87' lang='lat' dir='ltr'>eisdem</span> <span class='ocrx_word' id='word_1_169' title='bbox 682 2733 722 2820; x_wconf 81' lang='lat' dir='ltr'>s]</span> <span class='ocrx_word' id='word_1_170' title='bbox 739 2738 770 2796; x_wconf 91' lang='lat' dir='ltr'>et</span> <span class='ocrx_word' id='word_1_171' title='bbox 785 2733 817 2796; x_wconf 96' lang='lat' dir='ltr'>in</span> <span class='ocrx_word' id='word_1_172' title='bbox 834 2734 1049 2797; x_wconf 90' lang='lat' dir='ltr'>conservandis</span> <span class='ocrx_word' id='word_1_173' title='bbox 1064 2733 1105 2818; x_wconf 77' lang='lat' dir='ltr'>p)</span> <span class='ocrx_word' id='word_1_174' title='bbox 1122 2733 1311 2798; x_wconf 84' lang='lat' dir='ltr'>libertatibus</span> <span class='ocrx_word' id='word_1_175' title='bbox 1327 2731 1455 2797; x_wconf 89' lang='lat' dir='ltr'>inveniri</span> 
     </span>
     <span class='ocr_line' id='line_1_22' title="bbox 254 2839 1453 2925; baseline 0.001 -25"><span class='ocrx_word' id='word_1_176' title='bbox 254 2839 359 2902; x_wconf 78' lang='lat' dir='ltr'>faciles</span> <span class='ocrx_word' id='word_1_177' title='bbox 382 2845 413 2902; x_wconf 88' lang='lat' dir='ltr'>et</span> <span class='ocrx_word' id='word_1_178' title='bbox 434 2840 660 2921; x_wconf 89' lang='lat' dir='ltr'>promocionnm</span> <span class='ocrx_word' id='word_1_179' title='bbox 682 2840 724 2925; x_wconf 78' lang='lat' dir='ltr'>la)</span> <span class='ocrx_word' id='word_1_180' title='bbox 746 2839 901 2903; x_wconf 85' lang='lat' dir='ltr'>beneficiis</span> <span class='ocrx_word' id='word_1_181' title='bbox 923 2840 1074 2903; x_wconf 89' lang='lat' dir='ltr'>liberales.</span> <span class='ocrx_word' id='word_1_182' title='bbox 1111 2841 1150 2903; x_wconf 85' lang='lat' dir='ltr'>Et</span> <span class='ocrx_word' id='word_1_183' title='bbox 1178 2859 1237 2903; x_wconf 90' lang='lat' dir='ltr'>non</span> <span class='ocrx_word' id='word_1_184' title='bbox 1260 2841 1355 2903; x_wconf 86' lang='lat' dir='ltr'>solum</span> <span class='ocrx_word' id='word_1_185' title='bbox 1377 2840 1453 2921; x_wconf 89' lang='lat' dir='ltr'>ipsis</span> 
     </span>
     <span class='ocr_line' id='line_1_23' title="bbox 256 2947 1322 3033; baseline 0.001 -25"><span class='ocrx_word' id='word_1_186' title='bbox 256 2967 324 3009; x_wconf 88' lang='lat' dir='ltr'>esse</span> <span class='ocrx_word' id='word_1_187' title='bbox 341 2947 475 3011; x_wconf 86' lang='lat' dir='ltr'>volumus</span> <span class='ocrx_word' id='word_1_188' title='bbox 492 2947 631 3029; x_wconf 91' lang='lat' dir='ltr'>propicii,</span> <span class='ocrx_word' id='word_1_189' title='bbox 647 2948 702 3010; x_wconf 94' lang='lat' dir='ltr'>sed</span> <span class='ocrx_word' id='word_1_190' title='bbox 719 2948 752 3033; x_wconf 78' lang='lat' dir='ltr'>i)</span> <span class='ocrx_word' id='word_1_191' title='bbox 769 2948 902 3030; x_wconf 92' lang='lat' dir='ltr'>ipsorum</span> <span class='ocrx_word' id='word_1_192' title='bbox 917 2948 1164 3013; x_wconf 88' lang='lat' dir='ltr'>benefactoribus</span> <span class='ocrx_word' id='word_1_193' title='bbox 1181 2949 1322 3030; x_wconf 84' lang='lat' dir='ltr'>graciosi.</span> 
     </span>
    </p>

    <p class='ocr_par' dir='ltr' id='par_1_4' title="bbox 164 3055 1454 4107">
     <span class='ocr_line' id='line_1_24' title="bbox 345 3055 1452 3138; baseline -0.003 -19"><span class='ocrx_word' id='word_1_194' title='bbox 345 3055 455 3119; x_wconf 90' lang='lat' dir='ltr'>Verum</span> <span class='ocrx_word' id='word_1_195' title='bbox 481 3055 612 3138; x_wconf 90' lang='lat' dir='ltr'>predicti</span> <span class='ocrx_word' id='word_1_196' title='bbox 639 3057 748 3119; x_wconf 88' lang='lat' dir='ltr'>fratres</span> <span class='ocrx_word' id='word_1_197' title='bbox 782 3055 868 3119; x_wconf 91' lang='lat' dir='ltr'>vobis</span> <span class='ocrx_word' id='word_1_198' title='bbox 898 3077 952 3138; x_wconf 92' lang='lat' dir='ltr'>pro</span> <span class='ocrx_word' id='word_1_199' title='bbox 984 3057 1098 3120; x_wconf 89' lang='lat' dir='ltr'>solacio</span> <span class='ocrx_word' id='word_1_200' title='bbox 1130 3061 1162 3120; x_wconf 89' lang='lat' dir='ltr'>et</span> <span class='ocrx_word' id='word_1_201' title='bbox 1193 3056 1288 3119; x_wconf 90' lang='lat' dir='ltr'>salute</span> <span class='ocrx_word' id='word_1_202' title='bbox 1321 3055 1452 3119; x_wconf 91' lang='lat' dir='ltr'>omnium</span> 
     </span>
     <span class='ocr_line' id='line_1_25' title="bbox 256 3161 1451 3246; baseline -0.002 -20"><span class='ocrx_word' id='word_1_203' title='bbox 256 3170 492 3235; x_wconf 86' lang='lat' dir='ltr'>commorantes,</span> <span class='ocrx_word' id='word_1_204' title='bbox 521 3183 557 3226; x_wconf 91' lang='lat' dir='ltr'>ac</span> <span class='ocrx_word' id='word_1_205' title='bbox 585 3169 715 3227; x_wconf 90' lang='lat' dir='ltr'>vestram</span> <span class='ocrx_word' id='word_1_206' title='bbox 743 3163 968 3227; x_wconf 89' lang='lat' dir='ltr'>universitatem</span> <span class='ocrx_word' id='word_1_207' title='bbox 991 3164 1029 3225; x_wconf 93' lang='lat' dir='ltr'>de</span> <span class='ocrx_word' id='word_1_208' title='bbox 1051 3163 1267 3246; x_wconf 89' lang='lat' dir='ltr'>multiplicibus</span> <span class='ocrx_word' id='word_1_209' title='bbox 1292 3161 1451 3225; x_wconf 89' lang='lat' dir='ltr'>beneficiis</span> 
     </span>
     <span class='ocr_line' id='line_1_26' title="bbox 238 3270 1454 3355; baseline -0.001 -21"><span class='ocrx_word' id='word_1_210' title='bbox 238 3271 498 3334; x_wconf 79' lang='lat' dir='ltr'>commendantes</span> <span class='ocrx_word' id='word_1_211' title='bbox 521 3277 676 3344; x_wconf 89' lang='lat' dir='ltr'>asserunt,</span> <span class='ocrx_word' id='word_1_212' title='bbox 700 3272 779 3355; x_wconf 91' lang='lat' dir='ltr'>quod</span> <span class='ocrx_word' id='word_1_213' title='bbox 800 3292 860 3335; x_wconf 92' lang='lat' dir='ltr'>nno</span> <span class='ocrx_word' id='word_1_214' title='bbox 882 3275 997 3335; x_wconf 86' lang='lat' dir='ltr'>tantum</span> <span class='ocrx_word' id='word_1_215' title='bbox 1018 3272 1050 3334; x_wconf 94' lang='lat' dir='ltr'>in</span> <span class='ocrx_word' id='word_1_216' title='bbox 1072 3292 1127 3336; x_wconf 91' lang='lat' dir='ltr'>suo</span> <span class='ocrx_word' id='word_1_217' title='bbox 1144 3270 1272 3335; x_wconf 87' lang='lat' dir='ltr'>cenobio</span> <span class='ocrx_word' id='word_1_218' title='bbox 1287 3271 1454 3351; x_wconf 85' lang='lat' dir='ltr'>fatigentur</span> 
     </span>
     <span class='ocr_line' id='line_1_27' title="bbox 254 3377 1453 3461; baseline 0.004 -24"><span class='ocrx_word' id='word_1_219' title='bbox 254 3377 429 3449; x_wconf 89' lang='lat' dir='ltr'>incomodo,</span> <span class='ocrx_word' id='word_1_220' title='bbox 457 3379 539 3460; x_wconf 91' lang='lat' dir='ltr'>ipsos</span> <span class='ocrx_word' id='word_1_221' title='bbox 562 3379 670 3441; x_wconf 89' lang='lat' dir='ltr'>fratres</span> <span class='ocrx_word' id='word_1_222' title='bbox 693 3378 932 3442; x_wconf 89' lang='lat' dir='ltr'>intollerabiliter</span> <span class='ocrx_word' id='word_1_223' title='bbox 955 3379 1125 3459; x_wconf 84' lang='lat' dir='ltr'>affligente,</span> <span class='ocrx_word' id='word_1_224' title='bbox 1152 3379 1293 3442; x_wconf 87' lang='lat' dir='ltr'>videlicet</span> <span class='ocrx_word' id='word_1_225' title='bbox 1309 3380 1388 3461; x_wconf 91' lang='lat' dir='ltr'>quod</span> <span class='ocrx_word' id='word_1_226' title='bbox 1404 3380 1453 3443; x_wconf 89' lang='lat' dir='ltr'>via</span> 
     </span>
     <span class='ocr_line' id='line_1_28' title="bbox 238 3485 1453 3568; baseline 0.005 -23"><span class='ocrx_word' id='word_1_227' title='bbox 238 3563 240 3568; x_wconf 21' lang='grc' dir='ltr'>Ι</span> <span class='ocrx_word' id='word_1_228' title='bbox 256 3485 336 3547; x_wconf 89' lang='lat' dir='ltr'>inter</span> <span class='ocrx_word' id='word_1_229' title='bbox 357 3506 472 3551; x_wconf 92' lang='lat' dir='ltr'>murum</span> <span class='ocrx_word' id='word_1_230' title='bbox 489 3486 625 3566; x_wconf 83' lang='lat' dir='ltr'>civitatis</span> <span class='ocrx_word' id='word_1_231' title='bbox 647 3492 747 3549; x_wconf 82' lang='lat' dir='ltr'>vestre</span> <span class='ocrx_word' id='word_1_232' title='bbox 770 3492 801 3549; x_wconf 91' lang='lat' dir='ltr'>et</span> <span class='ocrx_word' id='word_1_233' title='bbox 823 3506 939 3551; x_wconf 88' lang='lat' dir='ltr'>murum</span> <span class='ocrx_word' id='word_1_234' title='bbox 956 3506 1059 3549; x_wconf 89' lang='lat' dir='ltr'>eorum</span> <span class='ocrx_word' id='word_1_235' title='bbox 1074 3485 1246 3550; x_wconf 86' lang='lat' dir='ltr'>habitacula</span> <span class='ocrx_word' id='word_1_236' title='bbox 1262 3486 1453 3551; x_wconf 89' lang='lat' dir='ltr'>circumdan-</span> 
     </span>
     <span class='ocr_line' id='line_1_29' title="bbox 256 3592 1452 3676; baseline 0.003 -22"><span class='ocrx_word' id='word_1_237' title='bbox 256 3599 316 3655; x_wconf 88' lang='lat' dir='ltr'>tem</span> <span class='ocrx_word' id='word_1_238' title='bbox 343 3593 458 3665; x_wconf 90' lang='lat' dir='ltr'>mcdia,</span> <span class='ocrx_word' id='word_1_239' title='bbox 490 3614 547 3656; x_wconf 88' lang='lat' dir='ltr'>nec</span> <span class='ocrx_word' id='word_1_240' title='bbox 578 3613 633 3675; x_wconf 91' lang='lat' dir='ltr'>pro</span> <span class='ocrx_word' id='word_1_241' title='bbox 661 3614 717 3656; x_wconf 94' lang='lat' dir='ltr'>usu</span> <span class='ocrx_word' id='word_1_242' title='bbox 745 3593 865 3676; x_wconf 89' lang='lat' dir='ltr'>quidem</span> <span class='ocrx_word' id='word_1_243' title='bbox 892 3593 1008 3674; x_wconf 91' lang='lat' dir='ltr'>privato</span> <span class='ocrx_word' id='word_1_244' title='bbox 1037 3612 1093 3654; x_wconf 90' lang='lat' dir='ltr'>nec</span> <span class='ocrx_word' id='word_1_245' title='bbox 1119 3592 1240 3675; x_wconf 87' lang='lat' dir='ltr'>publico</span> <span class='ocrx_word' id='word_1_246' title='bbox 1268 3596 1452 3669; x_wconf 89' lang='lat' dir='ltr'>neccssaria,</span> 
     </span>
     <span class='ocr_line' id='line_1_30' title="bbox 256 3701 1453 3787; baseline 0.004 -24"><span class='ocrx_word' id='word_1_247' title='bbox 256 3703 331 3783; x_wconf 88' lang='lat' dir='ltr'>ipsis</span> <span class='ocrx_word' id='word_1_248' title='bbox 353 3701 496 3764; x_wconf 88' lang='lat' dir='ltr'>fratribus</span> <span class='ocrx_word' id='word_1_249' title='bbox 513 3703 551 3764; x_wconf 90' lang='lat' dir='ltr'>ob</span> <span class='ocrx_word' id='word_1_250' title='bbox 574 3702 705 3784; x_wconf 87' lang='lat' dir='ltr'>undiquc</span> <span class='ocrx_word' id='word_1_251' title='bbox 722 3701 882 3781; x_wconf 85' lang='lat' dir='ltr'>agencium</span> <span class='ocrx_word' id='word_1_252' title='bbox 902 3701 1085 3765; x_wconf 90' lang='lat' dir='ltr'>insolencias</span> <span class='ocrx_word' id='word_1_253' title='bbox 1100 3701 1142 3787; x_wconf 79' lang='lat' dir='ltr'>lc)</span> <span class='ocrx_word' id='word_1_254' title='bbox 1164 3702 1250 3764; x_wconf 87' lang='lat' dir='ltr'>valde</span> <span class='ocrx_word' id='word_1_255' title='bbox 1276 3701 1405 3768; x_wconf 88' lang='lat' dir='ltr'>difficilis</span> <span class='ocrx_word' id='word_1_256' title='bbox 1421 3711 1453 3768; x_wconf 90' lang='lat' dir='ltr'>ct</span> 
     </span>
     <span class='ocr_line' id='line_1_31' title="bbox 258 3808 1453 3894; baseline 0.003 -23"><span class='ocrx_word' id='word_1_257' title='bbox 258 3810 430 3891; x_wconf 89' lang='lat' dir='ltr'>dampnosa.</span> <span class='ocrx_word' id='word_1_258' title='bbox 457 3810 520 3872; x_wconf 90' lang='lat' dir='ltr'>Nos</span> <span class='ocrx_word' id='word_1_259' title='bbox 536 3810 654 3892; x_wconf 90' lang='lat' dir='ltr'>itaque,</span> <span class='ocrx_word' id='word_1_260' title='bbox 678 3808 900 3890; x_wconf 87' lang='lat' dir='ltr'>perpendentes</span> <span class='ocrx_word' id='word_1_261' title='bbox 918 3829 954 3871; x_wconf 86' lang='lat' dir='ltr'>ex</span> <span class='ocrx_word' id='word_1_262' title='bbox 970 3815 1053 3872; x_wconf 89' lang='lat' dir='ltr'>certa</span> <span class='ocrx_word' id='word_1_263' title='bbox 1070 3810 1205 3872; x_wconf 88' lang='lat' dir='ltr'>sciencia</span> <span class='ocrx_word' id='word_1_264' title='bbox 1220 3809 1270 3893; x_wconf 85' lang='lat' dir='ltr'>l),</span> <span class='ocrx_word' id='word_1_265' title='bbox 1293 3812 1373 3893; x_wconf 91' lang='lat' dir='ltr'>quod</span> <span class='ocrx_word' id='word_1_266' title='bbox 1397 3832 1453 3894; x_wconf 89' lang='lat' dir='ltr'>per</span> 
     </span>
     <span class='ocr_line' id='line_1_32' title="bbox 164 3903 1451 4000; baseline 0.002 -20"><span class='ocrx_word' id='word_1_267' title='bbox 164 3903 169 3910; x_wconf 48' lang='grc'><em>’</em></span> <span class='ocrx_word' id='word_1_268' title='bbox 258 3918 455 3981; x_wconf 91' lang='lat' dir='ltr'>donacionem</span> <span class='ocrx_word' id='word_1_269' title='bbox 486 3917 581 3999; x_wconf 91' lang='lat' dir='ltr'>ipsius</span> <span class='ocrx_word' id='word_1_270' title='bbox 618 3915 666 3979; x_wconf 90' lang='lat' dir='ltr'>vie</span> <span class='ocrx_word' id='word_1_271' title='bbox 697 3916 742 3978; x_wconf 88' lang='lat' dir='ltr'>sic</span> <span class='ocrx_word' id='word_1_272' title='bbox 771 3915 917 3997; x_wconf 91' lang='lat' dir='ltr'>predictis</span> <span class='ocrx_word' id='word_1_273' title='bbox 948 3915 1092 3980; x_wconf 89' lang='lat' dir='ltr'>fratribus</span> <span class='ocrx_word' id='word_1_274' title='bbox 1124 3917 1268 3980; x_wconf 90' lang='lat' dir='ltr'>solacium</span> <span class='ocrx_word' id='word_1_275' title='bbox 1299 3919 1451 4000; x_wconf 88' lang='lat' dir='ltr'>provideri</span> 
     </span>
     <span class='ocr_line' id='line_1_33' title="bbox 258 4023 1451 4107; baseline 0.002 -19"><span class='ocrx_word' id='word_1_276' title='bbox 258 4027 372 4098; x_wconf 90' lang='lat' dir='ltr'>valeat,</span> <span class='ocrx_word' id='word_1_277' title='bbox 400 4025 480 4107; x_wconf 92' lang='lat' dir='ltr'>quod</span> <span class='ocrx_word' id='word_1_278' title='bbox 495 4029 596 4088; x_wconf 92' lang='lat' dir='ltr'>vestre</span> <span class='ocrx_word' id='word_1_279' title='bbox 614 4023 727 4087; x_wconf 87' lang='lat' dir='ltr'>civitati</span> <span class='ocrx_word' id='word_1_280' title='bbox 755 4023 867 4086; x_wconf 93' lang='lat' dir='ltr'>nullum</span> <span class='ocrx_word' id='word_1_281' title='bbox 893 4023 1014 4105; x_wconf 88' lang='lat' dir='ltr'>penitus</span> <span class='ocrx_word' id='word_1_282' title='bbox 1043 4044 1079 4087; x_wconf 86' lang='lat' dir='ltr'>ex</span> <span class='ocrx_word' id='word_1_283' title='bbox 1105 4025 1163 4088; x_wconf 91' lang='lat' dir='ltr'>hoc</span> <span class='ocrx_word' id='word_1_284' title='bbox 1184 4027 1333 4089; x_wconf 89' lang='lat' dir='ltr'>accedere</span> <span class='ocrx_word' id='word_1_285' title='bbox 1350 4028 1451 4090; x_wconf 88' lang='lat' dir='ltr'>valeat</span> 
     </span>
    </p>
   </div>
   <div class='ocr_carea' id='block_1_3' title="bbox 235 4147 1452 4473">
    <p class='ocr_par' dir='ltr' id='par_1_5' title="bbox 235 4147 1452 4473">
     <span class='ocr_line' id='line_1_34' title="bbox 235 4147 1450 4220; baseline 0.002 -17"><span class='ocrx_word' id='word_1_286' title='bbox 235 4172 238 4176; x_wconf 49' lang='lat'><em>⁷</em></span> <span class='ocrx_word' id='word_1_287' title='bbox 330 4152 365 4220; x_wconf 85' lang='lat' dir='ltr'>o)</span> <span class='ocrx_word' id='word_1_288' title='bbox 376 4149 475 4204; x_wconf 81' lang='lat' dir='ltr'>ctfelvlt</span> <span class='ocrx_word' id='word_1_289' title='bbox 481 4150 509 4202; x_wconf 92' lang='grc' dir='ltr'>Ζ.</span> <span class='ocrx_word' id='word_1_290' title='bbox 519 4178 547 4188; x_wconf 89' lang='lat'><em>-</em></span> <span class='ocrx_word' id='word_1_291' title='bbox 557 4148 572 4201; x_wconf 83' lang='lat' dir='ltr'>b</span> <span class='ocrx_word' id='word_1_292' title='bbox 572 4147 590 4215; x_wconf 88' lang='lat'><em>)</em></span> <span class='ocrx_word' id='word_1_293' title='bbox 599 4148 676 4217; x_wconf 85' lang='lat' dir='ltr'>copia</span> <span class='ocrx_word' id='word_1_294' title='bbox 683 4165 715 4201; x_wconf 89' lang='lat' dir='ltr'>zu</span> <span class='ocrx_word' id='word_1_295' title='bbox 723 4147 939 4217; x_wconf 70' lang='lat' dir='ltr'>cogitanam—c)</span> <span class='ocrx_word' id='word_1_296' title='bbox 950 4148 1046 4201; x_wconf 90' lang='lat' dir='ltr'>lumina</span> <span class='ocrx_word' id='word_1_297' title='bbox 1054 4148 1081 4202; x_wconf 92' lang='grc' dir='ltr'>Ζ.</span> <span class='ocrx_word' id='word_1_298' title='bbox 1091 4149 1166 4217; x_wconf 82' lang='lat' dir='ltr'>—d)</span> <span class='ocrx_word' id='word_1_299' title='bbox 1175 4154 1204 4202; x_wconf 86' lang='lat' dir='ltr'>et</span> <span class='ocrx_word' id='word_1_300' title='bbox 1210 4151 1310 4213; x_wconf 81' lang='lat' dir='ltr'>fclrltZ,</span> <span class='ocrx_word' id='word_1_301' title='bbox 1317 4153 1345 4204; x_wconf 88' lang='lat' dir='ltr'>et</span> <span class='ocrx_word' id='word_1_302' title='bbox 1351 4151 1404 4205; x_wconf 92' lang='lat' dir='ltr'>situ</span> <span class='ocrx_word' id='word_1_303' title='bbox 1410 4169 1450 4205; x_wconf 85' lang='lat' dir='ltr'>am</span> 
     </span>
     <span class='ocr_line' id='line_1_35' title="bbox 259 4236 1450 4310; baseline 0 -17"><span class='ocrx_word' id='word_1_304' title='bbox 259 4242 349 4294; x_wconf 87' lang='lat' dir='ltr'>Rande</span> <span class='ocrx_word' id='word_1_305' title='bbox 357 4242 386 4295; x_wconf 85' lang='lat' dir='ltr'>V.</span> <span class='ocrx_word' id='word_1_306' title='bbox 398 4270 424 4279; x_wconf 92' lang='lat'>-</span> <span class='ocrx_word' id='word_1_307' title='bbox 435 4241 467 4309; x_wconf 85' lang='lat' dir='ltr'>e)</span> <span class='ocrx_word' id='word_1_308' title='bbox 475 4240 592 4309; x_wconf 78' lang='lat' dir='ltr'>ipsorum</span> <span class='ocrx_word' id='word_1_309' title='bbox 598 4239 626 4291; x_wconf 86' lang='lat' dir='ltr'>Z.</span> <span class='ocrx_word' id='word_1_310' title='bbox 634 4236 704 4308; x_wconf 81' lang='lat' dir='ltr'>-f)</span> <span class='ocrx_word' id='word_1_311' title='bbox 712 4238 830 4291; x_wconf 88' lang='lat' dir='ltr'>ciusdem</span> <span class='ocrx_word' id='word_1_312' title='bbox 836 4239 864 4291; x_wconf 93' lang='grc' dir='ltr'>Ζ.</span> <span class='ocrx_word' id='word_1_313' title='bbox 875 4270 903 4279; x_wconf 99' lang='grc'>-</span> <span class='ocrx_word' id='word_1_314' title='bbox 911 4256 930 4308; x_wconf 78' lang='lat' dir='ltr'>p</span> <span class='ocrx_word' id='word_1_315' title='bbox 926 4239 947 4308; x_wconf 84' lang='lat'><strong><em>)</em></strong></span> <span class='ocrx_word' id='word_1_316' title='bbox 955 4237 1126 4292; x_wconf 89' lang='lat' dir='ltr'>observandis</span> <span class='ocrx_word' id='word_1_317' title='bbox 1132 4240 1160 4292; x_wconf 85' lang='lat' dir='ltr'>Z.</span> <span class='ocrx_word' id='word_1_318' title='bbox 1168 4267 1198 4277; x_wconf 96' lang='lat'>—</span> <span class='ocrx_word' id='word_1_319' title='bbox 1207 4238 1241 4307; x_wconf 79' lang='lat' dir='ltr'>lo)</span> <span class='ocrx_word' id='word_1_320' title='bbox 1253 4241 1450 4310; x_wconf 85' lang='lat' dir='ltr'>promocionem</span> 
     </span>
     <span class='ocr_line' id='line_1_36' title="bbox 259 4329 1452 4398; baseline -0.001 -16"><span class='ocrx_word' id='word_1_321' title='bbox 259 4331 288 4383; x_wconf 92' lang='lat' dir='ltr'>V.</span> <span class='ocrx_word' id='word_1_322' title='bbox 298 4361 326 4370; x_wconf 88' lang='lat'>-</span> <span class='ocrx_word' id='word_1_323' title='bbox 337 4331 452 4398; x_wconf 74' lang='lat' dir='ltr'>iJsedet</span> <span class='ocrx_word' id='word_1_324' title='bbox 462 4331 489 4382; x_wconf 83' lang='grc' dir='ltr'>Ζ.</span> <span class='ocrx_word' id='word_1_325' title='bbox 499 4359 528 4368; x_wconf 92' lang='grc'><strong>-</strong></span> <span class='ocrx_word' id='word_1_326' title='bbox 538 4329 613 4398; x_wconf 76' lang='lat' dir='ltr'>le)ol›</span> <span class='ocrx_word' id='word_1_327' title='bbox 627 4329 889 4398; x_wconf 80' lang='lat' dir='ltr'>undiqneagenrinm</span> <span class='ocrx_word' id='word_1_328' title='bbox 902 4329 1059 4383; x_wconf 84' lang='lat' dir='ltr'>insolencias</span> <span class='ocrx_word' id='word_1_329' title='bbox 1073 4346 1113 4382; x_wconf 91' lang='lat' dir='ltr'>am</span> <span class='ocrx_word' id='word_1_330' title='bbox 1126 4330 1215 4382; x_wconf 87' lang='lat' dir='ltr'>Rande</span> <span class='ocrx_word' id='word_1_331' title='bbox 1227 4329 1256 4382; x_wconf 86' lang='lat' dir='ltr'>V.</span> <span class='ocrx_word' id='word_1_332' title='bbox 1266 4332 1329 4398; x_wconf 88' lang='lat' dir='ltr'>-l)</span> <span class='ocrx_word' id='word_1_333' title='bbox 1343 4334 1452 4384; x_wconf 83' lang='lat' dir='ltr'>senten·</span> 
     </span>
     <span class='ocr_line' id='line_1_37' title="bbox 259 4420 341 4473; baseline 0 0"><span class='ocrx_word' id='word_1_334' title='bbox 259 4422 300 4473; x_wconf 84' lang='lat' dir='ltr'>cia</span> <span class='ocrx_word' id='word_1_335' title='bbox 314 4420 341 4473; x_wconf 91' lang='grc' dir='ltr'>Ζ.</span> 
     </span>
    </p>
   </div>
   <div class='ocr_carea' id='block_1_4' title="bbox 291 4627 502 4778">
    <p class='ocr_par' dir='ltr' id='par_1_6' title="bbox 291 4627 502 4778">
     <span class='ocr_line' id='line_1_38' title="bbox 291 4627 488 4685; baseline 0.005 -15"><span class='ocrx_word' id='word_1_336' title='bbox 291 4630 314 4685; x_wconf 71' lang='lat'>¹)</span> <span class='ocrx_word' id='word_1_337' title='bbox 327 4627 400 4683; x_wconf 82' lang='lat' dir='ltr'>lsojae</span> <span class='ocrx_word' id='word_1_338' title='bbox 414 4628 453 4680; x_wconf 73' lang='lat' dir='ltr'>aa,</span> <span class='ocrx_word' id='word_1_339' title='bbox 467 4630 488 4671; x_wconf 91' lang='lat'>1.</span> 
     </span>
     <span class='ocr_line' id='line_1_39' title="bbox 292 4713 502 4778; baseline -0.005 -17"><span class='ocrx_word' id='word_1_340' title='bbox 292 4719 316 4778; x_wconf 75' lang='lat'>²)</span> <span class='ocrx_word' id='word_1_341' title='bbox 330 4717 402 4774; x_wconf 81' lang='lat' dir='ltr'>lsajac</span> <span class='ocrx_word' id='word_1_342' title='bbox 412 4715 451 4762; x_wconf 75' lang='lat' dir='ltr'>la.</span> <span class='ocrx_word' id='word_1_343' title='bbox 466 4713 502 4757; x_wconf 83' lang='lat'>10.</span> 
     </span>
    </p>
   </div>
   <div class='ocr_carea' id='block_1_5' title="bbox 0 0 1610 5392">
    <p class='ocr_par' dir='ltr' id='par_1_7' title="bbox 0 0 1610 5392">
     <span class='ocr_line' id='line_1_40' title="bbox 0 0 1610 5392; baseline 0 0"><span class='ocrx_word' id='word_1_344' title='bbox 0 0 1610 5392; x_wconf 95' lang='lat' dir='ltr'> </span> 
     </span>
    </p>
   </div>
  </div>
 </body>
</html>
