<?xml version="1.0" encoding="UTF-8"?>
<!DOCTYPE html PUBLIC "-//W3C//DTD XHTML 1.0 Transitional//EN"
    "http://www.w3.org/TR/xhtml1/DTD/xhtml1-transitional.dtd">
<html xmlns="http://www.w3.org/1999/xhtml" xml:lang="en" lang="en">
 <head>
  <title>
</title>
<meta http-equiv="Content-Type" content="text/html;charset=utf-8" />
  <meta name='ocr-system' content='tesseract 3.04.00' />
  <meta name='ocr-capabilities' content='ocr_page ocr_carea ocr_par ocr_line ocrx_word'/>
</head>
<body>
  <div class='ocr_page' id='page_1' title='image "./fontesrerumaust00unkngoog_0264.png"; bbox 0 0 3209 5392; ppageno 0'>
   <div class='ocr_carea' id='block_1_1' title="bbox 1274 488 1352 558">
    <p class='ocr_par' dir='ltr' id='par_1_1' title="bbox 1274 488 1352 558">
     <span class='ocr_line' id='line_1_1' title="bbox 1274 488 1352 558; baseline 0.026 -2"><span class='ocrx_word' id='word_1_1' title='bbox 1274 488 1352 558; x_wconf 80' lang='lat'>237</span> 
     </span>
    </p>
   </div>
   <div class='ocr_carea' id='block_1_2' title="bbox 161 653 1358 1623">
    <p class='ocr_par' dir='ltr' id='par_1_2' title="bbox 161 653 1358 1623">
     <span class='ocr_line' id='line_1_2' title="bbox 255 653 1357 719; baseline 0 -8"><span class='ocrx_word' id='word_1_2' title='bbox 255 657 371 711; x_wconf 88' lang='lat' dir='ltr'>Gerbert</span> <span class='ocrx_word' id='word_1_3' title='bbox 395 654 452 718; x_wconf 82' lang='lat'>1,1</span> <span class='ocrx_word' id='word_1_4' title='bbox 478 656 531 708; x_wconf 91' lang='lat' dir='ltr'>uod</span> <span class='ocrx_word' id='word_1_5' title='bbox 554 655 684 709; x_wconf 90' lang='lat' dir='ltr'>Boehmer</span> <span class='ocrx_word' id='word_1_6' title='bbox 707 657 820 709; x_wconf 81' lang='lat' dir='ltr'>nebmen</span> <span class='ocrx_word' id='word_1_7' title='bbox 843 659 889 709; x_wconf 90' lang='lat' dir='ltr'>mit</span> <span class='ocrx_word' id='word_1_8' title='bbox 910 657 996 711; x_wconf 87' lang='lat' dir='ltr'>Recht</span> <span class='ocrx_word' id='word_1_9' title='bbox 1017 673 1063 719; x_wconf 86' lang='lat' dir='ltr'>en,</span> <span class='ocrx_word' id='word_1_10' title='bbox 1087 653 1261 711; x_wconf 79' lang='lat' dir='ltr'>dass&#39;dieser</span> <span class='ocrx_word' id='word_1_11' title='bbox 1284 658 1357 711; x_wconf 88' lang='lat' dir='ltr'>Brief</span> 
     </span>
     <span class='ocr_line' id='line_1_3' title="bbox 166 745 1354 817; baseline 0.002 -18"><span class='ocrx_word' id='word_1_12' title='bbox 166 764 214 800; x_wconf 89' lang='lat' dir='ltr'>vor</span> <span class='ocrx_word' id='word_1_13' title='bbox 233 745 591 817; x_wconf 78' lang='lat' dir='ltr'>Rudolfslfdnigskrdnung</span> <span class='ocrx_word' id='word_1_14' title='bbox 614 746 677 816; x_wconf 86' lang='lat' dir='ltr'>(vor</span> <span class='ocrx_word' id='word_1_15' title='bbox 700 747 758 799; x_wconf 91' lang='lat' dir='ltr'>dem</span> <span class='ocrx_word' id='word_1_16' title='bbox 782 748 826 801; x_wconf 75' lang='lat'>24.</span> <span class='ocrx_word' id='word_1_17' title='bbox 850 748 967 801; x_wconf 76' lang='lat' dir='ltr'>October</span> <span class='ocrx_word' id='word_1_18' title='bbox 992 745 1078 817; x_wconf 81' lang='lat'>1273)</span> <span class='ocrx_word' id='word_1_19' title='bbox 1102 746 1279 817; x_wconf 81' lang='lat' dir='ltr'>gescbrieben</span> <span class='ocrx_word' id='word_1_20' title='bbox 1298 751 1354 802; x_wconf 86' lang='lat' dir='ltr'>sein</span> 
     </span>
     <span class='ocr_line' id='line_1_4' title="bbox 163 835 1356 909; baseline 0.001 -20"><span class='ocrx_word' id='word_1_21' title='bbox 163 853 242 901; x_wconf 82' lang='lat' dir='ltr'>muso,</span> <span class='ocrx_word' id='word_1_22' title='bbox 262 838 296 891; x_wconf 80' lang='lat' dir='ltr'>da</span> <span class='ocrx_word' id='word_1_23' title='bbox 311 838 358 890; x_wconf 89' lang='lat' dir='ltr'>der</span> <span class='ocrx_word' id='word_1_24' title='bbox 372 838 458 909; x_wconf 80' lang='lat' dir='ltr'>lfdnig</span> <span class='ocrx_word' id='word_1_25' title='bbox 471 840 547 891; x_wconf 82' lang='lat' dir='ltr'>sonet</span> <span class='ocrx_word' id='word_1_26' title='bbox 560 835 632 890; x_wconf 87' lang='lat' dir='ltr'>nicht</span> <span class='ocrx_word' id='word_1_27' title='bbox 646 839 812 890; x_wconf 86' lang='lat' dir='ltr'>unterlassen</span> <span class='ocrx_word' id='word_1_28' title='bbox 825 839 910 890; x_wconf 87' lang='lat' dir='ltr'>haben</span> <span class='ocrx_word' id='word_1_29' title='bbox 925 836 1026 898; x_wconf 84' lang='lat' dir='ltr'>wllrde,</span> <span class='ocrx_word' id='word_1_30' title='bbox 1048 835 1189 891; x_wconf 87' lang='lat' dir='ltr'>derselben</span> <span class='ocrx_word' id='word_1_31' title='bbox 1204 855 1235 889; x_wconf 89' lang='lat' dir='ltr'>zu</span> <span class='ocrx_word' id='word_1_32' title='bbox 1250 840 1356 892; x_wconf 78' lang='lat' dir='ltr'>erwth·</span> 
     </span>
     <span class='ocr_line' id='line_1_5' title="bbox 161 925 1355 997; baseline 0.003 -18"><span class='ocrx_word' id='word_1_33' title='bbox 161 944 222 981; x_wconf 88' lang='lat' dir='ltr'>nen.</span> <span class='ocrx_word' id='word_1_34' title='bbox 245 956 273 967; x_wconf 89' lang='lat'>—</span> <span class='ocrx_word' id='word_1_35' title='bbox 297 927 384 997; x_wconf 77' lang='lat' dir='ltr'>liopp,</span> <span class='ocrx_word' id='word_1_36' title='bbox 402 928 421 979; x_wconf 93' lang='lat' dir='ltr'>l.</span> <span class='ocrx_word' id='word_1_37' title='bbox 440 943 464 979; x_wconf 91' lang='lat' dir='ltr'>c.</span> <span class='ocrx_word' id='word_1_38' title='bbox 484 925 529 984; x_wconf 80' lang='lat'>79,</span> <span class='ocrx_word' id='word_1_39' title='bbox 556 925 629 978; x_wconf 82' lang='lat' dir='ltr'>hum.</span> <span class='ocrx_word' id='word_1_40' title='bbox 650 928 676 987; x_wconf 75' lang='lat' dir='ltr'>f,</span> <span class='ocrx_word' id='word_1_41' title='bbox 696 927 844 980; x_wconf 87' lang='lat' dir='ltr'>bezweifelt</span> <span class='ocrx_word' id='word_1_42' title='bbox 863 928 905 979; x_wconf 91' lang='lat' dir='ltr'>die</span> <span class='ocrx_word' id='word_1_43' title='bbox 925 927 1048 981; x_wconf 85' lang='lat' dir='ltr'>Eehtheit</span> <span class='ocrx_word' id='word_1_44' title='bbox 1074 928 1163 980; x_wconf 86' lang='lat' dir='ltr'>dieses</span> <span class='ocrx_word' id='word_1_45' title='bbox 1183 926 1355 988; x_wconf 84' lang='lat' dir='ltr'>Schneibens‚</span> 
     </span>
     <span class='ocr_line' id='line_1_6' title="bbox 164 1017 1355 1088; baseline -0.001 -19"><span class='ocrx_word' id='word_1_46' title='bbox 164 1018 214 1071; x_wconf 86' lang='lat' dir='ltr'>wie</span> <span class='ocrx_word' id='word_1_47' title='bbox 236 1019 285 1070; x_wconf 88' lang='lat' dir='ltr'>wir</span> <span class='ocrx_word' id='word_1_48' title='bbox 308 1019 424 1085; x_wconf 81' lang='lat' dir='ltr'>glauben</span> <span class='ocrx_word' id='word_1_49' title='bbox 447 1017 493 1069; x_wconf 88' lang='lat' dir='ltr'>mit</span> <span class='ocrx_word' id='word_1_50' title='bbox 511 1017 637 1070; x_wconf 86' lang='lat' dir='ltr'>Uorecht.</span> <span class='ocrx_word' id='word_1_51' title='bbox 662 1017 716 1070; x_wconf 73' lang='lat' dir='ltr'>vnn</span> <span class='ocrx_word' id='word_1_52' title='bbox 739 1018 781 1070; x_wconf 89' lang='lat' dir='ltr'>dic</span> <span class='ocrx_word' id='word_1_53' title='bbox 804 1018 932 1071; x_wconf 85' lang='lat' dir='ltr'>Echtheit</span> <span class='ocrx_word' id='word_1_54' title='bbox 955 1018 1097 1072; x_wconf 79' lang='lat' dir='ltr'>desselben</span> <span class='ocrx_word' id='word_1_55' title='bbox 1119 1017 1225 1088; x_wconf 87' lang='lat' dir='ltr'>spricht</span> <span class='ocrx_word' id='word_1_56' title='bbox 1247 1018 1355 1080; x_wconf 85' lang='lat' dir='ltr'>sowohl,</span> 
     </span>
     <span class='ocr_line' id='line_1_7' title="bbox 164 1106 1356 1161; baseline 0.001 -2"><span class='ocrx_word' id='word_1_57' title='bbox 164 1108 228 1160; x_wconf 77' lang='lat' dir='ltr'>dass</span> <span class='ocrx_word' id='word_1_58' title='bbox 248 1125 277 1160; x_wconf 86' lang='lat' dir='ltr'>cs</span> <span class='ocrx_word' id='word_1_59' title='bbox 296 1106 355 1159; x_wconf 89' lang='lat' dir='ltr'>hier</span> <span class='ocrx_word' id='word_1_60' title='bbox 374 1107 494 1160; x_wconf 85' lang='lat' dir='ltr'>inmitten</span> <span class='ocrx_word' id='word_1_61' title='bbox 514 1106 588 1160; x_wconf 85' lang='lat' dir='ltr'>einer</span> <span class='ocrx_word' id='word_1_62' title='bbox 606 1107 690 1160; x_wconf 87' lang='lat' dir='ltr'>Reihe</span> <span class='ocrx_word' id='word_1_63' title='bbox 709 1108 909 1160; x_wconf 81' lang='lat' dir='ltr'>unzweifelhaft</span> <span class='ocrx_word' id='word_1_64' title='bbox 928 1108 1021 1161; x_wconf 87' lang='lat' dir='ltr'>echter</span> <span class='ocrx_word' id='word_1_65' title='bbox 1040 1107 1253 1161; x_wconf 84' lang='lat' dir='ltr'>lludolfinischer</span> <span class='ocrx_word' id='word_1_66' title='bbox 1265 1107 1356 1161; x_wconf 85' lang='lat' dir='ltr'>Briefe</span> 
     </span>
     <span class='ocr_line' id='line_1_8' title="bbox 162 1195 1356 1271; baseline 0.002 -22"><span class='ocrx_word' id='word_1_67' title='bbox 162 1198 248 1259; x_wconf 85' lang='lat' dir='ltr'>steht,</span> <span class='ocrx_word' id='word_1_68' title='bbox 269 1197 308 1249; x_wconf 87' lang='lat' dir='ltr'>nls</span> <span class='ocrx_word' id='word_1_69' title='bbox 328 1197 395 1249; x_wconf 85' lang='lat' dir='ltr'>auch</span> <span class='ocrx_word' id='word_1_70' title='bbox 416 1195 462 1249; x_wconf 90' lang='lat' dir='ltr'>der</span> <span class='ocrx_word' id='word_1_71' title='bbox 476 1196 619 1261; x_wconf 86' lang='lat' dir='ltr'>Umstand‚</span> <span class='ocrx_word' id='word_1_72' title='bbox 640 1196 701 1249; x_wconf 88' lang='lat' dir='ltr'>dass</span> <span class='ocrx_word' id='word_1_73' title='bbox 721 1197 763 1249; x_wconf 92' lang='lat' dir='ltr'>die</span> <span class='ocrx_word' id='word_1_74' title='bbox 782 1197 807 1248; x_wconf 87' lang='lat' dir='ltr'>in</span> <span class='ocrx_word' id='word_1_75' title='bbox 823 1197 975 1271; x_wconf 87' lang='lat' dir='ltr'>demselben</span> <span class='ocrx_word' id='word_1_76' title='bbox 994 1198 1171 1266; x_wconf 83' lang='lat' dir='ltr'>angeflihrten</span> <span class='ocrx_word' id='word_1_77' title='bbox 1183 1197 1356 1252; x_wconf 84' lang='lat' dir='ltr'>Thatsachen</span> 
     </span>
     <span class='ocr_line' id='line_1_9' title="bbox 163 1284 1357 1360; baseline 0.003 -22"><span class='ocrx_word' id='word_1_78' title='bbox 163 1288 229 1339; x_wconf 82' lang='lat' dir='ltr'>iiber</span> <span class='ocrx_word' id='word_1_79' title='bbox 241 1284 365 1339; x_wconf 83' lang='lat' dir='ltr'>Rudolf’s</span> <span class='ocrx_word' id='word_1_80' title='bbox 380 1285 456 1338; x_wconf 82' lang='lat' dir='ltr'>wahl</span> <span class='ocrx_word' id='word_1_81' title='bbox 472 1287 538 1340; x_wconf 88' lang='lat' dir='ltr'>auch</span> <span class='ocrx_word' id='word_1_82' title='bbox 554 1286 726 1353; x_wconf 79' lang='lat' dir='ltr'>anderweitig</span> <span class='ocrx_word' id='word_1_83' title='bbox 740 1285 871 1339; x_wconf 86' lang='lat' dir='ltr'>berichtet</span> <span class='ocrx_word' id='word_1_84' title='bbox 888 1287 1013 1349; x_wconf 87' lang='lat' dir='ltr'>werden;</span> <span class='ocrx_word' id='word_1_85' title='bbox 1039 1288 1121 1355; x_wconf 82' lang='lat' dir='ltr'>rergl.</span> <span class='ocrx_word' id='word_1_86' title='bbox 1136 1288 1200 1355; x_wconf 80' lang='lat' dir='ltr'>fleg.</span> <span class='ocrx_word' id='word_1_87' title='bbox 1214 1288 1281 1341; x_wconf 79' lang='lat' dir='ltr'>llud.</span> <span class='ocrx_word' id='word_1_88' title='bbox 1293 1304 1357 1360; x_wconf 80' lang='lat' dir='ltr'>pag.</span> 
     </span>
     <span class='ocr_line' id='line_1_10' title="bbox 166 1374 1358 1446; baseline 0.002 -19"><span class='ocrx_word' id='word_1_89' title='bbox 166 1374 198 1427; x_wconf 76' lang='lat'>51</span> <span class='ocrx_word' id='word_1_90' title='bbox 214 1376 239 1427; x_wconf 82' lang='lat' dir='ltr'>ff.</span> <span class='ocrx_word' id='word_1_91' title='bbox 252 1374 402 1444; x_wconf 81' lang='lat' dir='ltr'>Allerdings</span> <span class='ocrx_word' id='word_1_92' title='bbox 414 1374 532 1427; x_wconf 90' lang='lat' dir='ltr'>erinnert</span> <span class='ocrx_word' id='word_1_93' title='bbox 542 1375 583 1428; x_wconf 90' lang='lat' dir='ltr'>die</span> <span class='ocrx_word' id='word_1_94' title='bbox 594 1376 671 1427; x_wconf 85' lang='lat' dir='ltr'>Form</span> <span class='ocrx_word' id='word_1_95' title='bbox 687 1377 835 1429; x_wconf 87' lang='lat' dir='ltr'>bcsonders</span> <span class='ocrx_word' id='word_1_96' title='bbox 849 1376 876 1427; x_wconf 89' lang='lat' dir='ltr'>in</span> <span class='ocrx_word' id='word_1_97' title='bbox 889 1378 948 1429; x_wconf 92' lang='lat' dir='ltr'>dem</span> <span class='ocrx_word' id='word_1_98' title='bbox 960 1377 1074 1429; x_wconf 77' lang='lat' dir='ltr'>Passus:</span> <span class='ocrx_word' id='word_1_99' title='bbox 1089 1378 1142 1434; x_wconf 88' lang='lat' dir='ltr'>Nos</span> <span class='ocrx_word' id='word_1_100' title='bbox 1155 1376 1246 1446; x_wconf 88' lang='lat' dir='ltr'>itaque</span> <span class='ocrx_word' id='word_1_101' title='bbox 1260 1381 1310 1431; x_wconf 86' lang='lat' dir='ltr'>etc.</span> <span class='ocrx_word' id='word_1_102' title='bbox 1325 1395 1358 1430; x_wconf 88' lang='lat' dir='ltr'>an</span> 
     </span>
     <span class='ocr_line' id='line_1_11' title="bbox 165 1461 1357 1537; baseline 0.003 -21"><span class='ocrx_word' id='word_1_103' title='bbox 165 1465 208 1517; x_wconf 88' lang='lat' dir='ltr'>die</span> <span class='ocrx_word' id='word_1_104' title='bbox 221 1463 438 1518; x_wconf 86' lang='lat' dir='ltr'>Ruudschreiben</span> <span class='ocrx_word' id='word_1_105' title='bbox 453 1464 652 1533; x_wconf 76' lang='lat' dir='ltr'>neugewdhlter</span> <span class='ocrx_word' id='word_1_106' title='bbox 665 1466 777 1535; x_wconf 81' lang='lat' dir='ltr'>Prtpste,</span> <span class='ocrx_word' id='word_1_107' title='bbox 790 1464 868 1517; x_wconf 84' lang='lat' dir='ltr'>ullein</span> <span class='ocrx_word' id='word_1_108' title='bbox 883 1465 930 1519; x_wconf 92' lang='lat' dir='ltr'>der</span> <span class='ocrx_word' id='word_1_109' title='bbox 949 1461 1037 1519; x_wconf 82' lang='lat' dir='ltr'>inhalt</span> <span class='ocrx_word' id='word_1_110' title='bbox 1058 1466 1205 1537; x_wconf 89' lang='lat' dir='ltr'>entspricht</span> <span class='ocrx_word' id='word_1_111' title='bbox 1224 1466 1357 1520; x_wconf 83' lang='lat' dir='ltr'>durchaus</span> 
     </span>
     <span class='ocr_line' id='line_1_12' title="bbox 166 1552 601 1623; baseline 0 -17"><span class='ocrx_word' id='word_1_112' title='bbox 166 1555 214 1607; x_wconf 87' lang='lat' dir='ltr'>der</span> <span class='ocrx_word' id='word_1_113' title='bbox 227 1552 372 1621; x_wconf 82' lang='lat' dir='ltr'>dumaligen</span> <span class='ocrx_word' id='word_1_114' title='bbox 387 1555 458 1623; x_wconf 81' lang='lat' dir='ltr'>Lago</span> <span class='ocrx_word' id='word_1_115' title='bbox 470 1554 601 1608; x_wconf 83' lang='lat' dir='ltr'>Rudolf&#39;s.</span> 
     </span>
    </p>
   </div>
   <div class='ocr_carea' id='block_1_3' title="bbox 728 1885 789 1955">
    <p class='ocr_par' dir='ltr' id='par_1_3' title="bbox 728 1885 789 1955">
     <span class='ocr_line' id='line_1_13' title="bbox 728 1885 789 1955; baseline -0.033 0"><span class='ocrx_word' id='word_1_116' title='bbox 728 1885 789 1955; x_wconf 83' lang='lat'>26.</span> 
     </span>
    </p>
   </div>
   <div class='ocr_carea' id='block_1_4' title="bbox 526 2058 1003 2122">
    <p class='ocr_par' dir='ltr' id='par_1_4' title="bbox 526 2058 1003 2122">
     <span class='ocr_line' id='line_1_14' title="bbox 526 2058 1003 2122; baseline -0.002 -1"><span class='ocrx_word' id='word_1_117' title='bbox 526 2060 722 2122; x_wconf 77' lang='lat' dir='ltr'>homanorum</span> <span class='ocrx_word' id='word_1_118' title='bbox 747 2078 798 2122; x_wconf 83' lang='lat' dir='ltr'>rex</span> <span class='ocrx_word' id='word_1_119' title='bbox 823 2058 854 2121; x_wconf 86' lang='lat' dir='ltr'>fl.</span> <span class='ocrx_word' id='word_1_120' title='bbox 881 2060 1003 2122; x_wconf 81' lang='lat' dir='ltr'>efvflrns.</span> 
     </span>
    </p>
   </div>
   <div class='ocr_carea' id='block_1_5' title="bbox 569 2216 967 2286">
    <p class='ocr_par' dir='ltr' id='par_1_5' title="bbox 569 2216 967 2286">
     <span class='ocr_line' id='line_1_15' title="bbox 569 2216 967 2286; baseline 0.003 -19"><span class='ocrx_word' id='word_1_121' title='bbox 569 2216 650 2271; x_wconf 75' lang='lat'><strong>1274.</strong></span> <span class='ocrx_word' id='word_1_122' title='bbox 665 2216 737 2286; x_wconf 77' lang='lat' dir='ltr'>April</span> <span class='ocrx_word' id='word_1_123' title='bbox 751 2216 795 2269; x_wconf 85' lang='lat'>28.</span> <span class='ocrx_word' id='word_1_124' title='bbox 810 2218 967 2286; x_wconf 70' lang='lat' dir='ltr'>degenere</span> 
     </span>
    </p>
   </div>
   <div class='ocr_carea' id='block_1_6' title="bbox 169 2331 1366 2594">
    <p class='ocr_par' dir='ltr' id='par_1_6' title="bbox 169 2331 1366 2594">
     <span class='ocr_line' id='line_1_16' title="bbox 171 2331 1365 2431; baseline -0.001 -15"><span class='ocrx_word' id='word_1_125' title='bbox 171 2364 201 2416; x_wconf 87' lang='lat' dir='ltr'>K.</span> <span class='ocrx_word' id='word_1_126' title='bbox 215 2360 319 2431; x_wconf 74' lang='lat' dir='ltr'>hadolf</span> <span class='ocrx_word' id='word_1_127' title='bbox 331 2361 437 2431; x_wconf 80' lang='lat' dir='ltr'>fordert</span> <span class='ocrx_word' id='word_1_128' title='bbox 455 2359 500 2414; x_wconf 85' lang='lat' dir='ltr'>die</span> <span class='ocrx_word' id='word_1_129' title='bbox 513 2359 594 2413; x_wconf 78' lang='lat' dir='ltr'>stadt</span> <span class='ocrx_word' id='word_1_130' title='bbox 615 2331 718 2413; x_wconf 63' lang='lat' dir='ltr'>celiel</span> <span class='ocrx_word' id='word_1_131' title='bbox 740 2359 807 2430; x_wconf 81' lang='lat' dir='ltr'>auf,</span> <span class='ocrx_word' id='word_1_132' title='bbox 830 2361 890 2414; x_wconf 88' lang='lat' dir='ltr'>dem</span> <span class='ocrx_word' id='word_1_133' title='bbox 913 2377 963 2413; x_wconf 82' lang='lat' dir='ltr'>con</span> <span class='ocrx_word' id='word_1_134' title='bbox 984 2358 1038 2413; x_wconf 86' lang='lat' dir='ltr'>ihm</span> <span class='ocrx_word' id='word_1_135' title='bbox 1059 2360 1237 2430; x_wconf 75' lang='lat' dir='ltr'>ciperandten</span> <span class='ocrx_word' id='word_1_136' title='bbox 1261 2359 1365 2430; x_wconf 70' lang='lat' dir='ltr'>G&#39;rafcn</span> 
     </span>
     <span class='ocr_line' id='line_1_17' title="bbox 169 2448 1366 2521; baseline -0.002 -16"><span class='ocrx_word' id='word_1_137' title='bbox 169 2450 294 2507; x_wconf 76' lang='lat' dir='ltr'>Heinrich</span> <span class='ocrx_word' id='word_1_138' title='bbox 312 2469 361 2506; x_wconf 84' lang='lat' dir='ltr'>oon</span> <span class='ocrx_word' id='word_1_139' title='bbox 374 2450 551 2521; x_wconf 75' lang='lat' dir='ltr'>Frtrsterrderp</span> <span class='ocrx_word' id='word_1_140' title='bbox 569 2451 620 2503; x_wconf 82' lang='lat' dir='ltr'>dec</span> <span class='ocrx_word' id='word_1_141' title='bbox 632 2449 846 2520; x_wconf 73' lang='lat' dir='ltr'>Huldipunyeeid</span> <span class='ocrx_word' id='word_1_142' title='bbox 861 2451 918 2504; x_wconf 85' lang='lat' dir='ltr'>und</span> <span class='ocrx_word' id='word_1_143' title='bbox 934 2449 979 2503; x_wconf 83' lang='lat' dir='ltr'>die</span> <span class='ocrx_word' id='word_1_144' title='bbox 995 2466 1044 2503; x_wconf 86' lang='lat' dir='ltr'>con</span> <span class='ocrx_word' id='word_1_145' title='bbox 1057 2448 1110 2508; x_wconf 77' lang='lat' dir='ltr'>ihm</span> <span class='ocrx_word' id='word_1_146' title='bbox 1131 2449 1366 2521; x_wconf 74' lang='lat' dir='ltr'>aueqeechricdeoe</span> 
     </span>
     <span class='ocr_line' id='line_1_18' title="bbox 603 2539 940 2594; baseline -0.006 -2"><span class='ocrx_word' id='word_1_147' title='bbox 603 2539 781 2593; x_wconf 68' lang='lat' dir='ltr'>Conci-itunae</span> <span class='ocrx_word' id='word_1_148' title='bbox 793 2557 826 2591; x_wconf 76' lang='lat' dir='ltr'>zu</span> <span class='ocrx_word' id='word_1_149' title='bbox 839 2540 940 2594; x_wconf 80' lang='lat' dir='ltr'>leieten.</span> 
     </span>
    </p>
   </div>
   <div class='ocr_carea' id='block_1_7' title="bbox 173 2682 1442 3092">
    <p class='ocr_par' dir='ltr' id='par_1_7' title="bbox 173 2682 1442 3092">
     <span class='ocr_line' id='line_1_19' title="bbox 262 2682 1368 2767; baseline -0.004 -18"><span class='ocrx_word' id='word_1_150' title='bbox 262 2684 369 2749; x_wconf 89' lang='lat' dir='ltr'>Vocati</span> <span class='ocrx_word' id='word_1_151' title='bbox 379 2683 519 2747; x_wconf 90' lang='lat' dir='ltr'>divinitus</span> <span class='ocrx_word' id='word_1_152' title='bbox 527 2682 674 2763; x_wconf 84' lang='lat' dir='ltr'>adregale</span> <span class='ocrx_word' id='word_1_153' title='bbox 683 2683 835 2764; x_wconf 85' lang='lat' dir='ltr'>fastigium</span> <span class='ocrx_word' id='word_1_154' title='bbox 843 2704 879 2746; x_wconf 89' lang='lat' dir='ltr'>eo</span> <span class='ocrx_word' id='word_1_155' title='bbox 888 2683 1137 2767; x_wconf 87' lang='lat' dir='ltr'>disponentc,qui</span> <span class='ocrx_word' id='word_1_156' title='bbox 1146 2683 1368 2765; x_wconf 84' lang='lat' dir='ltr'>erigithumiles</span> 
     </span>
     <span class='ocr_line' id='line_1_20' title="bbox 174 2789 1368 2875; baseline -0.003 -20"><span class='ocrx_word' id='word_1_157' title='bbox 174 2794 206 2855; x_wconf 93' lang='lat' dir='ltr'>in</span> <span class='ocrx_word' id='word_1_158' title='bbox 222 2792 262 2875; x_wconf 82' lang='lat' dir='ltr'>a)</span> <span class='ocrx_word' id='word_1_159' title='bbox 279 2791 416 2862; x_wconf 88' lang='lat' dir='ltr'>sublime,</span> <span class='ocrx_word' id='word_1_160' title='bbox 440 2790 584 2853; x_wconf 89' lang='lat' dir='ltr'>debemus</span> <span class='ocrx_word' id='word_1_161' title='bbox 607 2790 644 2851; x_wconf 86' lang='lat' dir='ltr'>ab</span> <span class='ocrx_word' id='word_1_162' title='bbox 662 2789 723 2861; x_wconf 89' lang='lat' dir='ltr'>eis,</span> <span class='ocrx_word' id='word_1_163' title='bbox 741 2790 791 2870; x_wconf 90' lang='lat' dir='ltr'>qui</span> <span class='ocrx_word' id='word_1_164' title='bbox 808 2789 863 2851; x_wconf 90' lang='lat' dir='ltr'>sub</span> <span class='ocrx_word' id='word_1_165' title='bbox 886 2790 971 2871; x_wconf 85' lang='lat' dir='ltr'>regie</span> <span class='ocrx_word' id='word_1_166' title='bbox 992 2792 1151 2872; x_wconf 85' lang='lat' dir='ltr'>potestatis</span> <span class='ocrx_word' id='word_1_167' title='bbox 1167 2792 1317 2874; x_wconf 86' lang='lat' dir='ltr'>respirare</span> <span class='ocrx_word' id='word_1_168' title='bbox 1335 2812 1368 2853; x_wconf 91' lang='lat' dir='ltr'>se</span> 
     </span>
     <span class='ocr_line' id='line_1_21' title="bbox 173 2897 1442 2982; baseline -0.006 -19"><span class='ocrx_word' id='word_1_169' title='bbox 173 2901 308 2982; x_wconf 79' lang='lat' dir='ltr'>gaudent</span> <span class='ocrx_word' id='word_1_170' title='bbox 323 2898 508 2970; x_wconf 86' lang='lat' dir='ltr'>umbraculo,</span> <span class='ocrx_word' id='word_1_171' title='bbox 525 2898 658 2960; x_wconf 88' lang='lat' dir='ltr'>debitum</span> <span class='ocrx_word' id='word_1_172' title='bbox 675 2897 776 2960; x_wconf 88' lang='lat' dir='ltr'>debite</span> <span class='ocrx_word' id='word_1_173' title='bbox 794 2897 981 2961; x_wconf 89' lang='lat' dir='ltr'>ohedicionis</span> <span class='ocrx_word' id='word_1_174' title='bbox 994 2899 1162 2980; x_wconf 74' lang='lat' dir='ltr'>exquirere,</span> <span class='ocrx_word' id='word_1_175' title='bbox 1175 2899 1317 2982; x_wconf 87' lang='lat' dir='ltr'>ipsosque</span> <span class='ocrx_word' id='word_1_176' title='bbox 1331 2897 1369 2960; x_wconf 83' lang='lat' dir='ltr'>ad</span> <span class='ocrx_word' id='word_1_177' title='bbox 1439 2947 1442 2956; x_wconf 86' lang='grc'>,</span> 
     </span>
     <span class='ocr_line' id='line_1_22' title="bbox 173 3005 1369 3092; baseline -0.003 -21"><span class='ocrx_word' id='word_1_178' title='bbox 173 3007 291 3071; x_wconf 89' lang='lat' dir='ltr'>unionis</span> <span class='ocrx_word' id='word_1_179' title='bbox 308 3006 439 3069; x_wconf 86' lang='lat' dir='ltr'>fidelium</span> <span class='ocrx_word' id='word_1_180' title='bbox 456 3006 637 3092; x_wconf 72' lang='lat' dir='ltr'>eiusdemi)</span> <span class='ocrx_word' id='word_1_181' title='bbox 654 3006 770 3087; x_wconf 89' lang='lat' dir='ltr'>imperii</span> <span class='ocrx_word' id='word_1_182' title='bbox 783 3005 973 3087; x_wconf 85' lang='lat' dir='ltr'>participium</span> <span class='ocrx_word' id='word_1_183' title='bbox 987 3007 1134 3069; x_wconf 82' lang='lat' dir='ltr'>allectivis</span> <span class='ocrx_word' id='word_1_184' title='bbox 1146 3006 1369 3069; x_wconf 80' lang='lat' dir='ltr'>inductionibus</span> 
     </span>
    </p>
   </div>
   <div class='ocr_carea' id='block_1_8' title="bbox 174 3113 1481 3193">
    <p class='ocr_par' dir='ltr' id='par_1_8' title="bbox 174 3113 1481 3193">
     <span class='ocr_line' id='line_1_23' title="bbox 174 3113 1481 3193; baseline -0.001 -16"><span class='ocrx_word' id='word_1_185' title='bbox 174 3115 320 3184; x_wconf 89' lang='lat' dir='ltr'>invitare,</span> <span class='ocrx_word' id='word_1_186' title='bbox 337 3118 370 3176; x_wconf 88' lang='lat' dir='ltr'>ut</span> <span class='ocrx_word' id='word_1_187' title='bbox 386 3113 465 3176; x_wconf 89' lang='lat' dir='ltr'>sicut</span> <span class='ocrx_word' id='word_1_188' title='bbox 481 3114 602 3176; x_wconf 88' lang='lat' dir='ltr'>fuerunt</span> <span class='ocrx_word' id='word_1_189' title='bbox 617 3113 782 3184; x_wconf 85' lang='lat' dir='ltr'>hactenus,</span> <span class='ocrx_word' id='word_1_190' title='bbox 800 3114 938 3193; x_wconf 83' lang='lat' dir='ltr'>exigente</span> <span class='ocrx_word' id='word_1_191' title='bbox 956 3114 1072 3176; x_wconf 91' lang='lat' dir='ltr'>dierum</span> <span class='ocrx_word' id='word_1_192' title='bbox 1088 3113 1222 3184; x_wconf 86' lang='lat' dir='ltr'>malicia,</span> <span class='ocrx_word' id='word_1_193' title='bbox 1245 3113 1371 3176; x_wconf 87' lang='lat' dir='ltr'>tribula·</span> <span class='ocrx_word' id='word_1_194' title='bbox 1478 3170 1481 3176; x_wconf 90' lang='lat'>.</span> 
     </span>
    </p>
   </div>
   <div class='ocr_carea' id='block_1_9' title="bbox 175 3219 1466 4276">
    <p class='ocr_par' dir='ltr' id='par_1_9' title="bbox 175 3219 1466 4276">
     <span class='ocr_line' id='line_1_24' title="bbox 176 3219 1372 3303; baseline 0 -19"><span class='ocrx_word' id='word_1_195' title='bbox 176 3221 332 3288; x_wconf 87' lang='lat' dir='ltr'>cionibus.</span> <span class='ocrx_word' id='word_1_196' title='bbox 348 3226 378 3282; x_wconf 88' lang='lat' dir='ltr'>et</span> <span class='ocrx_word' id='word_1_197' title='bbox 408 3221 561 3302; x_wconf 88' lang='lat' dir='ltr'>pressuris</span> <span class='ocrx_word' id='word_1_198' title='bbox 594 3219 730 3290; x_wconf 81' lang='lat' dir='ltr'>obnoxii,</span> <span class='ocrx_word' id='word_1_199' title='bbox 770 3220 814 3281; x_wconf 91' lang='lat' dir='ltr'>sic</span> <span class='ocrx_word' id='word_1_200' title='bbox 853 3240 972 3282; x_wconf 90' lang='lat' dir='ltr'>rursum</span> <span class='ocrx_word' id='word_1_201' title='bbox 1004 3220 1127 3283; x_wconf 89' lang='lat' dir='ltr'>dominii</span> <span class='ocrx_word' id='word_1_202' title='bbox 1159 3221 1254 3285; x_wconf 85' lang='lat' dir='ltr'>nostri</span> <span class='ocrx_word' id='word_1_203' title='bbox 1286 3227 1372 3303; x_wconf 83' lang='lat' dir='ltr'>grata</span> 
     </span>
     <span class='ocr_line' id='line_1_25' title="bbox 175 3327 1371 3416; baseline 0 -24"><span class='ocrx_word' id='word_1_204' title='bbox 175 3330 327 3412; x_wconf 76' lang='lat' dir='ltr'>gaudeant</span> <span class='ocrx_word' id='word_1_205' title='bbox 355 3335 385 3391; x_wconf 88' lang='lat' dir='ltr'>et</span> <span class='ocrx_word' id='word_1_206' title='bbox 412 3328 575 3391; x_wconf 85' lang='lat' dir='ltr'>refloreant</span> <span class='ocrx_word' id='word_1_207' title='bbox 601 3328 741 3390; x_wconf 85' lang='lat' dir='ltr'>novitate.</span> <span class='ocrx_word' id='word_1_208' title='bbox 772 3328 855 3390; x_wconf 82' lang='lat' dir='ltr'>Ecce</span> <span class='ocrx_word' id='word_1_209' title='bbox 884 3327 977 3408; x_wconf 84' lang='lat' dir='ltr'>igitur</span> <span class='ocrx_word' id='word_1_210' title='bbox 1004 3329 1133 3391; x_wconf 90' lang='lat' dir='ltr'>nobilem</span> <span class='ocrx_word' id='word_1_211' title='bbox 1160 3329 1255 3393; x_wconf 90' lang='lat' dir='ltr'>virum</span> <span class='ocrx_word' id='word_1_212' title='bbox 1278 3331 1315 3393; x_wconf 90' lang='lat' dir='ltr'>N.</span> <span class='ocrx_word' id='word_1_213' title='bbox 1333 3331 1371 3416; x_wconf 87' lang='lat' dir='ltr'>c)</span> 
     </span>
     <span class='ocr_line' id='line_1_26' title="bbox 178 3422 1466 3520; baseline 0.002 -21"><span class='ocrx_word' id='word_1_214' title='bbox 178 3436 318 3500; x_wconf 89' lang='lat' dir='ltr'>comitem</span> <span class='ocrx_word' id='word_1_215' title='bbox 334 3436 403 3499; x_wconf 85' lang='lat' dir='ltr'>talis</span> <span class='ocrx_word' id='word_1_216' title='bbox 419 3436 478 3499; x_wconf 91' lang='lat' dir='ltr'>loci</span> <span class='ocrx_word' id='word_1_217' title='bbox 491 3435 543 3520; x_wconf 82' lang='lat' dir='ltr'>d),</span> <span class='ocrx_word' id='word_1_218' title='bbox 561 3437 703 3499; x_wconf 89' lang='lat' dir='ltr'>dilectum</span> <span class='ocrx_word' id='word_1_219' title='bbox 721 3436 840 3499; x_wconf 84' lang='lat' dir='ltr'>fidelem</span> <span class='ocrx_word' id='word_1_220' title='bbox 856 3443 988 3500; x_wconf 88' lang='lat' dir='ltr'>nostrum</span> <span class='ocrx_word' id='word_1_221' title='bbox 1006 3444 1036 3500; x_wconf 89' lang='lat' dir='ltr'>ct</span> <span class='ocrx_word' id='word_1_222' title='bbox 1052 3438 1317 3519; x_wconf 85' lang='lat' dir='ltr'>consanguineum,</span> <span class='ocrx_word' id='word_1_223' title='bbox 1335 3438 1373 3501; x_wconf 91' lang='lat' dir='ltr'>ad</span> <span class='ocrx_word' id='word_1_224' title='bbox 1459 3422 1466 3430; x_wconf 38' lang='lat'><em>⁴</em></span> 
     </span>
     <span class='ocr_line' id='line_1_27' title="bbox 182 3543 1373 3629; baseline -0.001 -18"><span class='ocrx_word' id='word_1_225' title='bbox 182 3566 237 3612; x_wconf 88' lang='lat' dir='ltr'>vos</span> <span class='ocrx_word' id='word_1_226' title='bbox 253 3565 321 3608; x_wconf 89' lang='lat' dir='ltr'>cum</span> <span class='ocrx_word' id='word_1_227' title='bbox 337 3543 446 3607; x_wconf 89' lang='lat' dir='ltr'>fiducia</span> <span class='ocrx_word' id='word_1_228' title='bbox 462 3545 704 3616; x_wconf 82' lang='lat' dir='ltr'>transmittimus,</span> <span class='ocrx_word' id='word_1_229' title='bbox 722 3546 870 3608; x_wconf 85' lang='lat' dir='ltr'>attencius</span> <span class='ocrx_word' id='word_1_230' title='bbox 893 3547 1100 3628; x_wconf 82' lang='lat' dir='ltr'>requirentes,</span> <span class='ocrx_word' id='word_1_231' title='bbox 1123 3553 1270 3629; x_wconf 87' lang='lat' dir='ltr'>quatenus</span> <span class='ocrx_word' id='word_1_232' title='bbox 1292 3548 1373 3610; x_wconf 84' lang='lat' dir='ltr'>iuxta</span> 
     </span>
     <span class='ocr_line' id='line_1_28' title="bbox 178 3651 1373 3737; baseline 0.002 -22"><span class='ocrx_word' id='word_1_233' title='bbox 178 3653 388 3736; x_wconf 84' lang='lat' dir='ltr'>precepcionis</span> <span class='ocrx_word' id='word_1_234' title='bbox 406 3651 505 3714; x_wconf 84' lang='lat' dir='ltr'>divine</span> <span class='ocrx_word' id='word_1_235' title='bbox 522 3653 665 3724; x_wconf 89' lang='lat' dir='ltr'>edictum,</span> <span class='ocrx_word' id='word_1_236' title='bbox 683 3672 741 3735; x_wconf 88' lang='lat' dir='ltr'>quo</span> <span class='ocrx_word' id='word_1_237' title='bbox 757 3654 816 3717; x_wconf 88' lang='lat' dir='ltr'>Dei</span> <span class='ocrx_word' id='word_1_238' title='bbox 832 3653 909 3725; x_wconf 86' lang='lat' dir='ltr'>Deo,</span> <span class='ocrx_word' id='word_1_239' title='bbox 927 3658 957 3716; x_wconf 91' lang='lat' dir='ltr'>et</span> <span class='ocrx_word' id='word_1_240' title='bbox 973 3654 1088 3725; x_wconf 82' lang='lat' dir='ltr'>Cesari,</span> <span class='ocrx_word' id='word_1_241' title='bbox 1107 3674 1165 3737; x_wconf 83' lang='lat' dir='ltr'>que</span> <span class='ocrx_word' id='word_1_242' title='bbox 1180 3654 1277 3737; x_wconf 88' lang='lat' dir='ltr'>ipsius</span> <span class='ocrx_word' id='word_1_243' title='bbox 1294 3660 1373 3726; x_wconf 89' lang='lat' dir='ltr'>sunt,</span> 
     </span>
     <span class='ocr_line' id='line_1_29' title="bbox 179 3760 1376 3844; baseline 0.002 -19"><span class='ocrx_word' id='word_1_244' title='bbox 179 3762 308 3825; x_wconf 86' lang='lat' dir='ltr'>reddere</span> <span class='ocrx_word' id='word_1_245' title='bbox 342 3760 471 3844; x_wconf 87' lang='lat' dir='ltr'>quisque</span> <span class='ocrx_word' id='word_1_246' title='bbox 504 3761 612 3831; x_wconf 88' lang='lat' dir='ltr'>debet,</span> <span class='ocrx_word' id='word_1_247' title='bbox 644 3761 742 3824; x_wconf 90' lang='lat' dir='ltr'>eidem</span> <span class='ocrx_word' id='word_1_248' title='bbox 773 3766 877 3825; x_wconf 90' lang='lat' dir='ltr'>nostro</span> <span class='ocrx_word' id='word_1_249' title='bbox 910 3761 1029 3825; x_wconf 89' lang='lat' dir='ltr'>nomine</span> <span class='ocrx_word' id='word_1_250' title='bbox 1056 3763 1199 3844; x_wconf 87' lang='lat' dir='ltr'>prestetis</span> <span class='ocrx_word' id='word_1_251' title='bbox 1231 3762 1376 3844; x_wconf 82' lang='lat' dir='ltr'>hylariter</span> 
     </span>
     <span class='ocr_line' id='line_1_30' title="bbox 181 3868 1378 3951; baseline 0.002 -19"><span class='ocrx_word' id='word_1_252' title='bbox 181 3869 333 3933; x_wconf 88' lang='lat' dir='ltr'>fidelitatis</span> <span class='ocrx_word' id='word_1_253' title='bbox 350 3868 438 3931; x_wconf 90' lang='lat' dir='ltr'>nobis</span> <span class='ocrx_word' id='word_1_254' title='bbox 455 3869 556 3932; x_wconf 89' lang='lat' dir='ltr'>debite</span> <span class='ocrx_word' id='word_1_255' title='bbox 573 3870 750 3942; x_wconf 87' lang='lat' dir='ltr'>iuramenta,</span> <span class='ocrx_word' id='word_1_256' title='bbox 768 3870 874 3933; x_wconf 89' lang='lat' dir='ltr'>scituri</span> <span class='ocrx_word' id='word_1_257' title='bbox 890 3870 1069 3942; x_wconf 86' lang='lat' dir='ltr'>certissime,</span> <span class='ocrx_word' id='word_1_258' title='bbox 1087 3870 1177 3951; x_wconf 89' lang='lat' dir='ltr'>quod,</span> <span class='ocrx_word' id='word_1_259' title='bbox 1194 3871 1220 3933; x_wconf 92' lang='lat' dir='ltr'>si</span> <span class='ocrx_word' id='word_1_260' title='bbox 1233 3871 1378 3934; x_wconf 85' lang='lat' dir='ltr'>adinstar</span> 
     </span>
     <span class='ocr_line' id='line_1_31' title="bbox 184 3977 1378 4063; baseline 0.003 -24"><span class='ocrx_word' id='word_1_261' title='bbox 184 3977 310 4040; x_wconf 87' lang='lat' dir='ltr'>aliarum</span> <span class='ocrx_word' id='word_1_262' title='bbox 339 3977 492 4040; x_wconf 87' lang='lat' dir='ltr'>civitatum</span> <span class='ocrx_word' id='word_1_263' title='bbox 521 3984 691 4041; x_wconf 87' lang='lat' dir='ltr'>nostrarum</span> <span class='ocrx_word' id='word_1_264' title='bbox 707 3978 744 4063; x_wconf 82' lang='lat' dir='ltr'>e)</span> <span class='ocrx_word' id='word_1_265' title='bbox 759 3998 814 4060; x_wconf 93' lang='lat' dir='ltr'>pro</span> <span class='ocrx_word' id='word_1_266' title='bbox 838 3978 1073 4041; x_wconf 80' lang='lat' dir='ltr'>conservacione</span> <span class='ocrx_word' id='word_1_267' title='bbox 1095 3979 1192 4042; x_wconf 83' lang='lat' dir='ltr'>tocius</span> <span class='ocrx_word' id='word_1_268' title='bbox 1214 3979 1378 4060; x_wconf 89' lang='lat' dir='ltr'>reipublice</span> 
     </span>
     <span class='ocr_line' id='line_1_32' title="bbox 184 4084 1378 4169; baseline -0.001 -22"><span class='ocrx_word' id='word_1_269' title='bbox 184 4089 341 4167; x_wconf 87' lang='lat' dir='ltr'>prenotato</span> <span class='ocrx_word' id='word_1_270' title='bbox 357 4085 395 4169; x_wconf 86' lang='lat' dir='ltr'>f)</span> <span class='ocrx_word' id='word_1_271' title='bbox 413 4084 515 4147; x_wconf 89' lang='lat' dir='ltr'>comiti</span> <span class='ocrx_word' id='word_1_272' title='bbox 531 4086 597 4147; x_wconf 90' lang='lat' dir='ltr'>loco</span> <span class='ocrx_word' id='word_1_273' title='bbox 615 4086 710 4148; x_wconf 91' lang='lat' dir='ltr'>nostri</span> <span class='ocrx_word' id='word_1_274' title='bbox 725 4086 865 4166; x_wconf 90' lang='lat' dir='ltr'>imposite</span> <span class='ocrx_word' id='word_1_275' title='bbox 888 4084 974 4147; x_wconf 88' lang='lat' dir='ltr'>vobis</span> <span class='ocrx_word' id='word_1_276' title='bbox 996 4105 1051 4167; x_wconf 89' lang='lat' dir='ltr'>per</span> <span class='ocrx_word' id='word_1_277' title='bbox 1075 4104 1142 4146; x_wconf 89' lang='lat' dir='ltr'>cum</span> <span class='ocrx_word' id='word_1_278' title='bbox 1165 4104 1281 4147; x_wconf 87' lang='lat' dir='ltr'>summe</span> <span class='ocrx_word' id='word_1_279' title='bbox 1304 4104 1378 4147; x_wconf 90' lang='lat' dir='ltr'>con-</span> 
     </span>
     <span class='ocr_line' id='line_1_33' title="bbox 184 4191 1378 4276; baseline 0.003 -23"><span class='ocrx_word' id='word_1_280' title='bbox 184 4191 385 4255; x_wconf 89' lang='lat' dir='ltr'>trihucionem</span> <span class='ocrx_word' id='word_1_281' title='bbox 401 4191 535 4255; x_wconf 80' lang='lat' dir='ltr'>feceritis</span> <span class='ocrx_word' id='word_1_282' title='bbox 551 4197 613 4257; x_wconf 87' lang='lat' dir='ltr'>tam</span> <span class='ocrx_word' id='word_1_283' title='bbox 628 4192 773 4275; x_wconf 82' lang='lat' dir='ltr'>hylariter</span> <span class='ocrx_word' id='word_1_284' title='bbox 788 4211 877 4276; x_wconf 80' lang='lat' dir='ltr'>quarn</span> <span class='ocrx_word' id='word_1_285' title='bbox 892 4192 1032 4264; x_wconf 88' lang='lat' dir='ltr'>libenter,</span> <span class='ocrx_word' id='word_1_286' title='bbox 1050 4211 1104 4255; x_wconf 91' lang='lat' dir='ltr'>nos</span> <span class='ocrx_word' id='word_1_287' title='bbox 1117 4192 1273 4255; x_wconf 86' lang='lat' dir='ltr'>universas</span> <span class='ocrx_word' id='word_1_288' title='bbox 1285 4192 1378 4256; x_wconf 87' lang='lat' dir='ltr'>liber-</span> 
     </span>
    </p>
   </div>
   <div class='ocr_carea' id='block_1_10' title="bbox 188 4386 1380 4729">
    <p class='ocr_par' dir='ltr' id='par_1_10' title="bbox 188 4386 1380 4729">
     <span class='ocr_line' id='line_1_34' title="bbox 270 4386 1379 4460; baseline 0.001 -19"><span class='ocrx_word' id='word_1_289' title='bbox 270 4390 304 4460; x_wconf 84' lang='lat' dir='ltr'>o)</span> <span class='ocrx_word' id='word_1_290' title='bbox 321 4389 355 4442; x_wconf 86' lang='lat' dir='ltr'>od</span> <span class='ocrx_word' id='word_1_291' title='bbox 367 4390 396 4442; x_wconf 86' lang='grc' dir='ltr'>Ζ.</span> <span class='ocrx_word' id='word_1_292' title='bbox 413 4419 442 4429; x_wconf 90' lang='lat'>-</span> <span class='ocrx_word' id='word_1_293' title='bbox 459 4388 491 4458; x_wconf 81' lang='lat' dir='ltr'>l)</span> <span class='ocrx_word' id='word_1_294' title='bbox 505 4387 624 4441; x_wconf 86' lang='lat' dir='ltr'>eiusdem</span> <span class='ocrx_word' id='word_1_295' title='bbox 636 4387 705 4442; x_wconf 80' lang='lat' dir='ltr'>fehlt</span> <span class='ocrx_word' id='word_1_296' title='bbox 719 4386 785 4442; x_wconf 80' lang='lat' dir='ltr'>cod.</span> <span class='ocrx_word' id='word_1_297' title='bbox 798 4389 967 4442; x_wconf 85' lang='lat' dir='ltr'>Lubeccnsis.</span> <span class='ocrx_word' id='word_1_298' title='bbox 981 4418 1015 4428; x_wconf 93' lang='lat'>-</span> <span class='ocrx_word' id='word_1_299' title='bbox 1031 4388 1062 4459; x_wconf 89' lang='lat' dir='ltr'>c)</span> <span class='ocrx_word' id='word_1_300' title='bbox 1078 4388 1226 4442; x_wconf 82' lang='lat' dir='ltr'>Heinricum</span> <span class='ocrx_word' id='word_1_301' title='bbox 1238 4387 1303 4443; x_wconf 83' lang='lat' dir='ltr'>col.</span> <span class='ocrx_word' id='word_1_302' title='bbox 1314 4390 1379 4443; x_wconf 90' lang='lat' dir='ltr'>Lub.</span> 
     </span>
     <span class='ocr_line' id='line_1_35' title="bbox 188 4476 1380 4548; baseline -0.001 -16"><span class='ocrx_word' id='word_1_303' title='bbox 188 4506 223 4518; x_wconf 94' lang='lat'>-</span> <span class='ocrx_word' id='word_1_304' title='bbox 237 4480 272 4548; x_wconf 84' lang='lat' dir='ltr'>d)</span> <span class='ocrx_word' id='word_1_305' title='bbox 288 4480 322 4533; x_wconf 91' lang='lat' dir='ltr'>de</span> <span class='ocrx_word' id='word_1_306' title='bbox 335 4479 530 4533; x_wconf 85' lang='lat' dir='ltr'>rorstenberch</span> <span class='ocrx_word' id='word_1_307' title='bbox 544 4477 610 4532; x_wconf 83' lang='lat' dir='ltr'>Cod.</span> <span class='ocrx_word' id='word_1_308' title='bbox 624 4478 690 4531; x_wconf 88' lang='lat' dir='ltr'>Lub.</span> <span class='ocrx_word' id='word_1_309' title='bbox 703 4506 739 4516; x_wconf 94' lang='lat'><em>-</em></span> <span class='ocrx_word' id='word_1_310' title='bbox 753 4477 783 4548; x_wconf 86' lang='lat' dir='ltr'>e)</span> <span class='ocrx_word' id='word_1_311' title='bbox 805 4480 860 4531; x_wconf 78' lang='lat' dir='ltr'>huf</span> <span class='ocrx_word' id='word_1_312' title='bbox 875 4481 1024 4531; x_wconf 83' lang='lat' dir='ltr'>nostrarum</span> <span class='ocrx_word' id='word_1_313' title='bbox 1043 4479 1114 4548; x_wconf 81' lang='lat' dir='ltr'>folgt</span> <span class='ocrx_word' id='word_1_314' title='bbox 1132 4476 1201 4531; x_wconf 83' lang='lat' dir='ltr'>Cod.</span> <span class='ocrx_word' id='word_1_315' title='bbox 1217 4480 1298 4533; x_wconf 81' lang='lat' dir='ltr'>Lubr</span> <span class='ocrx_word' id='word_1_316' title='bbox 1317 4495 1380 4533; x_wconf 88' lang='lat' dir='ltr'>con-</span> 
     </span>
     <span class='ocr_line' id='line_1_36' title="bbox 188 4567 1373 4639; baseline -0.001 -18"><span class='ocrx_word' id='word_1_317' title='bbox 188 4569 366 4622; x_wconf 87' lang='lat' dir='ltr'>tribucionem</span> <span class='ocrx_word' id='word_1_318' title='bbox 378 4568 502 4639; x_wconf 80' lang='lat' dir='ltr'>imposite</span> <span class='ocrx_word' id='word_1_319' title='bbox 515 4567 565 4622; x_wconf 88' lang='lat' dir='ltr'>sibi</span> <span class='ocrx_word' id='word_1_320' title='bbox 578 4569 711 4638; x_wconf 84' lang='lat' dir='ltr'>precario,</span> <span class='ocrx_word' id='word_1_321' title='bbox 729 4568 852 4639; x_wconf 79' lang='lat' dir='ltr'>dagegen</span> <span class='ocrx_word' id='word_1_322' title='bbox 866 4568 934 4622; x_wconf 85' lang='lat' dir='ltr'>fehlt</span> <span class='ocrx_word' id='word_1_323' title='bbox 952 4570 1013 4621; x_wconf 90' lang='lat' dir='ltr'>dort</span> <span class='ocrx_word' id='word_1_324' title='bbox 1027 4567 1073 4622; x_wconf 85' lang='lat' dir='ltr'>das</span> <span class='ocrx_word' id='word_1_325' title='bbox 1089 4569 1138 4623; x_wconf 82' lang='lat' dir='ltr'>auf</span> <span class='ocrx_word' id='word_1_326' title='bbox 1148 4568 1232 4621; x_wconf 87' lang='lat' dir='ltr'>nostri</span> <span class='ocrx_word' id='word_1_327' title='bbox 1245 4567 1373 4637; x_wconf 82' lang='lat' dir='ltr'>fulgendo</span> 
     </span>
     <span class='ocr_line' id='line_1_37' title="bbox 190 4656 1272 4729; baseline 0.001 -19"><span class='ocrx_word' id='word_1_328' title='bbox 190 4657 315 4728; x_wconf 87' lang='lat' dir='ltr'>imposite</span> <span class='ocrx_word' id='word_1_329' title='bbox 328 4659 403 4712; x_wconf 83' lang='lat' dir='ltr'>vobis</span> <span class='ocrx_word' id='word_1_330' title='bbox 416 4676 465 4729; x_wconf 87' lang='lat' dir='ltr'>per</span> <span class='ocrx_word' id='word_1_331' title='bbox 478 4674 537 4711; x_wconf 91' lang='lat' dir='ltr'>eum</span> <span class='ocrx_word' id='word_1_332' title='bbox 552 4674 652 4711; x_wconf 88' lang='lat' dir='ltr'>summe</span> <span class='ocrx_word' id='word_1_333' title='bbox 666 4656 895 4712; x_wconf 85' lang='lat' dir='ltr'>contribucionem</span> <span class='ocrx_word' id='word_1_334' title='bbox 910 4687 940 4697; x_wconf 95' lang='lat'><em>-</em></span> <span class='ocrx_word' id='word_1_335' title='bbox 951 4658 984 4729; x_wconf 78' lang='lat' dir='ltr'>s)</span> <span class='ocrx_word' id='word_1_336' title='bbox 997 4658 1110 4713; x_wconf 85' lang='lat' dir='ltr'>Henrico</span> <span class='ocrx_word' id='word_1_337' title='bbox 1125 4658 1193 4713; x_wconf 85' lang='lat' dir='ltr'>cod.</span> <span class='ocrx_word' id='word_1_338' title='bbox 1205 4658 1272 4711; x_wconf 86' lang='lat' dir='ltr'>Lub.</span> 
     </span>
    </p>
   </div>
   <div class='ocr_carea' id='block_1_11' title="bbox 0 0 1625 5392">
    <p class='ocr_par' dir='ltr' id='par_1_11' title="bbox 0 0 1625 5392">
     <span class='ocr_line' id='line_1_38' title="bbox 0 0 1625 5392; baseline 0 0"><span class='ocrx_word' id='word_1_339' title='bbox 0 0 1625 5392; x_wconf 95' lang='lat' dir='ltr'> </span> 
     </span>
    </p>
   </div>
  </div>
 </body>
</html>
