3209 5392
1260 495 1333 568 lov

149 667 234 732 beata
248 672 346 730 mater
361 666 491 731 ecclesia
508 667 577 749 quia
593 666 698 730 domus
720 665 843 731 celestis
864 668 950 751 panis
967 667 1018 754 a),
1042 685 1129 730 muns
1145 667 1240 749 Syon,
1257 669 1338 732 unde

148 774 293 845 luxeriit,
314 776 420 838 civitas
442 775 525 856 regis
546 775 658 855 magni,
682 774 720 836 de
744 793 803 857 qua
825 775 958 856 gloriosa
979 776 1061 838 dieta
1077 776 1117 838 sit
1132 780 1224 847 terra,
1247 794 1338 857 quam

148 881 201 946 liei
220 879 309 942 iilius
341 900 396 945 suo
427 901 481 964 pro
513 880 601 944 nobis
634 881 780 961 sanguine
820 882 1026 953 consecravit,
1065 881 1152 961 regni
1184 881 1277 945 robur
1308 886 1359 968 et

149 988 352 1070 pulchritudo,
379 988 468 1070 periit
494 989 606 1070 detque
634 988 784 1070 quondam
806 987 901 1052 libera
922 994 952 1052 ct
975 988 1031 1051 sub
1055 989 1144 1069 impie
1171 989 1338 1068 tyrannidis

148 1095 216 1176 iugo
244 1096 347 1158 servit.
379 1096 480 1176 Luget
507 1094 655 1177 siquidem
683 1095 753 1178 quia
780 1094 823 1157 ibi
839 1095 879 1179 b)
895 1095 1052 1159 multitudo
1080 1094 1203 1157 celestis
1230 1115 1339 1177 pacem

149 1202 257 1268 cecinit
272 1201 402 1274 milicie,
427 1200 470 1264 ibi
486 1220 625 1284 pressum
641 1201 742 1283 gentis
765 1201 1020 1273 immundissime,
1048 1201 1206 1274 scandala,
1235 1202 1456 1264 simui-roan«-

147 1314 221 1376 tates
237 1307 278 1392 c)
295 1314 327 1371 et
348 1309 492 1371 scismata
513 1307 683 1379 suscitavit,
706 1327 743 1370 ac
765 1307 912 1372 innovans
935 1308 1052 1371 excidia
1073 1307 1235 1388 preliorum
1256 1309 1339 1373 misit

148 1415 186 1478 ad
211 1413 425 1477 desiderabilia
462 1434 581 1477 manum
613 1430 714 1484 suam,
747 1414 917 1478 sacerdocii
949 1419 979 1476 et
1010 1432 1165 1478 sacrorum
1204 1415 1340 1477 ordinum

147 1521 209 1603 pias
231 1521 318 1602 leges
336 1526 366 1586 et
390 1521 485 1603 ipsius
505 1523 572 1584 iura
594 1527 700 1584 nature
723 1521 863 1602 relegans
881 1541 899 1583 a
921 1520 1029 1602 templo
1046 1521 1182 1592 Domini,
1211 1521 1340 1584 diversis

148 1628 258 1691 ibidem
275 1627 572 1691 abhominacionibus
590 1633 620 1691 et
636 1627 795 1709 spurciciis
813 1628 1002 1692 introductis.
1031 1628 1071 1691 Et
1087 1628 1155 1690 ideo
1171 1628 1341 1692 Jerusalem

150 1736 180 1797 in
195 1735 260 1797 suis
289 1735 389 1799 derisa
416 1733 552 1798 sabbatis
580 1734 736 1798 obsorduit
764 1735 851 1816 quasi
877 1735 989 1816 polluta
1016 1735 1178 1798 menstruis
1211 1735 1239 1819 ¹)
1261 1737 1341 1800 inter

145 1842 247 1905 hostes
266 1841 318 1927 β)
351 1842 397 1905 Ad
418 1842 554 1907 eiusdem
576 1842 671 1923 igitur
691 1861 871 1905 succursum
892 1842 1004 1906 nullum
1030 1842 1133 1906 tedeat
1153 1844 1341 1926 peregrinari

141 1968 194 2033 pro
209 1951 325 2032 patria,
343 1954 460 2014 certare
482 1969 551 2012 cum
567 1969 622 2030 spe
643 1949 769 2012 victorie
783 1969 839 2031 pro
857 1969 986 2022 corona,
1013 1950 1090 2012 mori
1105 1970 1161 2031 pro
1178 1952 1257 2030 vita,
1284 1971 1340 2033 pro

144 2057 192 2120 illc
209 2057 362 2120 sustinere
378 2057 417 2120 ad
432 2061 552 2138 tempus
569 2056 644 2119 dura
661 2061 692 2118 et
708 2056 818 2128 tristia,
840 2056 892 2140 qui
908 2057 1086 2120 confusione
1110 2058 1345 2138 contemptibili,

144 2170 231 2247 sputo
266 2182 468 2246 conspersus,
510 2183 599 2226 cesus
631 2162 786 2243 colaphis,
832 2162 960 2243 flagellis
991 2163 1140 2234 sillictus,
1178 2171 1341 2228 coronatus

144 2272 238 2354 spinis
264 2290 367 2333 coram
382 2270 485 2352 Pylato
508 2271 575 2332 sisti
596 2275 739 2351 tanquam
760 2268 921 2331 multorum
942 2289 1012 2332 reus
1038 2269 1195 2333 criminum
1216 2272 1342 2352 pertulit

144 2377 353 2460 cruciligium‚
381 2378 420 2440 ad
442 2378 579 2442 ultimum
599 2381 721 2458 potatus
744 2376 830 2447 felle,
858 2376 964 2439 lancea
984 2377 1172 2458 perforatus,
1200 2380 1340 2442 emittens

144 2504 211 2548 cum
234 2485 368 2548 clamore
389 2484 488 2548 valido
513 2484 667 2567 spiritum,
694 2503 748 2566 pro
771 2483 958 2546 condicionis
974 2484 1103 2547 humane
1119 2484 1234 2547 viribus
1250 2504 1340 2567 repa-

141 2592 267 2664 randis,
300 2611 421 2658 cursum
451 2591 604 2674 presentis
634 2593 696 2655 vite
728 2596 879 2656 saturatus
907 2591 1024 2654 iniuriis
1053 2593 1250 2656 consumavit.
1283 2593 1340 2655 llic

146 2699 236 2771 enim,
252 2705 288 2762 ut
304 2709 476 2782 repetamus
500 2699 601 2771 altius,
618 2700 669 2781 qui
685 2699 723 2762 de
738 2704 865 2779 paterne
881 2698 956 2763 solio
973 2699 1081 2780 glorie,
1105 2700 1178 2762 celis
1194 2699 1340 2763 miraffili·

143 2813 190 2870 ter
211 2807 376 2870 inclinatus
393 2807 444 2889 d),
467 2806 507 2869 ad
528 2811 631 2869 nostre
653 2805 845 2869 mortalitatis
866 2805 926 2869 ima
948 2806 1149 2879 descendens,
1171 2826 1232 2870 non
1254 2806 1341 2869 dedi·

144 2918 254 2994 gnatus
285 2920 333 2978 est
347 2913 430 2977 Deus
456 2915 564 2984 homo,
592 2919 713 2977 creator
739 2919 880 2977 creatura
906 2912 989 2985 lieri,
1018 2914 1174 2995 suscipere
1202 2914 1339 2976 domiuus

144 3020 272 3083 sormam
294 3022 391 3092 servi,
418 3027 452 3084 ut
474 3020 525 3102 qui
547 3040 608 3082 non
629 3026 809 3102 poteramus·
822 3039 879 3102 per
893 3026 1027 3084 nostram
1041 3020 1194 3084 iusticiam
1215 3039 1340 3102 sperare

141 3128 272 3199 veniam,
287 3147 342 3210 per
354 3127 433 3191 hunc
447 3127 602 3190 consecuti
615 3127 748 3208 graciam
760 3126 935 3197 inauditam,
946 3127 1074 3190 heredes
1086 3128 1153 3198 Dei,
1171 3127 1339 3191 coheredes

142 3254 212 3297 vero
238 3235 370 3307 Christi,
403 3235 566 3299 divinitatis
595 3236 799 3306 consorcium,
831 3234 984 3298 felicitatis
1017 3240 1121 3297 eterne
1148 3235 1339 3318 participium

143 3344 332 3406 sortiremur.
365 3343 405 3405 ut
425 3342 497 3405 licet
517 3362 573 3424 per
595 3344 728 3423 graciam
750 3341 901 3423 adoptati,
929 3341 1054 3405 cottidie
1077 3362 1186 3406 causas
1208 3343 1338 3425 ingrati-
1375 3389 1377 3401 .

140 3449 255 3512 tudinis
275 3450 477 3521 cumulemus,
499 3450 566 3531 ipse
587 3455 688 3512 tamen
703 3448 859 3512 habundat
880 3449 911 3512 in
936 3448 1055 3512 diviciis
1078 3449 1239 3523 bonitatis,
1268 3450 1338 3514 dum

140 3562 269 3637 propter
285 3556 490 3621 diversitatum
507 3556 544 3641 e)
560 3558 761 3627 voluntatum,
788 3556 914 3627 virium,
941 3557 1132 3629 facultatum,
1161 3557 1338 3639 delinquen·

141 3662 221 3727 tibus
235 3664 356 3726 diversa
368 3682 422 3745 pro
439 3669 576 3745 ternpore
593 3663 799 3726 satisfaciendi
816 3682 928 3744 genera
946 3664 1082 3734 contulit,
1098 3665 1180 3727 varia
1196 3664 1337 3728 medendi

141 3769 364 3852 languentibus
392 3771 525 3834 remedia
553 3770 727 3842 suscitavit,
757 3770 827 3833 dum
854 3775 981 3842 terram,
1010 3770 1041 3833 in
1058 3789 1116 3852 qua
1132 3770 1233 3843 nasci,
1260 3769 1337 3834 mori

141 3881 171 3941 et
185 3898 352 3959 resurgere
374 3877 484 3951 voluit,
506 3878 619 3943 tamdiu
635 3878 674 3941 ad
697 3877 950 3941 exercitacioucm
965 3875 1097 3940 fidelium
1112 3876 1150 3939 ab
1166 3877 1336 3941 infidelibus

141 3985 272 4049 detineri
292 3985 456 4067 permittit,
483 3985 555 4048 licet
578 4005 639 4048 non
654 3985 694 4047 sit
711 3984 864 4048 abreviata
880 4005 985 4048 manus
1000 3983 1139 4055 Domini,
1167 4004 1225 4048 nec
1240 3986 1336 4048 virtus

141 4092 205 4155 eius
228 4094 262 4155 in
289 4092 389 4174 aliquo
419 4093 578 4165 diminuta,
607 4094 678 4176 quin
706 4112 789 4164 eam,
818 4092 898 4156 sicut
924 4098 1034 4155 cuncta
1061 4093 1135 4154 fecit
1162 4111 1198 4154 ex
1213 4091 1336 4164 nichilo,

138 4198 272 4263 liberare
299 4200 397 4262 valeat
423 4198 455 4262 in
481 4204 642 4263 momento,
676 4199 739 4263 Sed
765 4199 832 4261 illas
860 4198 1078 4298 compassionis
1107 4203 1137 4261 et
1165 4197 1335 4263 dilectionis

230 4360 267 4428 a)
281 4358 357 4428 panis
376 4375 418 4414 am
437 4360 537 4414 Raude.
555 4388 583 4401 -
599 4360 632 4428 b)
651 4358 695 4413 uhi
715 4377 747 4412 ru
765 4359 851 4413 lesen.
864 4387 901 4398 -
913 4358 944 4427 c)
959 4357 1107 4413 simultates
1126 4374 1166 4411 am
1184 4359 1286 4412 Raude.
1301 4387 1335 4400 -·

142 4448 175 4516 d)
195 4448 335 4503 inclinatis
354 4466 386 4503 cu
406 4451 492 4504 lesen.
518 4478 545 4489 -
569 4450 600 4519 e)
621 4449 803 4504 divcrdtatem
824 4466 855 4501 cu
876 4449 959 4501 lesen.

167 4665 191 4722 ¹)
208 4664 299 4711 Theon
317 4665 342 4721 1,
361 4665 398 4711 17.
