3209 5392
749 774 785 843 8.

563 954 623 1017 Rex
647 953 677 1017 ll.
703 955 897 1017 Romanorum
920 953 993 1035 regl.

733 1113 814 1168 1276.

184 1258 273 1331 Ko'm'q
285 1258 432 1314 Lodooluus
453 1276 504 1312 oon
521 1256 630 1329 Uagam
650 1257 719 1328 aeigt
737 1258 796 1312 dem
810 1255 1030 1329 Kdniyclludolf
1047 1274 1095 1319 an,
1117 1258 1183 1312 does
1204 1276 1235 1311 er
1256 1256 1307 1328 [ἂν
1327 1255 1371 1311 die

189 1349 410 1422 Vardandlunpen
434 1350 500 1403 dher
525 1349 570 1403 die
594 1346 710 1404 edelicde
735 1347 903 1420 Verbindunp
928 1347 1015 1404 scices
1036 1348 1159 1403 Brudcre
1179 1348 1304 1402 Andreas
1325 1347 1373 1402 mit

180 1442 257 1496 einer
274 1440 393 1504 Tordter,
407 1439 518 1495 anderen
530 1440 594 1493 oder
606 1437 700 1494 Niciae
712 1440 760 1493 dee
770 1438 883 1511 Koniqs,
897 1440 948 1493 den
964 1437 1069 1509 Grafcn
1078 1437 1220 1492 Meinlrard
1229 1455 1262 1491 zu
1274 1438 1373 1494 acinam

190 1532 437 1604 Betollrndclrtipten
457 1541 567 1586 erucam
583 1529 651 1584 lube
666 1531 723 1584 und
739 1530 895 1585 aueeerdem
912 1529 989 1584 einen
1015 1532 1251 1585 Veroaoensmann
1269 1546 1303 1584 an
1321 1532 1373 1585 den

679 1620 767 1691 Kduiq
779 1622 871 1674 sende.

268 1769 394 1839 Palaclsy,
411 1754 484 1821 [lber
498 1767 704 1822 Formelbdclrer
715 1785 741 1838 p.
756 1765 818 1820 319.
833 1767 948 1822 Gerbert
960 1787 987 1840 p.
1002 1765 1063 1820 150.
1076 1766 1167 1821 Bodm.
1180 1784 1206 1837 p.
1220 1765 1264 1821 49.

266 1913 374 1977 [livine
403 1914 569 1977 maiestatis
597 1913 809 1995 providencia,
839 1915 924 1977 cuius
953 1918 1026 1977 nutu
1054 1919 1201 1996 reguntur
1223 1915 1321 1977 omnia
1345 1919 1375 1976 et

177 2022 363 2093 subsistunt,
401 2022 636 2104 presencialiter
673 2022 778 2104 utique
819 2024 975 2086 continens
1007 2023 1157 2091 universa,
1190 2042 1227 2084 ne
1258 2020 1375 2083 lubrica

172 2131 364 2195 microcosmi
391 2130 518 2194 materia
545 2151 601 2214 per
635 2131 720 2194 deria
747 2131 919 2201 laberetur,
954 2137 1006 2194 aut
1033 2131 1176 2194 naturalis
1205 2129 1374 2194 affectionis

172 2241 323 2322 igniculus
345 2242 475 2304 invicem
504 2239 569 2303 sine
592 2241 762 2304 dilectionis
786 2241 933 2303 fasciculo
957 2241 1139 2311 solveretur,
1167 2241 1199 2302 in
1226 2239 1374 2322 paradyso

172 2350 271 2432 legem
294 2351 424 2414 instituit
451 2351 649 2422 matrimonii,
678 2371 844 2434 perquam
867 2352 896 2413 in
920 2351 1009 2413 terris
1026 2355 1247 2432 propagaretur
1261 2348 1374 2412 karitas

177 2460 343 2523 amicorum
360 2466 390 2523 et
406 2466 512 2523 nature
529 2461 695 2542 proclivum
712 2462 806 2524 virtus
823 2461 977 2542 exciperet
992 2459 1168 2522 honestatis
1202 2458 1278 2521 Hinc
1295 2457 1491 2521 enimcum·

173 2567 379 2650 ydemptitatis
404 2573 434 2631 et
455 2568 578 2632 unitatis
602 2568 721 2632 allectio
745 2568 919 2640 invalescit,
948 2588 1005 2651 que
1023 2568 1242 2631 descendentes
1259 2586 1376 2629 ramus-

174 2678 258 2740 culos
275 2678 313 2740 ad
331 2699 364 2741 se
381 2676 518 2748 retrahit,
537 2698 571 2740 ex
589 2677 716 2740 diversis
734 2698 824 2741 ununr
842 2677 977 2740 alliciens
995 2676 1126 2758 coniugii
1143 2676 1281 2757 paritate.
1302 2675 1374 2737 Cum

177 2787 270 2868 igitur
287 2786 318 2849 in
335 2784 518 2849 sublimitate
535 2787 626 2849 vestri
644 2786 787 2856 nominis,
812 2792 954 2868 tanquam
972 2786 1002 2847 in
1019 2790 1087 2847 ortu
1104 2785 1172 2847 novi
1189 2782 1315 2853 sideris,
1340 2805 1376 2845 ex

175 2895 288 2959 intimis
306 2895 484 2977 gloriemur,
501 2895 658 2976 cupientes
674 2901 707 2958 ut
724 2895 864 2958 allectum
881 2900 1015 2957 nostrum
1032 2892 1231 2975 proximitatis
1248 2891 1374 2955 annexio

177 3009 382 3087 sequeretur:·
400 3022 492 3084 super
507 3003 694 3067 matrimonio
714 3004 923 3067 contrahendo
941 3004 1019 3066 inter
1034 3001 1126 3065 filiam
1142 3006 1271 3064 vestram
1290 3000 1328 3085 α)
1347 3007 1377 3064 et

176 3117 301 3179 fratrem
325 3118 460 3176 nostrum
484 3112 672 3176 karissimum
690 3115 727 3177 N.
747 3114 786 3201 β)
806 3114 843 3176 de
861 3115 990 3177 omnium
1011 3132 1170 3195 procerum
1189 3115 1218 3174 et
1231 3110 1375 3174 baronum

175 3218 348 3288 nostrorum
376 3223 519 3293 consilio,
547 3222 707 3305 magnifico
732 3224 794 3287 viro
812 3225 849 3287 N.
869 3221 907 3309 p)
926 3228 1054 3305 cognato
1081 3227 1184 3285 nostro
1206 3219 1376 3291 karissimo,

173 3335 256 3398 vices
274 3340 391 3397 nostras
416 3333 551 3395 duximus
576 3333 806 3397 committendas
825 3333 871 3419 d),
890 3334 1104 3396 excellenciam
1127 3337 1258 3395 vestram
1283 3330 1376 3394 affec-

69 3436 71 3441 ’
173 3443 289 3508 tuosius
302 3443 505 3526 requirentes,
518 3449 665 3525 quatenus
679 3463 772 3526 super
784 3443 953 3507 huiusmodi
966 3441 1155 3506 matrimonio
1170 3440 1375 3504 contrahendo

175 3552 233 3635 ipsi
251 3551 352 3615 comiti
371 3550 402 3638 ε)
419 3551 516 3613 velitis
532 3557 670 3633 prompte
688 3553 892 3616 exaudicionis
909 3552 1043 3615 lavarem
1070 3556 1101 3613 et
1123 3550 1257 3631 graciam
1273 3549 1376 3631 inper-

177 3664 239 3734 tiri,
255 3668 289 3725 ut
305 3667 407 3725 nostre
425 3661 578 3725 felicitatis
595 3661 723 3725 invicem
740 3663 873 3726 brachiis
891 3662 1028 3725 solidatis
1046 3661 1212 3743 glorientur
1232 3659 1371 3732 humiles,

177 3777 351 3836 terreantur
366 3771 471 3834 tumidi
489 3774 535 3855 ζ),
553 3771 676 3853 pessimi
694 3777 896 3835 conterantur.

265 3899 427 3967 Erganznng
441 3916 488 3953 aus
502 3899 632 3970 Palaclxy:
656 3887 725 3952 [lber
739 3899 945 3953 Formelbdclrcr
958 3918 987 3969 p.
1005 3897 1066 3951 319.
1081 3928 1114 3937 -
1134 3896 1166 3968 α)
1180 3897 1374 3968 principaliter,

177 3991 199 4044 si
219 3994 321 4050 exstat,
344 3997 389 4043 aut
407 3988 452 4042 filii
471 3990 555 4044 vestri
576 3992 616 4043 vel
635 3990 706 4043 filiae
726 4008 773 4043 seu
789 3990 892 4045 sororis
912 3989 991 4044 filiam
1004 4019 1041 4028 -
1054 3987 1086 4059 β)
1101 3989 1233 4042 Andream
1248 3989 1374 4060 inclytum

172 4081 267 4135 ducem
293 4081 432 4135 Slaroniae
451 4084 478 4134 et
496 4080 632 4142 croatiae,
656 4081 878 4136 infraocteannm
893 4082 1063 4135 constitutum
1078 4079 1158 4152 ...0
1184 4079 1375 4146 (Meinhardo)‚

177 4171 267 4225 comiti
294 4170 435 4240 Tyrolensi
462 4174 491 4223 et
516 4171 643 4226 Goritiae.
672 4202 702 4210 -
730 4170 762 4244 δ)
792 4173 826 4225 ad
852 4171 1034 4227 serenitatem
1059 4172 1181 4226 Vestrum
1207 4170 1375 4224 nihilomiuus

177 4262 290 4318 nobilem
303 4261 396 4325 virum,
410 4261 562 4333 magistrum
571 4263 612 4324 A..
625 4263 781 4317 familiarem
792 4268 821 4318 et
832 4263 937 4316 fidelem
951 4267 1070 4316 nostrum
1080 4263 1204 4316 nuncium
1217 4261 1370 4331 specialem,

173 4371 255 4423 super
277 4354 319 4407 his
333 4357 362 4409 et
386 4353 444 4407 aliis
468 4354 587 4424 qualibet
608 4356 770 4409 auctoritate
793 4353 928 4409 suffultum
949 4353 1108 4426 quantocius
1131 4354 1315 4408 transmissuri
1336 4382 1370 4393 -·

171 4442 200 4515 ε)
215 4446 254 4498 vel
269 4443 325 4499 eius
338 4444 500 4515 misso-t)
515 4462 545 4499 ac
564 4450 753 4501 convertantur
766 4450 793 4503 et
807 4446 839 4501 ad
851 4447 918 4518 juga
931 4444 1035 4499 veniant
1048 4461 1174 4499 exercere
1189 4442 1248 4514 (fdr
1262 4442 1371 4514 extero)

177 4538 336 4604 potestates.

262 4628 316 4681 Der
334 4626 557 4698 vorhergehende
574 4627 649 4679 Brief
664 4630 769 4698 gelrdrt,
789 4630 838 4682 wie
857 4645 905 4683 aus
919 4628 993 4681 Anm.
1014 4626 1078 4680 3zu
1092 4626 1243 4680 demselben
1257 4625 1371 4679 hervor-

175 4720 248 4787 gcht,
270 4719 296 4771 in
316 4718 367 4774 den
385 4718 491 4788 Aniang
509 4717 555 4771 des
573 4717 669 4773 Jahres
692 4719 776 4783 12763
801 4721 893 4775 srdher
912 4720 1001 4774 ddrlte
1019 4735 1049 4773 er
1068 4721 1150 4774 echon
1165 4718 1289 4772 desshalb
1302 4719 1376 4772 nicht

235 4820 412 4865 Fortassean.
427 4819 453 4863 ll.
466 4820 506 4862 Bd.
517 4819 584 4862 XXV.
1123 4809 1159 4861 20
