3209 5392
1307 492 1387 569 189

191 647 307 710 laveris
325 653 521 729 assumptum,
536 648 672 709 humanis
691 667 748 709 non
766 648 876 712 debeat
891 655 1038 717 versuciis
1054 661 1221 733 retardari,
1242 666 1386 731 fraterni-

187 755 243 817 tati
279 760 329 817 tue
359 754 543 836 precipimus
576 763 607 818 et
639 761 753 818 attente
780 776 940 836 rogamus,
974 768 1119 843 quatenus
1147 770 1244 833 Deum
1275 773 1387 839 bomini

193 863 352 942 preferens
370 869 400 925 et
418 860 641 926 difficultatibus
665 861 802 925 omnibus
826 863 1002 929 obediencie
1025 871 1164 936 meritum
1185 882 1383 960 anteponens,

192 967 271 1031 intra
291 969 457 1050 proximum
480 969 711 1032 resurrectionis
727 970 884 1034 Dominice
909 972 987 1060 diem
1009 975 1047 1037 ad
1071 980 1174 1043 sedem
1191 988 1387 1066 apostolicam

194 1075 344 1138 accedere
372 1075 573 1156 personaliter
603 1097 661 1139 non
694 1076 852 1149 obmittas,
885 1085 917 1142 ut
947 1087 1043 1145 mater
1073 1084 1200 1152 filiorum
1230 1096 1385 1161 consolata

192 1182 354 1265 presencia
371 1189 401 1244 et
418 1182 514 1245 bostis
530 1184 718 1247 adversantis
743 1184 899 1248 obstaculo
921 1188 1115 1268 providencia
1139 1195 1238 1260 divina
1254 1200 1383 1277 sublato,

189 1291 238 1372 pie
255 1289 438 1354 intencionis
456 1291 578 1352 exordia
595 1291 675 1352 felici
693 1292 968 1356 eommunicacione
985 1298 1166 1362 conclaudas
1181 1307 1211 1366 et
1224 1325 1278 1367 nos
1293 1327 1383 1389 super

191 1397 344 1468 omnibus,
361 1417 419 1480 que
436 1397 475 1459 ad
491 1403 606 1460 tantum
622 1398 782 1479 negocium
799 1400 962 1481 expediunt
985 1407 1201 1487 exequendum,
1219 1413 1388 1479 curabimus

194 1527 281 1589 opem
300 1513 331 1569 et
347 1525 469 1588 operam
485 1505 638 1567 adbibere.

279 1665 398 1733 Raynald
412 1664 492 1727 laco,
506 1681 547 1718 no.
559 1665 594 1718 58
607 1683 639 1718 an
654 1665 704 1717 den
715 1666 791 1719 Erzb.
806 1683 857 1721 von
871 1669 948 1722 Sens.
956 1672 1015 1725 Dat.
1029 1673 1152 1725 Laterani
1162 1675 1251 1728 Idibus
1262 1676 1387 1732 Octobris

193 1773 262 1810 anno
277 1757 341 1810 lllV.
354 1756 452 1808 lliebcr
465 1756 563 1823 gebest
576 1755 625 1807 der
637 1754 771 1808 undatirte
785 1756 860 1808 brief
871 1757 998 1829 Gregor’s
1012 1778 1042 1814 an
1058 1762 1100 1815 die
1121 1763 1279 1818 ldailauder:
1302 1783 1386 1835 nuper

186 1845 388 1901 considerantes
406 1846 546 1913 -populi
563 1845 697 1899 christiani
712 1843 753 1898 bei
767 1845 849 1909 llahu,
862 1847 927 1902 Coll.
941 1850 1007 1903 ldou.
1023 1855 1119 1905 veteru.
1131 1853 1150 1913 l,
1165 1851 1223 1906 lll.

761 2147 824 2215 46.

481 2305 557 2385 l’opc
573 2304 706 2366 omnibus
724 2305 900 2368 civitatibus
917 2305 1078 2369 liemcule.

580 2442 659 2495 1255.
680 2444 781 2509 August
800 2442 844 2495 28.
866 2442 993 2510 Anagnis.

186 2569 349 2624 Alexander
361 2571 378 2623 1
382 2571 407 2621 V.
422 2578 508 2622 warne
520 2569 564 2621 die
577 2568 721 2621 deutschen
733 2570 846 2622 Fdretea
864 2571 920 2622 aad
933 2570 1025 2623 Stcidte
1042 2588 1089 2624 cor
1105 2571 1155 2625 der
1168 2572 1297 2626 Necwolrl
1309 2573 1384 2632 cinea

184 2661 298 2731 Kdnr'qa,
312 2677 341 2713 co
355 2660 432 2729 lange
443 2657 531 2728 Kdniy
550 2658 668 2712 Wilbelm
681 2658 752 2720 lebe3
775 2677 805 2712 er
818 2660 907 2712 werde
921 2660 979 2712 circe
992 2660 1081 2712 solede
1101 2660 1178 2713 Wubl
1190 2662 1235 2715 aie
1247 2663 1379 2717 uuerden·

461 2764 522 2811 aea,
537 2746 662 2799 uielmelar
681 2745 802 2798 Wilbelm
815 2764 872 2799 aaut
886 2746 983 2799 Kue'aer
995 2746 1103 2800 bacen.

286 2873 449 2956 Quosdam,
473 2873 551 2962 sicut
566 2871 750 2954 accepimus,
773 2872 849 2934 adeo
867 2873 1054 2954 inpaciencie
1072 2894 1126 2935 sue
1143 2881 1230 2956 urget
1247 2877 1382 2938 stimulus

186 3003 242 3046 seu
256 2982 389 3053 aculeus,
404 2986 446 3052 ut,
460 3001 520 3042 non
534 2979 607 3041 satis
621 2978 833 3061 preteritorum
847 2979 961 3041 dierum
974 2979 1092 3042 malicia
1106 2985 1136 3041 et
1148 2981 1381 3061 precedencinm

182 3094 397 3171 tempestatum
413 3087 553 3150 fluctibus
570 3086 704 3166 fatigati,
732 3085 886 3147 videamus
903 3124 947 3134 -
964 3086 1002 3148 ad
1025 3085 1233 3148 turbacionem
1254 3088 1380 3150 Romani

185 3195 364 3277 imperilia
381 3193 466 3255 euius
484 3192 703 3255 reformacione
719 3190 865 3252 hactenus
884 3195 930 3252 est
947 3191 1138 3254 studiossime
1154 3192 1332 3265 laboratum,
1350 3200 1380 3257 et

185 3303 226 3365 ad
238 3303 366 3364 humane
379 3301 464 3382 pacis
478 3300 625 3390 excidium
638 3339 682 3349 -
694 3298 780 3362 novis
792 3297 1069 3362 machinacionibus
1086 3300 1220 3381 aspirare
1233 3302 1380 3384 quosdam

185 3409 418 3491 suscepcionem
455 3407 548 3488 ipsius
586 3406 720 3488 imperii,
764 3405 924 3469 karissimo
962 3406 993 3467 in
1022 3406 1142 3470 Christo
1175 3406 1234 3470 filio
1274 3415 1377 3472 nostro

181 3505 225 3581 vN.
242 3518 442 3580 Romanorum
457 3533 531 3595 rege
548 3515 646 3577 adbuc
670 3514 850 3595 superstite,
877 3512 1012 3575 invidere
1030 3514 1079 3599 a).
1120 3515 1182 3577 Sed
1213 3516 1379 3579 mirandum

185 3626 274 3690 nimis
303 3626 383 3687 foret
418 3628 448 3685 et
481 3620 572 3683 divini
606 3620 726 3703 plenum
766 3619 1026 3682 animadversione
1067 3621 1187 3692 iudicii,
1228 3622 1254 3684 si
1290 3642 1379 3705 quem

183 3738 288 3799 forsan
305 3755 341 3796 ex
356 3732 442 3796 vobis
460 3731 559 3813 aliqua
575 3736 636 3792 tam
652 3748 795 3810 perversa
813 3728 970 3809 suggestio
987 3728 1066 3791 intus
1083 3729 1113 3790 in
1130 3729 1228 3792 animo
1246 3749 1379 3794 commo·
1401 3806 1405 3812 Ι

182 3851 286 3915 voret,
324 3849 356 3905 ut
394 3858 571 3924 quocunque
609 3843 748 3919 pretextu
786 3841 927 3899 censeret
964 3835 1094 3907 licitum,
1132 3836 1295 3917 expediens
1327 3845 1379 3902 aut

184 3956 361 4024 honestum,
391 3971 494 4014 eorum
517 3950 620 4010 lavere
638 3945 783 4016 consiliis,
807 3944 857 4026 qui
881 3965 916 4007 eo
933 3944 1046 4006 ambitu
1064 3944 1230 4025 cuiuspiam
1247 3951 1378 4008 mentem

185 4067 345 4145 temptant,
362 4080 420 4143 quo
435 4061 504 4121 loca
521 4056 700 4127 vivencium,
717 4075 792 4137 quos
811 4053 941 4115 divinum
954 4052 1001 4114 vel
1013 4053 1173 4115 humanum
1189 4073 1248 4131 nou
1265 4052 1377 4118 abiecit

182 4170 339 4241 iudicium,
358 4165 587 4248 dampnabiliter
599 4167 787 4245 appetantur.
807 4160 901 4241 Quam
918 4158 1038 4240 quidem
1055 4153 1226 4240 cupiditatis
1243 4158 1377 4240 speciem

180 4279 304 4362 gentilis
338 4277 496 4358 dampnat,
527 4273 624 4337 fidelis
652 4272 813 4341 abhorret,
841 4288 915 4331 sana
943 4268 1110 4331 detestatur
1137 4269 1219 4329 racio
1245 4273 1275 4329 et
1297 4268 1376 4331 iusta

182 4387 297 4451 iudicia
324 4389 533 4468 persecuntur.
566 4382 676 4444 Videat
703 4367 874 4462 quicunque
901 4396 961 4439 non
986 4374 1113 4457 desipit,
1136 4374 1162 4436 si
1179 4374 1237 4457 piis
1254 4375 1376 4439 auribus

201 4595 203 4600 ,
273 4549 308 4616 o)
322 4548 375 4600 Der
387 4547 458 4600 Text
472 4547 507 4598 ist
519 4543 656 4612 irgeudwo
671 4537 844 4609 corrumpirt.
867 4537 950 4590 Eiuen
964 4537 1028 4590 Sina
1044 4534 1131 4589 erbtlt
1144 4534 1192 4587 der
1206 4534 1278 4598 Sata,
1298 4543 1374 4589 vena

181 4658 212 4699 er
225 4645 273 4695 ruit.
286 4638 435 4708 superstite
450 4635 588 4690 schliesst,
600 4631 715 4684 inridere
730 4629 785 4680 also
801 4626 926 4695 wegltllt.
