3209 5392
216 503 293 575 250

213 674 329 756 Quanto
346 675 424 737 enim
439 675 600 758 benignius
617 678 655 740 ad
670 677 773 759 plures
795 675 1026 759 magnificencia
1042 678 1084 763 a)
1099 678 1212 759 regalis
1226 678 1408 750 extenditur,

209 788 292 846 tanto
320 783 436 865 plenius
453 789 539 855 nota,
569 785 665 848 eciam
681 785 712 848 in
727 786 853 848 remotis
875 784 1009 866 partibus
1026 784 1066 870 ¹),
1081 785 1120 847 ad
1136 786 1182 847 sui
1206 785 1403 866 flagranciam

210 891 339 954 nominis
358 896 563 973 comparatur,
586 899 635 965 ut,
659 893 697 955 ad
714 893 860 975 obsequia
875 892 989 974 regalia
1007 892 1149 974 exemplis
1165 898 1329 974 provocata
1346 913 1406 956 non

211 999 328 1071 dubiis,
355 998 487 1080 undique
515 997 646 1062 fidelium
672 1000 830 1063 multitudo
857 1019 917 1062 non
944 999 1040 1062 minus
1069 999 1157 1062 arida
1185 1020 1274 1083 mam
1299 992 1408 1063 devota

211 1123 392 1168 concurrere
408 1104 555 1168 uideatur.
584 1105 662 1168 Hine
680 1111 737 1177 est,
756 1106 835 1189 quod
851 1106 924 1169 licet
939 1111 972 1169 tu
988 1103 1086 1168 lidelis
1102 1111 1207 1168 noster
1230 1113 1335 1170 contra
1352 1127 1408 1170 nos

210 1212 432 1293 ingratitudinis
469 1211 580 1275 vicium
616 1214 712 1277 fueris
750 1214 833 1278 visus
871 1234 928 1296 per
964 1213 1093 1296 quedam
1130 1213 1234 1295 spacia
1263 1211 1410 1295 temporis

211 1318 416 1392 commisisse,
451 1321 521 1405 quia
541 1326 643 1384 tamen
663 1322 766 1386 habito
788 1324 856 1386 loco
882 1341 917 1385 ac
934 1328 1089 1403 tempore,
1121 1319 1300 1385 reeordatus
1330 1323 1410 1404 quod

210 1427 425 1500 malefeceras,
442 1430 560 1491 veniam
582 1429 758 1511 postulasti,
787 1431 856 1511 quia
879 1429 993 1502 eciam,
1021 1429 1078 1491 nisi
1095 1428 1183 1510 culpa
1200 1432 1293 1500 esset,
1310 1428 1410 1491 locum

210 1535 298 1597 uenia
313 1555 372 1597 non
388 1535 532 1599 baberet:
559 1536 596 1598 de
612 1535 714 1600 innata
731 1541 834 1601 nostre
851 1535 1059 1599 munificencia
1076 1535 1180 1617 gracia
1195 1533 1252 1600 tibi
1268 1556 1410 1600 mansue·

209 1641 323 1706 tudinis
344 1649 447 1706 nostre
464 1641 598 1724 graciam
621 1650 652 1707 et
674 1643 823 1724 gremium
845 1641 1011 1706 liberaliter
1031 1643 1199 1725 aperimus,
1227 1644 1259 1706 in
1280 1643 1411 1727 plenitu-

210 1751 311 1812 dinem
326 1751 439 1813 favoris
455 1753 550 1814 nostri
566 1758 596 1815 te
612 1753 775 1833 recipimus
793 1758 823 1815 et
839 1752 961 1834 antique
977 1749 1192 1815 familiaritatis
1216 1767 1348 1815 amorem
1365 1751 1410 1814 sic

209 1858 263 1921 tibi
291 1857 513 1939 perfectissime
541 1859 711 1931 reddimus,
740 1866 773 1923 ut
797 1880 867 1922 esse
888 1878 1012 1941 prorsus
1039 1860 1184 1940 preterito
1212 1855 1257 1921 ire
1285 1857 1410 1922 velimus

209 1966 399 2028 immemores
416 1970 457 2036 et,
472 1967 562 2029 velud
578 1985 727 2050 nunquam
744 1966 863 2039 offensi,
887 1965 918 2029 in
934 1964 1259 2030 visceribuslraritatis
1275 1972 1306 2029 te
1324 1985 1408 2029 more

210 2073 297 2136 solito
319 2074 495 2156 precipuum
523 2074 706 2148 habeamus,
735 2095 791 2137 neo
813 2095 945 2158 unquam
967 2096 1023 2158 per
1045 2094 1099 2137 nos
1122 2093 1177 2137 seu
1200 2093 1255 2156 per
1282 2073 1411 2158 aliquem

209 2181 265 2245 tibi
278 2183 358 2246 obici
373 2184 537 2266 paciemur,
555 2183 635 2267 quod
651 2184 796 2246 adversus
815 2189 948 2246 nostram
961 2184 1174 2247 excellenciam
1187 2181 1298 2265 aliquid
1312 2182 1411 2265 aliquo

208 2311 339 2374 unquam
357 2292 395 2377 b)
411 2298 551 2373 tempore
579 2295 806 2373 attemptaveris
834 2289 956 2373 publice
983 2292 1030 2354 vel
1059 2291 1206 2374 privatim.
1241 2291 1294 2356 Sic
1316 2291 1410 2373 igitur

210 2400 339 2462 animum
364 2406 447 2462 tunm
474 2419 600 2482 presens
628 2405 732 2463 nostra
766 2401 918 2463 correctio
941 2399 1105 2472 modificet,
1135 2400 1239 2483 sicque
1262 2399 1412 2463 modestia

211 2513 313 2571 nostra
336 2507 527 2579 corroboret,
556 2514 589 2571 ut
611 2507 680 2570 dnm
702 2507 921 2572 observacione
943 2508 1017 2570 iuris
1041 2512 1072 2570 et
1092 2507 1217 2571 honoris
1240 2506 1358 2589 imperii
1374 2513 1406 2569 te

210 2613 397 2697 principibus
419 2615 484 2676 aliis
506 2615 676 2697 preminere
703 2616 885 2687 uiderimus,
913 2614 1124 2680 familiaritatis
1148 2620 1179 2677 et
1200 2613 1410 2678 benivolencie

212 2729 314 2786 nostre
331 2723 465 2786 savorem
481 2723 558 2786 inte
574 2724 769 2788 incrementis
787 2722 938 2788 continuis
955 2742 1128 2804 augeamus.

301 2921 368 2974 Dass
382 2921 471 2975 dieser
482 2921 558 2976 Brief
567 2940 618 2978 von
630 2922 662 2975 K.
675 2920 791 2975 llicbard
803 2922 944 2982 berrdbrt,
963 2921 1094 2975 sobliesse
1108 2920 1152 2973 icb
1163 2937 1211 2973 aus
1226 2920 1276 2972 der
1290 2918 1414 2973 wortlicb

214 3010 463 3081 gleicblantendeu‚
488 3028 538 3064 nur
563 3013 627 3066 sehr
651 3012 834 3081 abgekdrsten
856 3011 982 3066 Urkunde
1008 3011 1152 3086 desselben
1170 3010 1271 3079 Konigs
1297 3011 1341 3064 nu
1365 3007 1410 3062 dio

214 3101 317 3173 Biirger
334 3118 384 3154 voo
404 3101 529 3170 llageuau
548 3103 642 3154 Datum
661 3118 712 3171 per
730 3118 834 3154 manum
853 3100 973 3173 magistri
986 3100 1095 3154 Arnoldi
1110 3100 1143 3154 de
1158 3098 1295 3154 llollandia
1308 3115 1411 3170 prepo-

214 3191 257 3246 siti
270 3191 467 3246 Wetslarieosis
487 3192 574 3247 dilecti
595 3193 785 3263 prothonotarii
805 3194 889 3246 nostri
909 3192 981 3263 apud
999 3193 1150 3260 Hageuowe
1169 3192 1224 3245 XVl
1244 3191 1287 3246 die
1301 3188 1415 3244 Octobr·

132 3307 134 3310 ·
212 3281 360 3348 indictione
381 3282 415 3335 Vl
436 3300 460 3336 a.
483 3284 508 3337 d.
533 3282 603 3336 1262
625 3283 702 3354 regui
728 3301 791 3337 vero
815 3282 898 3336 nostri
924 3297 992 3336 auno
1018 3284 1104 3337 sexto.
1130 3278 1286 3350 Schoepdin
1311 3277 1412 3333 blsatia

214 3369 382 3441 diplomatica
394 3372 414 3435 l,
428 3372 496 3435 4413
514 3374 556 3426 die
569 3372 743 3442 lddglicblreit
759 3373 832 3435 aber,
853 3371 917 3425 dass
937 3388 966 3424 er
979 3389 1029 3424 voa
1043 3370 1147 3425 undolf
1156 3370 1292 3433 berrdbrt,
1304 3368 1412 3422 mbcbte

214 3461 258 3514 icb
272 3460 426 3530 gleicbwobl
443 3464 518 3516 nicht
529 3462 555 3515 iu
567 3463 674 3517 Abredo
687 3464 792 3516 stellen.
817 3462 902 3516 Wenn
915 3479 974 3515 man
994 3460 1108 3515 namlicb
1123 3459 1167 3514 fuir
1179 3459 1307 3531 princeps
1326 3461 1408 3512 llber-

214 3552 248 3606 all
270 3553 361 3607 ciuitas
383 3557 466 3614 seint,
489 3571 520 3606 so
543 3559 613 3607 ware
635 3570 717 3607 unser
736 3553 810 3608 Rrief
836 3553 894 3607 elue
913 3554 1033 3607 Antwort
1057 3552 1106 3604 anf
1127 3552 1175 3605 das
1195 3549 1413 3620 verborgebeude

215 3645 361 3699 Sobreibeo
376 3645 423 3699 dor
437 3644 518 3698 Sladt
531 3644 616 3701 burel,
631 3645 690 3698 eine
704 3644 848 3705 Annabme,
862 3646 905 3697 dio
919 3643 988 3697 anob
1001 3643 1085 3696 durcb
1097 3642 1141 3696 die
1152 3645 1233 3693 unteu
1244 3640 1367 3695 Arrmerk.
1380 3639 1412 3711 l)

213 3736 386 3790 bezeichnete
398 3722 656 3805 [lbereiostimmuog
670 3738 841 3790 unterstirtzt
853 3734 929 3788 wird.

306 3916 339 3978 o)
357 3915 533 3968 munificentia
547 3933 578 3969 zu
593 3915 675 3968 lesen.
690 3944 724 3953 -
738 3914 771 3982 d)
784 3931 825 3967 am
839 3912 930 3968 Raude
944 3914 974 3966 V.

245 4205 268 4262 ¹)
282 4207 325 4247 Das
343 4204 474 4258 enlspriclrt
491 4203 550 4254 dcun,
572 4217 619 4247 was
631 4206 660 4247 iun
673 4204 771 4263 rorigeu
786 4204 863 4247 Briele
875 4205 960 4260 gesngt
973 4202 1017 4245 ist:
1036 4202 1104 4244 errius
1117 4199 1208 4256 quidem
1221 4199 1335 4256 principis
1349 4230 1354 4241 .
1368 4233 1373 4244 .
1388 4232 1394 4243 .
1408 4229 1412 4239 .

281 4286 472 4340 magnanimitas,
502 4297 544 4339 per
569 4286 650 4329 tamam
677 4287 704 4328 in
734 4286 867 4331 remotis
894 4283 991 4328 mundi
1021 4283 1163 4338 partibus
1192 4280 1349 4325 babitanoium
1377 4284 1414 4324 est

281 4365 375 4408 auribus
388 4366 511 4410 iuramenta.
