3209 5392
845 852 908 926 35.

611 1031 778 1096 derdlnslls
794 1031 826 1096 ll.
843 1031 1039 1096 Romanorum
1056 1034 1128 1110 regi.

271 1189 323 1243 ltin
348 1189 478 1244 Cardirmt
498 1190 581 1245 doubt
603 1189 689 1244 ciuem
711 1189 816 1261 Konige
838 1188 931 1261 dafdr,
953 1190 1019 1245 dass
1041 1208 1072 1244 er
1092 1191 1168 1246 aeine
1189 1193 1247 1246 und
1268 1193 1317 1245 der
1340 1191 1469 1263 Seiuipen

269 1278 381 1352 pertinge
393 1280 503 1336 Dienete
514 1298 544 1335 ec
558 1278 627 1335 boob
640 1278 796 1347 ancellaqe,
819 1281 877 1334 und
887 1280 959 1334 eteltt
970 1278 1029 1335 oieb
1042 1281 1100 1335 und
1112 1280 1158 1335 die
1171 1281 1299 1354 Seinr'gen
1312 1281 1367 1337 idm
1374 1282 1468 1352 jeder·

724 1370 836 1424 cedaar
856 1368 1016 1441 Vepdgnng.
1085 1417 1090 1424 .

362 1516 576 1598 Magnitudinis
592 1522 693 1580 vestre
710 1516 826 1597 apices,
844 1515 931 1578 nobis
954 1515 1115 1578 novissime
1139 1535 1194 1598 per
1216 1518 1322 1580 harum
1345 1518 1469 1582 latorem

270 1631 473 1709 presentatos,
503 1625 670 1689 dulcedinis
698 1626 789 1689 multe
823 1625 980 1689 suavitate
1009 1625 1158 1698 refertos,
1190 1627 1335 1711 multique
1368 1610 1471 1709 plenos

273 1735 486 1800 dulcorositate
511 1735 643 1818 leporis,
670 1742 807 1818 prompta
835 1756 924 1799 manu
952 1734 1140 1818 recepimus,
1170 1736 1264 1799 avidis
1286 1736 1471 1818 perlegimus

273 1844 366 1907 oculis
395 1851 426 1908 et
448 1846 508 1910 leto
531 1845 629 1908 animo
654 1865 712 1928 que
736 1844 966 1907 continebantur
987 1845 1018 1906 in
1041 1844 1155 1906 eisdem
1171 1846 1260 1927 pleno
1278 1845 1472 1928 concepimus

272 1952 434 2017 intellectu.
467 1953 616 2036 Equidem
645 1954 675 2016 in
703 1952 777 2035 ipsis
806 1958 906 2015 vestre
925 1952 1064 2034 dignacio
1088 1953 1326 2035 gratuititudinis
1352 1954 1393 2017 ad
1422 1974 1472 2015 nos

272 2079 381 2144 magne
403 2060 512 2126 fiducie
536 2062 646 2125 indicia
669 2062 845 2143 proterens,
876 2061 945 2123 dum
961 2066 1023 2124 tam
1041 2061 1166 2125 devotas
1184 2081 1273 2146 quam
1290 2062 1474 2146 multiplices

271 2170 402 2236 reddidit
418 2172 536 2254 gracias
554 2192 607 2255 pro
621 2171 756 2254 inpensis
782 2171 868 2234 nobis
886 2176 917 2234 et
933 2171 1043 2234 nostris
1062 2175 1162 2234 vestre
1183 2171 1367 2235 excellencie
1380 2172 1474 2253 gratis

272 2280 443 2363 obsequia,
473 2286 607 2345 nostrum
638 2283 787 2345 internum
812 2283 923 2345 excitat
939 2281 1093 2352 intuitum,
1123 2281 1234 2344 clarius
1262 2281 1368 2343 innate
1391 2280 1473 2344 vobis

270 2388 415 2454 bonitatis
432 2389 588 2471 fastigium
605 2389 877 2472 contemplandum.
911 2389 956 2452 Eo
974 2389 1054 2452 euim
1069 2389 1189 2454 virtutis
1213 2388 1386 2459 sublimitas
1404 2409 1475 2452 con·

272 2517 399 2579 surgere
415 2496 563 2580 probatur
579 2498 609 2561 in
632 2499 742 2570 altum,
772 2498 853 2582 quod
876 2517 932 2579 per
952 2497 1130 2561 humilitatis
1147 2498 1258 2561 donum
1274 2498 1312 2560 ad
1329 2497 1474 2561 inferiora

271 2606 472 2679 descendens,
489 2605 618 2671 servicia
640 2604 840 2689 gratificando
856 2607 1052 2689 recognoscit
1067 2606 1210 2681 exhibita,
1228 2613 1259 2673 et
1281 2607 1472 2671 exuberando

271 2715 430 2788 interdum,
449 2721 591 2799 quantum
607 2716 690 2786 licet,
713 2736 773 2779 non
795 2716 891 2778 solum
912 2734 1008 2797 pauca
1025 2716 1213 2798 multiplicat,
1231 2716 1318 2780 exilia
1334 2696 1471 2786 roborat,

271 2823 443 2906 magnificat
470 2824 606 2896 modica,
636 2824 689 2886 sed
713 2825 810 2887 eciam
833 2844 867 2887 se
891 2823 1046 2905 recepisse
1068 2828 1155 2906 putat
1177 2823 1324 2907 obsequia
1347 2845 1410 2889 non
1426 2824 1471 2885 in-

271 2953 374 3017 pensa.
389 2933 453 2995 Hoc
465 2933 495 2996 in
508 2934 617 2995 vestris
634 2933 817 2997 advertimus
833 2931 939 3002 literis,
953 2932 1023 2995 dum
1039 2953 1056 2993 a
1072 2937 1155 2996 tanto
1163 2933 1203 3017 a)
1210 2938 1255 2997 tot
1268 2932 1308 3019 b]
1325 2939 1356 2997 et
1372 2938 1471 2997 tantas

273 3047 375 3125 grates
393 3042 567 3124 accepimus
590 3060 645 3123 pro
669 3041 813 3114 modicis,
844 3061 902 3124 que
929 3061 984 3104 nos
1007 3047 1038 3104 et
1061 3042 1156 3105 nostri
1171 3061 1225 3124 pro
1242 3040 1328 3105 vobis
1344 3042 1472 3105 fecimus

273 3150 361 3213 velud
390 3148 486 3213 nullis.
519 3149 618 3231 Digne
646 3149 738 3230 igitur
760 3170 815 3232 pro
837 3154 921 3213 tante
943 3147 1180 3231 gratificacionis
1203 3147 1352 3214 beneficio
1370 3155 1472 3213 vestre

273 3258 444 3323 celsitudini
456 3258 494 3322 ad
512 3264 632 3340 grates,
649 3277 725 3342 quas
742 3264 843 3340 potest
858 3259 988 3321 reddere
1006 3264 1110 3321 nostra
1126 3258 1302 3330 modicitas,
1325 3256 1471 3341 promptis

273 3366 432 3432 affectibus
449 3367 659 3449 insurgentes,
687 3366 916 3449 magnificencie
939 3372 1041 3430 vestre
1064 3369 1173 3430 merito
1191 3367 1327 3431 duximus
1344 3367 1473 3431 offeren-

275 3477 356 3549 dum,
372 3482 416 3549 ut,
433 3476 521 3540 uobis
538 3484 568 3540 et
584 3477 696 3540 nostris
714 3482 832 3541 utentes
849 3476 1033 3540 fiducialiter
1048 3480 1188 3559 tanquam
1205 3476 1327 3547 vestris,
1350 3482 1395 3539 sic
1418 3492 1470 3537 nos

275 3593 306 3651 et
328 3587 395 3650 illos
417 3586 549 3650 excitare
571 3587 602 3648 in
626 3585 798 3649 serenitatis
825 3592 925 3648 vestre
947 3584 1046 3647 velitis
1068 3584 1267 3667 beneplacitis
1289 3583 1474 3647 confidenter

275 3697 370 3760 literis
387 3702 418 3759 et
433 3696 550 3759 nunciis
567 3696 605 3759 ad
621 3702 722 3761 vestra
737 3695 950 3778 prosequenda
967 3694 1096 3776 negocia
1113 3695 1354 3777 quandocunque
1371 3694 1472 3757 volue-

275 3807 341 3871 ritis
360 3804 532 3877 evocando,
557 3804 647 3889 quod,
671 3806 697 3867 si
714 3805 791 3868 nulla
809 3809 912 3868 nostra
928 3804 975 3868 vel
992 3811 1163 3868 nostrorum
1180 3824 1233 3867 vos
1250 3804 1471 3886 precessissent

157 3914 439 3998 rusoeobsequia,
467 3915 613 3996 deinceps
629 3914 668 3999 c)
691 3914 896 3996 producantur
923 3914 1042 3985 inesse,
1067 3919 1115 3985 ut,
1140 3914 1166 3975 si
1189 3913 1337 3977 hactenus
1365 3911 1473 3975 fuerint

276 4026 406 4098 modica,
422 4025 453 4089 iu
469 4030 635 4120 posterum,
653 4023 752 4087 divina
770 4024 890 4088 favente
909 4022 1087 4093 clemencia,
1103 4042 1212 4104 magna
1229 4021 1309 4085 flant.

368 4224 401 4292 a)
417 4227 521 4277 atanto
535 4225 582 4277 auf
592 4223 678 4276 Rasur
690 4224 719 4276 V.
738 4253 771 4261 -
785 4224 817 4293 b)
832 4223 901 4277 tales
914 4223 941 4276 Z.
957 4252 992 4287 ··.
1007 4223 1038 4291 c)
1052 4237 1083 4274 ea
1098 4223 1126 4274 Z.
