3209 5392
225 486 300 554 190

224 654 285 717 sint
301 654 442 716 audiendi
459 652 535 715 tales
553 657 584 715 et
600 650 637 714 ad
655 669 837 713 consensum
860 650 989 732 aliquem
1011 650 1206 723 admittendi,
1235 652 1285 734 qui
1314 651 1416 714 cuius-

223 763 303 844 piam
330 761 460 823 animum
488 758 720 840 attemptacione
749 757 912 838 pulsando,
935 757 1031 820 Deum
1055 756 1225 831 offendunt,
1256 759 1416 821 ecclesiam

224 868 403 931 katholicam
421 866 635 935 scandalizant,
652 865 737 926 cuius
755 869 896 944 satagunt
911 884 1020 927 vexare
1038 866 1187 947 quietem,
1204 871 1248 928 tot
1263 865 1417 928 laboribus

226 981 431 1058 procreatam,
460 979 489 1036 et
513 973 593 1036 illum
618 972 720 1034 dolose
750 973 958 1053 supplantant,
989 992 1078 1054 quem
1107 973 1280 1036 difficilibus
1308 973 1418 1036 iniuste

227 1103 318 1146 cause
335 1079 583 1162 inplicacionibus
601 1079 751 1140 involvere
764 1077 940 1150 moliuntur,
966 1099 1033 1141 cum
1048 1099 1102 1141 sue
1114 1080 1234 1143 somnne
1250 1080 1418 1162 dispendio,

226 1191 343 1253 iactura
360 1187 570 1257 consciencie,
601 1187 728 1266 dampno
745 1186 844 1256 fame,
873 1191 904 1248 ct
919 1185 1036 1267 imperii
1052 1187 1194 1268 populum
1218 1187 1420 1251 Christianum

229 1296 414 1360 confundere
443 1293 591 1375 gestiunt,
619 1297 652 1355 ut
680 1293 731 1375 qui
758 1293 818 1355 iam
839 1312 946 1374 pacem
973 1294 1108 1376 imperii,
1136 1296 1283 1358 redeunte
1311 1300 1420 1377 pacate

111 1438 189 1479 ,ntor
198 1439 219 1477 1,
230 1404 340 1489 quietis
369 1403 450 1483 cepit
476 1421 571 1483 nuper
598 1400 771 1471 commodo,
799 1401 960 1473 reflorere,
995 1401 1137 1464 recidivis
1164 1423 1282 1465 rursum
1310 1402 1419 1464 bellice

183 2117 201 2145 0

230 1510 419 1594 tempestatis
443 1508 612 1579 doloribus,
638 1509 807 1571 dissicetur.
831 1509 917 1571 Absit
939 1515 1039 1572 tamen
1062 1509 1271 1573 nichilominus
1294 1531 1312 1573 a
1334 1509 1419 1573 nobis

232 1640 269 1683 ea
284 1617 439 1682 varietatis
463 1621 533 1678 nota
558 1621 587 1678 et
611 1635 646 1677 ea
668 1615 876 1677 inconstancia
897 1615 1049 1687 vanitatis,
1071 1617 1152 1699 quod
1168 1617 1206 1679 ab
1224 1617 1333 1680 eodem
1348 1635 1419 1696 rege

230 1727 378 1789 ullatenus
400 1729 584 1793 avertamur,
613 1722 820 1805 qualecunque
843 1723 898 1794 sit,
927 1723 1032 1802 gracie
1063 1724 1229 1804 apostolice
1262 1730 1294 1787 et
1319 1704 1422 1785 'auxilii

232 1832 327 1896 nostri
348 1830 547 1913 patrocinium
568 1829 783 1900 subtrahendo,
806 1829 891 1891 cuius
915 1830 1051 1910 spiritum
1072 1831 1154 1893 Deus
1177 1832 1207 1892 in
1229 1829 1422 1892 necessitatis

233 1941 359 2004 articulo
377 1938 549 2009 suscitavit,
577 1943 610 2001 ut
633 1957 669 2000 eo
692 1943 846 2020 tempore,
877 1957 936 2018 quo
954 1939 1043 2001 sedes
1066 1939 1248 2020 apostolica,
1277 1939 1422 2001 advocato

235 2055 266 2113 et
297 2048 457 2110 defensore
494 2045 641 2126 legittimo
679 2045 840 2116 destituta,
883 2044 1021 2126 improba
1059 2046 1286 2128 persecucionis
1324 2047 1423 2127 inique

233 2154 390 2238 tyrannide
406 2152 610 2233 premebatur,
632 2151 663 2213 in
679 2157 761 2214 tanto
780 2151 951 2214 discrimine
968 2158 1051 2214 esset
1067 2152 1209 2214 defensor
1225 2157 1256 2214 et
1270 2155 1424 2234 protector

234 2262 398 2346 apostolice
430 2259 587 2324 libertatis.
625 2261 752 2342 Propter
779 2260 878 2342 quod,
899 2265 932 2324 ut
958 2261 1157 2343 presumitur,
1183 2261 1267 2324 Deus
1291 2260 1328 2322 de
1353 2257 1424 2321 celis

236 2370 365 2452 despicit
386 2367 580 2448 superillus,
603 2368 652 2449 qui
676 2388 710 2429 se
732 2369 877 2431 adversus
901 2369 980 2431 hunc
1004 2370 1144 2431 extollere
1166 2390 1225 2432 non
1247 2367 1422 2436 formidant,

237 2497 342 2563 quem
358 2475 523 2538 fidelium
545 2474 761 2555 principum
782 2476 999 2556 legittimus
1016 2476 1192 2558 approbavit
1208 2493 1423 2538 cousensus

238 2592 269 2648 et
285 2582 466 2665 apostolicus
483 2582 568 2644 lavor
584 2583 745 2664 assumpsit
761 2583 908 2663 imperiali
932 2582 1059 2646 culmine
1081 2584 1307 2646 sublimandum.
1341 2580 1425 2644 Absit

239 2710 358 2778 quoque
371 2689 409 2752 ab
422 2690 500 2751 omni
513 2689 674 2762 katholico,
688 2696 720 2753 ut
732 2690 870 2753 scindere
883 2692 1077 2775 querentibus
1089 2692 1175 2774 regni
1189 2688 1426 2753 christianissimi

238 2799 439 2884 principatum
456 2801 486 2858 et
502 2797 532 2858 in
548 2799 664 2879 prelato
677 2818 751 2878 rege
765 2799 988 2867 ordinacionem
1006 2799 1103 2860 divine
1120 2797 1315 2881 providencie
1333 2796 1427 2877 impe·

240 2907 305 2970 dire
323 2903 513 2986 cupientibus
530 2903 717 2987 aliquatenus
739 2904 924 2987 acquiescat.
958 2906 1020 2967 Nos
1043 2904 1162 2987 itaque,
1194 2904 1276 2966 circa
1301 2902 1428 2964 eundem

239 3035 344 3096 regem
369 3013 571 3075 ordinacionis
600 3012 699 3074 divine
726 3013 916 3095 propositum
944 3019 974 3076 et
1002 3014 1209 3076 ecclesiastice
1237 3010 1428 3093 probacionis

241 3121 383 3185 iudicium
405 3119 589 3182 indeficienti
610 3139 646 3180 ac
663 3119 817 3182 indelessa
840 3120 1014 3182 constancia
1029 3121 1172 3203 prosequi
1188 3120 1318 3182 finaliter
1333 3119 1430 3181 inten-

243 3230 367 3299 dentes,
394 3230 508 3309 ipsum,
524 3233 666 3310 tanquam
687 3233 826 3290 vocatum
843 3249 861 3290 a
876 3229 1013 3298 Domino,
1029 3230 1060 3291 in
1075 3230 1240 3292 Romanum
1263 3229 1428 3311 principem

243 3336 406 3421 imperialis
422 3336 535 3400 honore
553 3337 739 3418 dyadematis
756 3338 890 3418 proximo
914 3339 1096 3419 disponimus
1122 3339 1292 3401 sublimare.
1326 3340 1428 3419 Igitur,

243 3454 277 3510 ut
294 3445 371 3510 nulla
388 3444 575 3526 relinquatur
592 3446 712 3506 occasio
735 3451 840 3507 contra
862 3445 949 3506 huius
972 3450 1074 3508 nostre
1097 3444 1277 3510 intencionis
1301 3446 1431 3510 studium

244 3552 356 3637 aliquid
386 3552 418 3614 in
448 3551 542 3633 ipsius
568 3551 651 3632 regis
678 3551 877 3633 preludicium
904 3553 1123 3636 adtemptandi:
1162 3553 1339 3617 electionem
1371 3556 1433 3616 sive

245 3660 482 3727 nominacionem
497 3660 544 3721 vel
559 3660 799 3742 assumpcionem
817 3665 1087 3744 quantamcunque,
1105 3663 1142 3724 de
1158 3662 1215 3724 alio
1231 3667 1432 3744 presumptam

246 3770 292 3832 vel
309 3768 405 3830 eciam
420 3767 661 3848 presumendam,
685 3788 721 3829 ex
741 3787 820 3829 nunc
843 3786 961 3830 cassam
983 3775 1013 3830 et
1034 3769 1192 3850 reprobam
1212 3770 1434 3850 promulgamus

248 3884 278 3940 ct
292 3883 353 3940 tam
370 3896 448 3946 eum,
465 3876 515 3956 qui
532 3880 634 3956 preter
654 3893 757 3956 regem
774 3876 923 3955 prefatum
940 3896 975 3937 cx
990 3876 1210 3948 nominacione‚
1226 3876 1375 3940 electione
1390 3877 1435 3939 vel

248 3982 457 4063 assumpcioue
474 3981 673 4063 quorumlibet
688 3981 747 4043 sibi
763 3982 951 4061 usurpaverit
968 4003 1075 4045 uomcn
1091 3983 1184 4064 regis,
1198 4003 1287 4065 quam
1304 4004 1369 4055 ecs,
1387 3984 1436 4067 qui

249 4113 316 4155 eum
337 4089 525 4171 receperint,
554 4088 876 4152 excommunicacionis
898 4090 1033 4153 volumus
1051 4095 1081 4152 ct
1098 4090 1287 4153 deceruimus
1310 4112 1346 4154 eo
1370 4092 1435 4172 ipso

250 4199 404 4261 sentencie
432 4198 597 4259 subiacere.
642 4195 791 4277 Quocirca
818 4196 1045 4260 universitatem
1075 4203 1206 4260 vestram
1235 4218 1377 4279 rogamus
1408 4197 1440 4260 in

248 4305 377 4369 Domino
406 4310 436 4366 et
460 4304 632 4406 hortqmur,
659 4322 715 4384 per
741 4303 907 4385 apostolica
936 4303 1048 4385 scripta
1076 4304 1270 4375 mandantes,
1292 4310 1436 4387 quatenus

250 4414 419 4495 iniquorum
435 4409 659 4478 seductionibus
677 4430 769 4491 super
788 4411 946 4492 premissis
968 4417 1098 4474 vestrum
1122 4413 1251 4474 animum
1272 4412 1437 4476 nullatenus

251 4519 420 4588 inclinetis,
437 4518 491 4578 sed
507 4517 604 4579 eidem
619 4518 702 4597 regi,
724 4523 875 4600 tamquam
891 4517 1010 4580 Christo
1026 4518 1182 4590 Domino,
1196 4519 1325 4601 principi
1340 4524 1437 4581 vestro

256 4626 402 4690 adherere
418 4629 557 4704 potenter
572 4625 685 4705 pariter
700 4630 730 4684 ct
745 4630 892 4704 patenter,
926 4624 959 4687 Si
976 4625 1053 4685 euim
1072 4646 1108 4685 ex
1123 4626 1311 4689 amonicione
1328 4631 1438 4695 nostra,
