3209 5392
1269 485 1340 566 141

154 689 312 772 suffragia,
330 695 360 753 et
375 686 500 752 meinis
516 685 655 750 lacrimas
673 690 838 749 commutes
855 683 885 744 in
902 698 993 764 opera
1007 674 1138 760 pietatis.
1156 670 1219 735 Nos
1235 674 1346 736 autem,

153 800 207 884 qui
230 804 333 882 patres
356 796 554 881 orphanorum
576 803 607 860 et
628 794 744 859 iudices
770 794 926 858 uiduarum
942 788 1071 854 existere
1092 792 1247 850 tenemur,
1268 781 1300 839 te
1316 780 1348 895 et

152 906 248 973 lilium
259 914 354 979 tuum,
367 912 508 990 quantum
525 924 593 969 cum
606 903 671 967 ileo
684 910 715 967 et
726 902 884 966 honestate
899 897 1074 982 poterimus,
1091 890 1188 975 gratia
1202 902 1346 971 prosequi

150 1018 348 1103 proponimus
364 1022 395 1080 et
409 1017 524 1089 favore,
540 1020 572 1078 nt
588 1012 798 1087 benivolentia,
816 1008 960 1097 quemad
982 1005 1155 1071 defunctum
1170 995 1344 1063 habuimus,

152 1134 293 1193 trauseat
309 1126 399 1192 etiam
414 1125 455 1213 a)
471 1125 509 1190 ad
525 1124 664 1189 heredes.
689 1131 692 1136 ’

732 1332 793 1404 la.

479 1459 556 1542 laps
571 1456 688 1540 plangit
703 1459 875 1539 episcopan
891 1452 1030 1518 neclan.

576 1580 655 1635 1203.
669 1580 726 1636 Jan.
739 1578 784 1634 23.
798 1578 931 1633 Laterani.

158 1693 378 1752 Sendacbrcidea
399 1693 533 1749 Innoceoz'
565 1693 634 1759 lla,
656 1692 701 1748 die
722 1691 890 1761 mauranus
910 1690 958 1744 des
979 1683 1105 1755 Bsacbofa
1128 1680 1238 1736 Kmtrad
1255 1678 1277 1731 Ι·
1299 1691 1350 1730 ”02⁸

609 1782 747 1855 Winburp
759 1781 908 1852 betrcffcnd.

272 1876 337 1949 Rap.
351 1878 405 1931 lun.
418 1876 464 1933 Nr.
480 1875 540 1931 118.
1240 1942 1243 1948 ²

255 1992 414 2056 innovatur
430 1990 516 2074 quasi
531 1990 642 2073 iugiter
659 1990 788 2054 ecclesie
806 1997 909 2055 sancte
926 1992 1028 2065 dolor,
1057 2013 1113 2057 nec
1129 1994 1158 2057 ei
1175 1995 1350 2061 conceditur

159 2102 201 2166 ad
218 2107 338 2184 tempus
354 2100 502 2165 modicum
514 2101 663 2185 respirare
680 2119 697 2164 a
713 2100 833 2183 iugibus
850 2102 988 2185 suspiriis
1007 2109 1038 2166 et
1052 2104 1200 2168 lamentis.
1218 2104 1351 2170 Laborat
1426 2097 1429 2103 ’

158 2211 243 2275 enim
257 2210 288 2274 in
300 2210 412 2293 gemitu
426 2231 498 2283 suo,
516 2211 595 2274 lavat
606 2230 661 2293 per
672 2211 806 2292 singulas
819 2218 924 2275 noctes
936 2212 1047 2277 lectum
1059 2233 1145 2277 suum
1156 2214 1287 2277 lacrimis
1300 2213 1352 2300 b),

158 2320 218 2384 sed
258 2320 388 2384 nondum
427 2320 662 2403 deprecaciones
691 2320 755 2383 eius
794 2321 832 2385 ad
866 2322 985 2404 plenum
1011 2322 1155 2387 Dominus
1191 2322 1375 2415 eraudirit.¹

159 2431 302 2496 Nondum
319 2431 396 2494 enirn
417 2435 582 2494 exterserat
597 2449 692 2511 genas
709 2450 779 2494 suas
797 2431 946 2504 ecclesia,
964 2431 1032 2496 dum
1047 2432 1085 2520 α)
1102 2433 1236 2516 episcopi
1252 2434 1351 2498 adhuc

163 2560 276 2606 recens
299 2539 422 2621 sanguis
447 2538 485 2601 de
501 2544 584 2603 terra
605 2540 766 2613 clamaret,
794 2546 825 2604 et
858 2560 931 2605 ecoe
948 2542 986 2604 de
1007 2560 1084 2605 noro
1106 2561 1161 2605 vox
1183 2543 1284 2608 audita
1306 2550 1353 2608 est

160 2652 195 2714 in
210 2652 303 2714 Rama
317 2650 450 2733 ploratus
464 2654 495 2712 et
509 2649 637 2713 ululatus
653 2651 772 2723 multus,
790 2670 875 2722 cum,
892 2652 971 2715 sicut
987 2650 1176 2734 accepimus,
1193 2652 1245 2718 dlii
1261 2655 1352 2718 Belial

164 2762 198 2825 in
220 2760 371 2825 Christum
394 2758 545 2823 dominum
566 2778 670 2823 manus
699 2761 864 2844 sacrilegas
881 2760 1059 2835 iniecerunt,
1087 2763 1184 2827 felicis
1211 2764 1354 2828 memorie

162 2873 201 2937 N.
221 2871 266 2957 β)
282 2868 529 2953 Herbipolensem
542 2870 581 2957 a)
599 2872 771 2956 episcopum
784 2870 828 2957 γ)
845 2873 984 2956 nequiter
999 2872 1190 2947 occidentes;
1213 2873 1355 2939 condixe-

162 2988 236 3047 rant
267 2979 387 3064 quidem
418 2979 456 3043 ad
488 2980 633 3054 invicem,
665 2989 698 3045 ut
724 2982 835 3046 iniuste
862 2982 957 3045 virum
985 2982 1095 3047 iustum
1123 2983 1297 3049 occiderent
1325 2992 1355 3049 et

163 3090 335 3155 hereditate
348 3089 549 3154 sanctuarium
556 3090 612 3153 Dei
628 3090 828 3173 possiderent.
845 3092 884 3156 Et
895 3091 964 3175 quia
982 3091 1080 3157 dolum
1096 3093 1137 3180 d)
1154 3100 1356 3176 conceperant

164 3199 355 3283 iniquitatem
386 3199 522 3280 protinus
554 3205 745 3282 pepererunt.
793 3199 841 3264 Ns
874 3200 945 3283 quid
983 3209 1082 3265 autern
1119 3222 1222 3265 eorum
1257 3202 1356 3266 fraudi

166 3311 307 3381 deesset,
336 3307 391 3371 sed
418 3308 520 3372 osculo
548 3307 708 3376 traderent¹
724 3307 816 3373 lilium
842 3309 989 3383 hominis,
1018 3311 1097 3376 sicut
1116 3312 1229 3385 iudas,
1257 3312 1356 3377 uultus

166 3419 371 3503 deposuerunt
382 3413 506 3481 hostiles
521 3424 551 3483 et
562 3427 793 3502 preconceptam
807 3419 924 3484 diucius
935 3422 1094 3498 maliciam,
1110 3439 1199 3506 quana
1216 3442 1357 3487 exercere

166 3550 227 3594 non
248 3533 388 3611 poterant
409 3526 538 3600 inimici,
567 3527 703 3594 simulate
725 3528 810 3612 pacis
833 3537 863 3594 et
878 3530 1017 3594 amicicie
1040 3532 1150 3595 vellere
1172 3533 1354 3598 velaverunt.

167 3637 282 3721 Sisque
299 3637 531 3701 investimentis
548 3637 647 3702 ouium
663 3638 726 3722 lupi
741 3658 868 3721 rapaces
885 3640 1030 3705 intrantes
1047 3641 1142 3715 ovile,
1165 3647 1358 3707 surrexerunt

167 3749 306 3833 protinus
322 3747 354 3811 in
369 3754 521 3830 pastorem
538 3753 568 3813 et
584 3748 771 3830 sanguinem,
789 3769 878 3833 quem
895 3750 1049 3823 sicierant,
1066 3750 1243 3815 effuderunt.
1272 3752 1311 3816 lli
1326 3758 1358 3817 ut

173 3858 298 3943 sanguis
330 3856 510 3939 sangninem
550 3864 690 3939 tangeret
721 3865 751 3922 et
789 3857 916 3942 abyssus
950 3859 1105 3924 invocaret
1137 3861 1295 3945 abyssum,
1327 3862 1358 3926 in

168 3989 280 4053 corpus
295 3968 355 4033 iarn
372 3967 505 4032 exanime
522 3967 685 4041 sevientes,
702 3975 870 4050 amputata,
898 3977 931 4033 ut
947 3968 1072 4044 dicitur,
1100 3971 1164 4034 eius
1188 3971 1310 4036 dextera
1327 3979 1358 4037 et

167 4079 269 4162 capite
286 4079 476 4151 detruncato,
493 4098 633 4142 coronam
650 4079 751 4151 etiam,
768 4099 857 4163 quam
874 4080 904 4143 in
926 4080 1075 4143 clericalis
1097 4079 1238 4144 indicium
1256 4080 1356 4164 digni·

167 4191 239 4256 tatis
256 4189 296 4253 ad
318 4188 520 4253 imitacionem
536 4190 737 4271 apostolorum
759 4189 904 4272 principis
928 4189 1101 4262 deserebat,
1130 4189 1167 4254 ah
1190 4211 1248 4255 una
1271 4197 1476 4274 portensas·

168 4301 278 4384 capitis
294 4298 403 4382 gladiis
426 4304 629 4382 amputarunt,
659 4321 718 4364 non
734 4299 941 4371 attendentes,
971 4300 1052 4383 quod
1074 4300 1105 4362 in
1126 4307 1215 4384 caput
1238 4302 1302 4365 eius
1327 4308 1359 4365 et

167 4432 275 4478 manus
303 4416 485 4493 unguentum
503 4409 539 4495 c)
562 4410 687 4473 effusum
718 4412 818 4474 iuerat
849 4408 1038 4473 sanctissime
1069 4410 1226 4475 unctionis.
1266 4412 1359 4476 Aliter

168 4524 258 4587 etiam
282 4519 480 4585 conciderunt
501 4540 611 4603 corpus
635 4520 698 4582 eius
721 4520 751 4583 in
773 4521 902 4594 frustra,
919 4521 1005 4604 quasi
1020 4521 1132 4585 vellent
1148 4521 1227 4606 quod
1244 4527 1360 4585 macta·

261 4648 295 4718 a)
322 4647 400 4701 eliam
425 4646 607 4720 nacbtrtglich
632 4647 885 4715 ribargeschriehem
914 4678 943 4688 -
971 4646 1004 4715 d)
1033 4647 1149 4701 lacrimis
1179 4646 1248 4701 fehlt
1272 4646 1302 4701 V.
1327 4680 1357 4689 -

169 4741 200 4810 o)
214 4739 367 4810 Hermipli.
378 4769 406 4778 -
416 4739 550 4809 djbesser
563 4739 603 4792 als
616 4737 733 4793 dolorem
748 4739 883 4811 liappenb.
893 4772 922 4783 -
931 4740 964 4810 e)
977 4745 1121 4809 ungentum
1136 4741 1164 4794 V.
