3209 5392
1266 523 1270 532 '
1320 513 1393 583 261

218 733 222 738 ,
260 717 262 719 -
295 678 369 730 Nacb
384 678 443 730 dern
458 678 594 747 Elegange
609 677 656 730 des
670 678 771 732 brietes
785 698 857 732 muss
870 697 929 734 man
944 683 1100 742 ennehmen‚
1113 683 1176 736 dass
1189 699 1218 737 er
1231 685 1305 738 nicht
1321 687 1399 753 lange

205 759 272 842 naeb
295 766 355 819 dem
378 768 652 837 Regierungsantritte
675 770 851 838 geschrieben
874 771 921 824 sei.
947 773 1001 825 Der
1021 777 1094 826 erste
1116 773 1273 842 allgemeine
1286 773 1400 827 Reicbs·

205 859 251 924 teg
271 857 361 910 wurde
394 875 445 909 von
472 857 574 910 Rudotf
597 875 637 910 em
664 858 707 910 ll.
734 860 881 912 November
907 860 978 912 1274
1003 878 1034 913 zu
1061 863 1204 930 Ndrnberg
1229 864 1399 934 abgebalten,

206 946 258 998 end
272 964 303 999 so
317 946 406 999 ddrtte
420 948 511 1001 dieser
523 948 600 1001 Brief
609 949 650 1001 ein
665 949 733 1002 Paar
746 951 853 1004 Menate
866 951 963 1004 vorher
976 952 1152 1020 gesehrieben
1166 953 1231 1006 sein.

759 1243 823 1314 48.

343 1418 509 1497 lnporator
524 1417 554 1479 u.
572 1420 698 1498 prtnctpt
716 1437 806 1499 super
823 1420 1027 1482 commissione
1044 1419 1203 1484 advocacie
1220 1419 1268 1500 a).

318 1573 369 1628 Eia
381 1573 530 1630 romiscder
543 1575 629 1646 Kenio
640 1577 740 1631 destellt
751 1577 898 1632 demandes
910 1594 968 1632 zum
988 1581 1048 1648 Vopt
1061 1578 1133 1632 eines
1147 1579 1274 1632 Istooters.

291 1716 425 1770 Bodmann
439 1735 465 1788 p.
480 1716 543 1774 192.

290 1862 355 1925 Etsi
378 1863 562 1943 generaliter
584 1866 713 1927 omnium
736 1866 854 1947 imperii
877 1864 1008 1928 fidelium
1032 1886 1067 1928 ex
1083 1871 1225 1947 suscepte
1243 1865 1399 1947 dignitatis

96 2010 100 2018 ·
142 2016 148 2028 ,
199 1969 346 2049 regimine
363 1989 467 2038 curam
484 1978 514 2034 et
531 1971 762 2035 sollicitudinem
779 1992 887 2053 gerere
905 1973 1080 2044 debeamus,
1103 1975 1162 2037 illis
1179 1980 1281 2036 tamen
1297 1973 1399 2054 speci-

46 2110 52 2122 ·
158 2079 160 2082 ’
189 2077 301 2144 -alioris
319 2078 505 2142 detensionis
519 2086 550 2142 et
561 2079 702 2143 tuicionis
719 2081 824 2161 gracia
839 2092 964 2161 preesse
977 2103 1031 2145 nos
1045 2081 1187 2145 convenit
1198 2088 1229 2144 et
1240 2081 1399 2164 prodesse,

67 2185 85 2201 ⁵
199 2205 274 2268 quos
291 2185 446 2266 religionis
463 2186 589 2267 insignit
604 2187 725 2251 habitus
743 2194 773 2250 et
790 2194 896 2251 sancte
918 2189 1163 2252 conversacionis
1183 2189 1245 2252 vita
1260 2188 1400 2271 predicat

87 2308 92 2320 ·
200 2292 436 2356 commendatos.
485 2294 567 2364 Sane
600 2315 761 2358 recurrens
800 2296 840 2358 ad
872 2302 974 2359 nostre
1012 2296 1194 2386 maiestatis*
1211 2294 1402 2377 presenciam
1488 2373 1491 2379 Δ

199 2401 360 2480 religiosus
388 2401 450 2472 vir,
477 2402 649 2482 prepositus
666 2403 703 2465 N.
720 2403 875 2467 humiliter
902 2405 1081 2485 postulavit,
1110 2403 1190 2486 quod
1220 2422 1288 2465 cum
1315 2421 1402 2465 suum

199 2509 414 2572 monasterium
430 2512 522 2573 multe
538 2510 686 2576 hactenus
702 2512 905 2592 periculorum
918 2531 1033 2592 genera
1046 2512 1085 2575 sit
1096 2530 1285 2594 perpessum,
1298 2508 1400 2573 multis

201 2618 316 2698 ipsum,
337 2619 395 2684 Dei
418 2619 524 2710 timore
545 2620 723 2701 postposito,
746 2619 952 2684 lacerantibus
978 2625 1009 2682 et
1030 2620 1068 2681 ad
1086 2624 1250 2681 extremam
1267 2637 1399 2699 pauper·

200 2731 293 2790 tatem
310 2726 539 2800 deducentibus,
555 2749 610 2793 nos
627 2729 725 2791 eidem
742 2729 780 2793 de
796 2729 850 2791 tali
866 2729 1013 2791 advocato
1030 2727 1190 2810 providere
1212 2726 1400 2807 benignitate

201 2835 287 2915 regia
304 2835 506 2916 dignaremur,
524 2837 609 2899 cuius
625 2837 777 2918 probitate
795 2843 825 2899 et
841 2837 1041 2899 strennuitate
1057 2836 1171 2898 dictum
1187 2834 1400 2897 monasterium

202 2942 343 3005 tuicionis
366 2949 395 3006 et
423 2944 607 3010 defensionis
629 2944 777 3018 beneficio
800 2945 955 3026 paciatur,
984 2949 1015 3006 et
1037 2943 1166 3007 sublatis
1189 2941 1400 3022 diripiencium

203 3050 375 3132 dampnosis
391 3051 544 3133 periculis,
562 3052 717 3132 sepedicto
733 3051 917 3115 monasterio
935 3051 1061 3114 caucius
1077 3051 1260 3113 consolatur.
1284 3049 1330 3110 De
1346 3052 1399 3111 tua

200 3159 301 3242 itaque
317 3159 479 3240 probitate,
492 3161 701 3230 strennuitate,
718 3179 848 3222 necnon
862 3160 994 3241 equitate
1010 3160 1130 3240 plenam
1147 3177 1182 3219 ac
1199 3157 1399 3220 indubitatam

200 3267 341 3332 fiduciam
357 3269 538 3341 obtinentes,
555 3269 769 3332 monasterium
786 3268 894 3350 ipsun,
911 3267 991 3350 quod
1008 3286 1076 3329 cum
1092 3266 1230 3348 personis
1256 3272 1286 3328 et
1307 3265 1398 3328 rebus

200 3378 232 3442 in
248 3385 381 3441 nostram
403 3382 433 3440 et
455 3377 535 3440 sacri
556 3377 674 3457 imperii
697 3376 916 3448 defensionem,
938 3375 1157 3458 protectionem
1181 3394 1217 3436 ac
1233 3373 1398 3436 tuicionem

203 3486 373 3568 recepimus
389 3486 568 3568 specialem,
591 3484 647 3547 tibi
664 3485 877 3550 committimus
893 3483 1135 3551 defendendum,
1160 3481 1351 3563 preficientes
1367 3485 1398 3543 te

203 3594 300 3656 eidem
316 3594 497 3657 monasterio
515 3593 553 3656 ad
569 3592 751 3674 peticionem
767 3592 862 3674 ipsius
879 3592 1025 3674 prepositi
1047 3592 1078 3653 in
1102 3590 1282 3671 legittimum
1304 3588 1398 3652 advo·

203 3711 313 3774 catum,
330 3702 371 3766 ita
384 3703 464 3786 quod
477 3699 618 3784 quamdiu
634 3701 665 3763 in
680 3703 748 3782 ipsa
765 3700 930 3764 advocacia
946 3706 976 3762 te
992 3699 1070 3761 bene
1085 3699 1229 3769 tenueris,
1246 3701 1399 3760 monaste-

200 3813 277 3876 rium
289 3814 320 3874 in
333 3812 412 3875 nullo
429 3811 613 3893 gravaveris,
626 3810 715 3873 imma
728 3808 904 3890 gravamina
916 3807 1036 3870 aliunde
1050 3806 1108 3868 sibi
1120 3806 1202 3869 illata
1221 3806 1397 3887 propulsare

204 3921 373 3992 studueris,
397 3919 477 4002 apud
493 3925 523 3982 te
540 3918 704 3982 advocacia
727 3919 833 3981 eadem
852 3916 1037 3985 remanebit,
1066 3915 1113 3977 sin
1136 3919 1236 3977 autem
1252 3913 1291 4000 b)
1308 3932 1397 3995 sepe-

101 4090 108 4099 ,
204 4030 303 4093 dictus
320 4028 491 4110 prepositus
508 4027 598 4090 alium
615 4024 746 4107 eligendi
762 4024 888 4088 liberam
903 4021 1014 4086 habeat
1029 4025 1221 4104 potestatem.

293 4226 326 4295 a)
347 4226 394 4279 Die
412 4212 593 4285 Uberscbriit,
622 4222 645 4274 in
660 4223 688 4275 V.
706 4222 854 4281 ausudirt,
881 4221 916 4276 iet
938 4239 986 4275 aus
1010 4222 1028 4274 Z
1052 4222 1169 4291 ergtnzt.
1187 4249 1216 4259 -
1233 4218 1266 4288 d)
1291 4217 1313 4273 ei
1328 4234 1392 4272 vero

203 4333 253 4387 per
266 4321 294 4369 te
308 4317 449 4387 contigerit
462 4315 567 4367 evenire
581 4315 740 4368 eontrarium
754 4312 895 4365 Bodmann.
