3209 5392
728 744 757 807 d.

638 910 677 972 lb
693 910 757 972 elus
775 910 847 972 vita

238 1049 472 1113 Decoratissimo
490 1049 553 1112 viro
571 1056 601 1111 et
617 1050 728 1112 decore
745 1047 880 1110 sciencie
896 1047 1041 1118 rutilanti,
1059 1048 1177 1111 domino
1195 1046 1341 1110 Clementi

149 1163 207 1221 etc.
227 1159 366 1221 devotam
383 1157 592 1221 obedienciam
610 1177 678 1220 cum
694 1158 799 1219 salute.

234 1267 262 1329 N
264 1267 380 1329 overint
391 1287 495 1329 omnes
509 1264 583 1329 lines
597 1271 687 1336 terre,
705 1263 846 1348 quoniam
859 1264 970 1328 veritas
987 1285 1048 1328 non
1064 1262 1190 1347 requirit
1202 1264 1339 1345 angelos,

144 1374 262 1437 veracis
279 1373 417 1438 karitatis
434 1375 560 1440 allectus
585 1374 752 1439 elucidatur
774 1373 905 1436 externis
928 1394 983 1456 per
1006 1371 1179 1437 caritativos
1202 1371 1338 1435 effectus.
1350 1383 1393 1424 tol·
1402 1385 1429 1424 ⁹³
1438 1397 1456 1424 e-

145 1484 197 1547 Sic
210 1484 289 1545 enim
302 1485 447 1565 scriptum
460 1488 522 1546 est:
541 1482 653 1546 caritas
666 1503 816 1566 nunquam
828 1481 949 1545 rennuit
960 1501 1093 1563 operam,
1107 1484 1249 1563 operatur
1261 1481 1340 1543 enim

144 1591 170 1653 si
183 1596 241 1662 est,
258 1590 284 1652 si
301 1592 455 1654 rennuerit
472 1591 584 1655 caritas
601 1589 731 1673 operari,
750 1613 810 1653 non
826 1595 873 1651 est
889 1591 1009 1652 caritas.
1029 1589 1138 1652 Verum
1151 1588 1177 1651 si
1190 1588 1340 1671 publicam

143 1698 347 1761 assercionem
363 1699 455 1762 michi
477 1701 567 1762 liceat
589 1720 768 1770 recensere,
796 1701 907 1761 caritas
925 1697 1011 1761 illesa
1028 1702 1058 1759 et
1074 1698 1193 1778 integra
1210 1695 1268 1758 sibi
1284 1696 1339 1758 do-

143 1828 222 1870 mum
240 1808 387 1889 ydoneam
405 1806 553 1872 edificavit
569 1807 600 1870 in
616 1808 713 1878 vobis,
731 1807 782 1890 qui
801 1808 943 1870 allectum
960 1810 1094 1869 vestrum
1111 1804 1228 1868 cunctis
1246 1803 1339 1867 comi-

50 1986 52 1989 ·
143 1921 188 1978 tat
205 1920 235 1977 et
251 1916 381 1998 exponit.
407 1916 544 1979 Vestram
565 1917 658 1998 igitur
673 1915 832 1979 caritatem
848 1914 1066 1997 largissimam,
1089 1934 1147 1997 que
1164 1913 1339 1976 devotorum

142 2043 250 2104 preces
268 2043 418 2106 nunquam
435 2024 558 2086 remittit
574 2043 696 2095 vacuas,
713 2024 821 2085 devote
837 2023 975 2106 requiro,
993 2027 1142 2105 quatenus
1160 2040 1224 2091 me,
1241 2019 1339 2091 humi-

143 2131 200 2192 lem
217 2129 359 2194 clericum
378 2136 526 2201 vestrum,
549 2137 595 2193 tot
611 2132 759 2193 anxiatum
777 2129 902 2200 studiis,
926 2134 969 2192 tot
993 2149 1171 2213 oppressum
1193 2125 1338 2208 penuriis,

143 2243 188 2300 tot
205 2237 370 2321 obligatum
387 2238 512 2310 debitis,
535 2238 771 2301 misericorditer
783 2237 975 2321 sublevetis,
1000 2242 1030 2299 ut
1046 2235 1212 2299 indubitata
1229 2235 1339 2298 caritas

143 2351 245 2409 vestra
262 2349 424 2410 elucescat.

726 2571 753 2612 θ.

631 2712 654 2772 l
668 2711 839 2792 prudencia.

229 2859 429 2923 Lucidissimo
443 2858 562 2922 domino
576 2879 630 2922 suo
647 2860 837 2942 philosophie
854 2860 947 2923 radiis
961 2861 1109 2925 illustrato
1118 2863 1153 2926 C.
1164 2870 1221 2928 etc.
1231 2865 1265 2926 H.
1276 2869 1335 2927 etc.

139 2971 266 3032 salutem
283 2989 352 3031 cum
368 2967 603 3052 promptitudine
621 2969 791 3031 famulatus.

230 3075 366 3139 Celebris
395 3080 425 3139 et
453 3076 584 3139 salubris
612 3077 743 3140 humana
765 3075 919 3160 sapiencia
943 3100 1003 3141 non
1025 3079 1247 3162 transgreditur
1268 3100 1337 3142 cor-

138 3206 231 3269 pore,
249 3186 275 3246 si
291 3183 411 3247 rennuit
428 3184 580 3253 co'e‘rceri,
604 3185 659 3247 sed
676 3185 829 3248 stimulata
845 3184 956 3248 caritas
973 3188 1097 3258 aculeo,
1122 3187 1159 3250 ab
1182 3187 1336 3250 intellectu

145 3293 183 3355 ad
201 3293 351 3362 ellectum,
369 3292 407 3354 ab
425 3293 535 3356 ellectu
553 3293 690 3375 procedit
707 3292 737 3355 in
754 3294 905 3356 effectum.
932 3294 1005 3357 Cum
1024 3293 1117 3377 igitur
1131 3295 1337 3358 honorabilem

141 3407 243 3465 vestre
275 3402 471 3466 discrecionis
510 3403 719 3466 celsitudinem
751 3402 941 3485 philosophie
980 3405 1094 3486 gremio
1123 3404 1336 3469 delicatissime

138 3510 273 3572 noverim
291 3511 386 3572 luisse
402 3511 574 3580 enutritam,
591 3513 696 3594 paucis
713 3511 820 3594 ipsam,
839 3513 893 3575 sed
911 3512 1027 3575 devotis
1044 3513 1186 3595 precibus
1203 3512 1335 3597 requiro,

136 3618 217 3703 quod
236 3617 375 3681 nimirum
391 3618 550 3700 pauciores
568 3620 715 3682 instancie
732 3618 888 3684 sufficiunt
905 3621 1050 3703 sapienti,
1068 3625 1216 3704 quatenus
1232 3620 1336 3692 miehi,

137 3725 246 3790 devoto
263 3726 374 3789 clerieo
391 3732 511 3799 vestro,
532 3737 664 3792 vestram
680 3727 852 3791 clarificetis
873 3728 1057 3812 sapienciam
1074 3728 1254 3792 claritudine
1270 3730 1336 3811 pie·

135 3834 218 3906 tatis,
236 3838 269 3896 ut
286 3833 417 3897 diuturni
434 3835 545 3898 laboris
558 3837 617 3899 mei
628 3836 795 3907 recreacio‚
815 3838 961 3919 egestatis
974 3837 1150 3910 subvencio,
1169 3838 1337 3904 debitorum

136 3939 304 4023 expedicio,
324 3941 433 4023 quibus
450 3962 544 4025 supra
561 3944 681 4006 modum
698 3964 763 4007 sum
779 3950 932 4026 gravatus,
950 3949 1143 4029 pervestrum
1158 3944 1337 4010 beneficium

135 4053 311 4119 consecute,
328 4055 459 4112 vestram
477 4049 660 4131 sapienciam
677 4052 858 4133 perhibeant
875 4054 1072 4117 fructuosam.

651 4407 690 4469 u
709 4263 819 4472 oleato.

226 4547 414 4632 Euangeliou
432 4550 495 4613 viro
512 4557 542 4612 et
558 4551 723 4615 animarum
740 4553 869 4618 sollicito
886 4558 1011 4620 zelatori
1027 4558 1059 4621 C.
1077 4566 1135 4622 etc.
1154 4561 1188 4622 H.
1204 4565 1261 4624 etc.
1281 4562 1336 4625 de-

137 4660 241 4718 votam
258 4656 466 4721 obedienciam
486 4658 607 4724 monitis
625 4666 655 4722 et
669 4662 827 4725 mandatis.
