3209 5392
267 431 344 503 176
404 427 406 430 ’

261 605 307 668 eie
341 600 479 668 laudibus
518 597 691 662 illustratur.
742 593 867 657 Duobus
902 593 1012 676 quippe
1054 592 1213 676 syderibus
1252 593 1443 658 mediantibus

267 709 364 776 calum
385 707 501 791 pingit,
527 722 598 768 cum
620 700 737 765 duobus
759 699 901 764 uidelicet
921 698 1135 769 luminaribus,
1161 699 1445 765 misericordiosius

266 816 448 882 clemencia,
475 810 617 876 mundum
643 805 789 870 clarificat
816 805 999 869 universum.
1032 805 1178 869 Nimirum
1200 806 1259 870 hec
1280 807 1394 872 taciens
1414 807 1448 870 ab

268 924 332 989 eius
353 920 496 1006 operibus
524 917 610 1002 quasi
636 921 718 978 terso
747 911 871 993 speculo
898 912 1026 977 resultat
1052 932 1178 996 ymago,
1205 933 1266 997 que
1287 919 1450 979 ceterorum

264 1034 390 1116 pectora
420 1027 478 1091 sibi
509 1021 703 1094 reconciliat,
733 1018 858 1083 letificat
888 1023 919 1082 et
949 1025 1086 1091 serenat,
1116 1021 1288 1085 retribuens
1321 1023 1450 1088 omanus

266 1137 407 1204 fiduciam
417 1135 498 1200 bone
513 1132 589 1214 spei.
614 1131 668 1196 Sic
683 1132 784 1191 autem
799 1146 944 1192 exercere
958 1128 990 1191 in
1005 1128 1065 1192 biis
1081 1150 1115 1195 se
1130 1136 1183 1194 tua
1198 1137 1286 1196 curet
1300 1131 1453 1202 industria,

268 1245 348 1331 quod
367 1245 449 1307 iuxta
476 1245 577 1305 votum
608 1239 747 1318 petentes
781 1233 1025 1315 redempcionem
1058 1244 1282 1321 consequantur
1316 1240 1452 1310 carceris,

268 1359 298 1418 et
314 1350 416 1434 adepti
431 1348 565 1432 graciam
586 1343 709 1408 laudent
723 1341 831 1410 Deum,
847 1360 883 1404 ac
899 1342 1030 1407 Romana
1054 1345 1183 1410 eeclesia
1205 1367 1260 1409 suo
1277 1346 1309 1409 in
1325 1352 1452 1428 tempore

267 1478 336 1526 cum
357 1457 528 1542 graciarum
550 1448 718 1516 actionibus
740 1446 875 1510 antidota
897 1454 983 1530 grata
1005 1471 1116 1534 gerens
1138 1452 1193 1516 tibi
1216 1453 1255 1516 ad
1278 1453 1453 1534 condignam

267 1564 506 1630 vicissitudinem
522 1564 668 1625 teneatur.

360 1724 518 1793 urguemur
531 1739 579 1778 ene
592 1720 867 1777 liuillard·Brdlrolles
885 1720 926 1781 Vl,
947 1718 1057 1772 oi-os
1076 1720 1203 1788 Magistro
1222 1719 1249 1772 P.
1271 1720 1411 1774 devincis
1427 1749 1451 1759 -

271 1812 305 1883 α)
319 1817 347 1867 et
365 1814 432 1867 elios
452 1812 568 1867 clericae
587 1815 614 1867 et
631 1812 753 1883 prelatos
770 1810 875 1865 interim
895 1810 1005 1864 tractari
1021 1809 1177 1880 precipiens
1195 1809 1351 1863 humaniter
1369 1815 1396 1864 et
1412 1810 1457 1861 bo·

270 1905 356 1966 neae,
368 1902 487 1960 dominae
499 1901 596 1958 traaas
610 1902 716 1955 naeuos
729 1899 855 1970 dignetur
866 1899 991 1970 protinus
1000 1899 1126 1960 liberare,
1141 1913 1209 1968 quos
1221 1897 1304 1952 feriet
1318 1898 1376 1954 ane
1388 1914 1457 1954 nore

271 2009 357 2064 usque
370 1990 403 2046 ed
416 2008 464 2047 nos
483 2005 578 2046 secure
599 1990 720 2046 conduci.
746 1992 812 2046 Nam
830 1987 864 2045 ad
882 1989 1061 2062 provisionem
1073 1987 1191 2043 ecclesie
1205 1986 1361 2042 faciendam
1379 1992 1458 2041 malu-

269 2081 340 2144 rioe,
366 2081 399 2137 ad
425 2080 499 2151 qnod
524 2082 628 2135 duobus
654 2096 685 2134 ex
707 2080 784 2134 nobis
808 2077 982 2133 existentibus
1005 2080 1080 2132 extra
1101 2078 1193 2132 urbem
1215 2076 1316 2132 dudum
1341 2077 1455 2149 dignatio

271 2168 380 2226 Ceseris
402 2187 453 2241 per
472 2187 535 2225 euos
559 2170 651 2241 apices
670 2169 768 2225 obtulit
787 2169 848 2222 illos
866 2168 949 2232 dues,
974 2183 1025 2224 nec
1047 2184 1098 2222 non
1118 2171 1145 2222 et
1162 2167 1196 2221 ad
1218 2166 1295 2239 pacis
1319 2169 1456 2220 tractatam

269 2260 347 2315 valde
360 2261 440 2315 utiles
454 2276 514 2314 esse
526 2262 638 2329 possunt
650 2259 673 2314 si
685 2275 738 2313 non
750 2256 935 2329 permittat
949 2260 1001 2312 etc.

829 2536 892 2608 39.

681 2711 760 2794 laps
775 2711 971 2773 tenerorum
987 2712 1057 2791 regi.

771 2867 850 2924 1254.
864 2866 968 2922 Acrisii.

274 3029 403 3082 Innocens
421 3030 468 3083 IV.
492 3028 563 3082 bittet
584 3030 637 3082 dea
657 3025 809 3082 rdmebcben
831 3026 919 3097 Konip
946 3024 1065 3080 Wlbelm
1088 3044 1131 3080 uro
1154 3027 1199 3082 die
1219 3028 1399 3101 Freilaaeunp
1419 3029 1463 3084 der

537 3139 540 3143 ·
623 3116 793 3188 pefeepenen
809 3115 976 3186 (irascerer
987 3117 1108 3170 Helleni.

365 3279 433 3345 Non
448 3299 584 3364 operum,
600 3300 660 3344 aon
675 3300 835 3347 munerum
851 3281 956 3363 queris
971 3282 1096 3362 profusa
1112 3282 1237 3364 largicio
1254 3287 1373 3350 tantam
1388 3287 1463 3347 mam

277 3385 390 3472 poterit
416 3386 577 3451 sublimare
604 3407 775 3470 personam,
802 3407 893 3471 qnam
920 3388 1075 3456 fructuosa
1109 3388 1270 3470 plurimonn
1300 3388 1463 3473 acquisicio

279 3492 454 3565 amicorum,
478 3511 537 3578 que
557 3493 647 3557 velud
668 3495 863 3560 inexhaustus
880 3494 1042 3560 thesaurus
1057 3516 1114 3560 usu
1130 3516 1190 3562 nou
1212 3497 1401 3564 consumitur
1415 3493 1466 3558 sed

276 3605 413 3684 augetur.
448 3599 536 3684 Quod
562 3602 747 3666 coacervatis
776 3603 967 3684 quantumvis
993 3603 1209 3685 peccuniarum
1235 3603 1388 3670 thesauris
1411 3620 1465 3666 non

276 3708 400 3780 accidit,
416 3707 468 3794 qui
484 3727 540 3789 per
563 3727 726 3791 expensam
749 3710 921 3776 conbanem
942 3709 1079 3790 protinus
1101 3710 1281 3780 dilabamur.
1313 3711 1410 3793 igiosa
1429 3706 1466 3770 fili

274 3812 444 3888 ὶωὶεείωε,
466 3816 650 3898 peculiarem
671 3816 728 3884 tibi
756 3816 933 3882 thesaurum
961 3817 1125 3882 amicorum
1153 3838 1319 3901 quesumus
1346 3817 1464 3884 studeas

274 3941 450 4004 procurare,
467 3940 594 4008 quornm
610 3923 764 4005 oportunis
780 3923 923 4004 irrigatus
941 3922 1093 4005 suffragiis
1109 3924 1149 3988 ad
1164 3926 1296 3990 rofimn
1311 3924 1464 4007 pervenias

276 4029 504 4096 incrementum.
537 4028 683 4093 Elabnres
699 4030 801 4112 itaque
817 4029 971 4094 hominum
987 4030 1080 4094 corda
1097 4031 1267 4096 dilectionis
1283 4031 1339 4097 tibi
1354 4028 1465 4094 nncob

163 4165 170 4178 ·
279 4136 428 4208 federari,
461 4155 530 4202 cum
560 4135 601 4200 nil
632 4136 733 4200 utilius
765 4136 917 4221 nichilque
945 4137 1094 4202 salubrius
1122 4138 1228 4202 haberi
1256 4139 1411 4219 confingat
1438 4135 1465 4197 in

277 4242 414 4314 homine,
444 4263 532 4325 quam
554 4243 619 4305 sine
641 4243 762 4307 fictione
784 4244 879 4325 ipsius
897 4245 939 4331 a)
955 4246 1085 4309 animum
1108 4246 1275 4327 possidere.
1308 4246 1371 4309 Hac
1393 4242 1465 4306 euim

280 4347 381 4412 habita
398 4350 562 4431 prudencia
579 4350 666 4432 regni
683 4349 726 4413 tui
743 4351 929 4415 incrementa
944 4352 1046 4420 felicia
1061 4352 1176 4435 poteris
1193 4353 1350 4418 iocundius
1362 4351 1464 4414 intueri

372 4561 405 4629 a)
419 4561 502 4631 ipsius
515 4562 561 4616 aui
571 4563 662 4616 Rasur.
