3209 5392
1281 478 1355 550 103

254 661 341 727 Item.
365 658 464 724 Habet
484 659 542 722 hoc
564 658 716 741 proprium
737 657 879 721 adiacens
901 675 976 739 pure
999 657 1166 721 dilectionis
1188 655 1356 737 integritas,

163 775 197 834 ut
213 775 317 833 contra
329 773 434 831 nature
451 768 570 848 regulas
588 768 761 850 frequenter
776 766 857 829 vires
873 772 1011 829 exerceat
1029 772 1059 830 et
1075 773 1179 829 contra
1192 763 1356 827 communis

160 877 320 960 discipline
336 875 500 959 presidium
527 874 706 958 quandoque
734 873 837 955 {etiam
871 874 909 937 ad
942 880 1099 939 extraneos
1136 896 1169 937 se
1202 872 1352 936 extendat.
1366 901 1474 943 ruam.

163 988 259 1050 liuius
281 991 381 1049 autern
398 984 570 1048 dileccionis
586 984 680 1047 uirtus
703 983 825 1056 eximia,
847 984 919 1046 licet
941 984 1014 1047 satis
1036 985 1162 1047 forsitan
1181 983 1259 1053 illos,
1281 1001 1356 1064 quos

165 1095 304 1158 amicicie
327 1079 470 1176 simplicis
485 1093 614 1174 ligamen
641 1092 814 1165 invinculat,
843 1093 931 1156 claris
958 1093 1076 1157 indiciis
1105 1099 1135 1156 et
1160 1092 1261 1155 lucida
1289 1090 1358 1153 dote

169 1204 335 1287 preradiet,
347 1203 426 1266 inter
438 1222 489 1265 eos
502 1208 602 1265 tamen
614 1202 758 1284 precipue
771 1222 827 1284 per
838 1202 967 1284 insignia
980 1202 1107 1266 clariora
1118 1201 1271 1284 tripudiat,
1285 1219 1359 1283 quos

166 1311 199 1374 in
220 1311 355 1375 caritatis
378 1311 498 1374 archivo
521 1311 675 1392 sanguinis
704 1311 796 1374 claris
820 1311 992 1384 inviscerat,
1015 1317 1045 1374 et
1069 1312 1235 1393 colligentis
1260 1309 1359 1372 carnis

168 1420 351 1503 ydemptitas
367 1419 476 1482 unione
493 1418 709 1502 quodammodo
730 1419 930 1483 indissolubili
947 1421 1067 1502 copulat
1083 1427 1113 1485 et
1128 1419 1258 1484 annodat
1274 1418 1325 1505 o).

555 1606 598 1668 lte
615 1605 806 1669 confessione
822 1606 970 1670 facienda.

659 1746 787 1792 onitin-,uo
803 1747 874 1792 xxii.

253 1872 320 1935 Etsi
341 1872 473 1954 quolibet
495 1877 630 1955 tempore
653 1873 733 1935 salus
757 1872 956 1937 desideranda
974 1874 1013 1936 sit
1029 1873 1137 1945 anime,
1155 1872 1192 1934 de
1209 1871 1274 1953 ipsa
1291 1889 1361 1951 pro-

162 1985 245 2047 fecto
269 1980 374 2043 diebus
396 1982 452 2043 illis
474 1980 602 2043 habdius
625 1980 735 2062 agitur,
751 1980 871 2063 quibus,
889 1981 1022 2064 quolibet
1045 1980 1180 2063 deposito
1197 1978 1361 2060 satagentis

161 2089 281 2152 Martbe
295 2089 450 2172 obsequio,
473 2089 504 2151 in
523 2088 624 2151 cinere
638 2094 668 2151 et
680 2088 780 2151 edicio
794 2090 1062 2152 devotemonemur
1071 2089 1214 2171 preterita
1236 2093 1363 2171 peccata

60 2211 66 2220 ’
167 2198 353 2281 deplangere
376 2198 415 2261 ad
435 2198 529 2281 pedes
545 2198 663 2261 Domini
686 2218 753 2260 cum
775 2198 878 2261 Maria.
911 2200 1036 2281 Propter
1051 2199 1141 2281 quod,
1158 2199 1227 2261 dum
1244 2217 1364 2260 carnem

162 2306 581 2378 docemurdomareieiuniis
594 2308 725 2370 recreari
740 2307 913 2371 desiderans
930 2309 1066 2390 spiritum
1077 2307 1185 2390 pabulo
1201 2308 1284 2371 verbi
1295 2308 1362 2379 Dei,

161 2400 295 2481 libenter
306 2423 406 2481 vestra
418 2416 577 2499 presencia
591 2418 719 2488 fruerer,
732 2423 764 2480 ut
773 2417 1010 2500 subrepentibus
1024 2418 1363 2501 exfragilitatehumaua

165 2526 314 2599 reatibus,
332 2526 369 2589 de
384 2525 490 2609 quibus
504 2526 622 2608 expedit
641 2525 788 2600 confiteri,
802 2532 903 2594 restra
919 2527 1084 2610 prudencia
1100 2527 1237 2591 salutaris
1252 2524 1360 2589 consili

163 2636 335 2700 remedium
352 2633 516 2697 exhiberet.

741 2799 794 2863 V.

375 2927 483 3009 lnclplt
498 2927 681 3010 prohemium
696 2929 727 2991 ln
742 2932 906 2992 beatotum
920 2928 1159 3009 proverbiorum.

260 3070 405 3153 Expedite
432 3070 463 3131 in
489 3067 645 3151 premissis
674 3067 729 3132 sub
758 3069 901 3151 exemplis
930 3070 1149 3134 sufficientibus
1176 3072 1208 3133 in
1234 3076 1365 3136 tractatu

168 3180 373 3251 exordiorum,
389 3199 444 3260 per
460 3197 529 3260 que,
545 3185 578 3240 ut
591 3177 703 3242 dictum
716 3184 773 3250 est,
786 3179 979 3260 epistolarum
991 3201 1045 3243 seu
1056 3180 1207 3244 literarum
1219 3180 1367 3263 principia

168 3292 363 3360 decorantur,
386 3308 466 3351 nunc
489 3308 586 3369 pauca
608 3288 735 3370 quedam
752 3288 789 3350 de
805 3288 940 3370 pluribus
957 3290 1060 3352 censui
1082 3291 1240 3372 proverbia
1256 3311 1367 3355 annec-

168 3399 272 3471 tenda,
289 3417 347 3480 que
362 3396 497 3478 ydoneus
514 3397 646 3475 notarius
663 3396 785 3460 cuilibet
800 3397 879 3479 parti
895 3397 1019 3479 epistole
1036 3404 1138 3481 preter
1153 3401 1367 3464 salutacionem

170 3514 274 3593 potest
289 3509 434 3578 inserere,
450 3505 508 3567 hoc
525 3505 655 3587 proviso,
672 3512 705 3569 ut
722 3507 827 3569 eadem
842 3506 1011 3590 proverbia,
1029 3510 1172 3591 quociens
1193 3511 1316 3574 veniunt
1336 3510 1367 3572 in

264 3667 299 3737 a)
311 3669 339 3722 Z.
368 3665 475 3720 Subditi
495 3667 527 3720 ud
542 3665 671 3722 dominum
690 3685 822 3738 magnum.
857 3669 986 3736 Quoniam
1000 3671 1108 3725 celestis
1121 3670 1236 3725 altitudo
1249 3670 1361 3734 consilii,

179 3777 234 3834 que
253 3761 280 3812 in
293 3759 334 3812 sui
348 3745 527 3829 disposicione
541 3773 592 3811 non
605 3758 720 3817 fallitur,
743 3762 783 3813 tot
797 3762 825 3811 et
838 3761 917 3813 tantis
936 3760 1051 3830 prefecit
1067 3762 1225 3832 provinciis,
1247 3767 1289 3816 tot
1301 3779 1366 3832 pro-

174 3852 238 3908 tulit
259 3850 410 3921 regionibus
432 3851 546 3902 vestram
569 3850 821 3919 supereminenciam
844 3850 1003 3915 maiestatis,
1033 3855 1200 3923 vestramque
1227 3871 1367 3926 personam

178 3945 320 3997 multarum
339 3940 455 4012 replerit
467 3939 552 4010 copiis
565 3941 772 4007 graciarnnsut
783 3942 834 3993 iam
848 3941 881 3995 de
894 3942 1061 4015 providencia
1074 3949 1176 4008 vestra,
1196 3961 1248 4017 quc
1261 3948 1368 4016 attingit

177 4054 192 4089 a
209 4034 264 4089 fluo
283 4047 368 4101 usque
382 4031 520 4093 adfinem,
540 4029 649 4085 fortiter
662 4048 710 4102 per
723 4031 812 4085 tocius
830 4034 922 4087 orbem
934 4037 1008 4088 terre
1028 4034 1185 4104 grandisone
1197 4037 1267 4090 fame
1278 4045 1368 4095 restro

178 4123 335 4197 preconium
355 4120 514 4176 extendatur
526 4125 554 4176 st
566 4121 671 4176 iusticie
685 4122 776 4192 regula
786 4125 925 4194 exequatis
934 4126 1117 4194 frequentibus
1126 4127 1219 4197 tytulis
1229 4145 1275 4182 vos
1286 4132 1368 4184 attol-

178 4220 228 4281 lat,
241 4232 292 4271 non
305 4214 437 4272 timemus,
451 4212 495 4281 qui
508 4214 557 4266 sub
568 4215 656 4267 vestre
666 4214 843 4283 protectionis
855 4216 983 4285 regimine
997 4216 1181 4281 consistimus,
1201 4235 1234 4272 ex
1252 4228 1368 4290 quanta·

178 4310 244 4363 libet
256 4304 435 4360 commoriens
447 4302 627 4373 naufragium,
649 4321 698 4358 nec
711 4306 893 4375 potenciorum
911 4308 1024 4376 impetus
1036 4308 1221 4373 formidamus,
1235 4314 1367 4381 quoniam,

181 4400 258 4456 obice
271 4395 441 4470 gladiivestri
452 4396 584 4465 potencia,
599 4394 707 4451 eliditur
716 4397 862 4468 iniquorum
872 4398 1014 4471 protervia,
1027 4405 1054 4455 et
1063 4400 1204 4470 quiescunt
1214 4401 1273 4455 dum
1283 4404 1369 4474 impe·

180 4492 246 4546 ratis
259 4488 369 4560 spiritus
382 4486 565 4557 procellarum,
579 4487 667 4558 sitque
679 4489 753 4558 pacis
765 4489 944 4558 tranquillitas
957 4490 983 4543 in
996 4492 1085 4545 vestra
1095 4492 1202 4545 virtutis
1212 4493 1329 4556 dextera,
1341 4500 1369 4547 et

182 4582 280 4636 vestris
298 4577 460 4649 temporibus
478 4576 505 4630 in
523 4576 649 4649 opulenta
662 4579 761 4649 degunt
782 4580 876 4649 requie
889 4581 1007 4636 subiecto
1021 4582 1094 4636 robis
1108 4583 1225 4654 gentium
1238 4583 1367 4640 nationes.

182 4675 269 4742 Quare
281 4671 411 4742 princeps
424 4668 514 4723 inclite
527 4672 577 4724 otc.
642 4689 647 4696 ·
