3209 5392
824 873 887 941 ta,

536 1065 613 1145 laps
629 1066 776 1129 unlrcrsls
794 1067 990 1130 ecclesiarum
1007 1068 1185 1129 rectoribus.

681 1239 830 1293 1141111
850 1239 892 1294 18.
912 1241 1042 1294 Laterani.
1193 1280 1205 1318 ,

270 1400 429 1472 61191111.
443 1399 570 1456 hericbtet
583 1401 674 1455 111111
688 1400 864 1473 Aobdnqern.
882 1402 932 1456 acie
945 1400 1089 1456 Friedrich
1107 1400 1188 1455 selbot
1200 1402 1228 1456 in
1242 1400 1354 1471 Briefen
1369 1420 1405 1455 en
1417 1402 1461 1456 die

271 1491 423 1555 Cordindie,
444 1490 573 1560 Bebebofe
591 1492 647 1544 und
664 1488 811 1545 weltiieben
830 1492 944 1545 Furaten
964 1490 1008 1544 cin
1028 1490 1119 1545 Concil
1136 1492 1268 1562 11111191,
1290 1492 1363 1545 donn
1384 1491 1460 1556 aber,

268 1581 309 1632 111
321 1581 370 1633 der
382 1582 465 1651 Papot
478 1580 520 1638 cio
538 1579 641 1636 colebec
658 1582 780 1652 derasen,
800 1581 901 1652 Briefe,
916 1580 962 1635 die
980 1582 1070 1635 reineri
1087 1580 1216 1653 fraberen
1234 1580 1460 1651 acidcreprdcdeo,

268 1670 389 1722 11111111
403 1670 458 1723 und
470 1669 516 1724 die
527 1688 584 1722 zum
597 1671 691 1725 Conci!
701 1670 842 1724 reiaenden
853 1672 981 1724 Prltleten
994 1668 1063 1725 bede
1075 1670 1225 1741 ilber‘fellen
1240 1672 1296 1723 und
1307 1671 1461 1740 einoperreo

268 1758 366 1812 111111.
392 1758 517 1815 Ermoint
533 1777 590 1814 zum
614 1761 799 1816 ll'iderateode
815 1775 899 1831 pepon
912 1759 1055 1814 Friedrich
1068 1760 1123 1814 ond
1141 1777 1198 1814 zum
1218 1762 1363 1814 Vertrouen
1376 1760 1404 1815 in
1417 1759 1461 1814 die

730 1850 817 1904 Secbe
829 1853 879 1906 der
891 1847 999 1905 Kirrbe.

366 2011 505 2072 boehmer,
519 2011 584 2081 fleg.
599 2011 678 2081 Greg.
692 2012 744 2076 111,
758 2029 799 2064 no.
816 2010 875 2067 tot.

357 2174 497 2237 Existens
513 2175 543 2237 in
559 2179 634 2237 mari
650 2177 738 2239 huius
754 2177 856 2239 mundi
872 2177 952 2239 Petri
968 2175 1103 2238 navicula
1126 2174 1285 2238 contrariis
1308 2175 1459 2238 interdum

268 2283 364 2343 ventis
393 2281 550 2364 expellitur
571 2288 602 2344 ct
622 2303 823 2366 nonumquam
850 2283 961 2346 ictibus
990 2282 1140 2346 colliditur
1166 2281 1378 2364 procellarum,
1408 2281 1460 2343 sed

243 2445 247 2456 ,
269 2389 390 2451 tandem
405 2388 532 2453 Domino
554 2389 675 2454 flatibus
697 2391 864 2475 imperante
887 2411 923 2453 ac
945 2389 1097 2454 turbinum
1117 2393 1248 2472 impetus
1271 2388 1460 2470 prohibente,

269 2496 407 2560 succedit
418 2498 590 2579 tempestati
607 2499 805 2581 tranquillitas
822 2506 853 2562 11
869 2498 1080 2579 omnipotentis
1097 2498 1223 2580 imperio
1239 2496 1321 2559 venti
1339 2496 1458 2559 cedunt.

269 2604 346 2665 Nam
362 2603 521 2685 inopinatis
537 2605 697 2688 aliquando
713 2605 831 2687 inpulsa
846 2604 989 2669 tluctibus
1005 2606 1063 2668 etsi
1079 2605 1218 2676 iactetur,
1231 2625 1291 2668 non
1302 2604 1460 2685 mergitur,
1566 2646 1568 2651 -

271 2716 301 2773 11
316 2711 404 2773 undis
420 2731 599 2793 repercussa
616 2712 813 2776 trementibus
831 2713 856 2776 si
874 2714 1022 2796 quatitur,
1045 2733 1104 2776 non
1120 2717 1288 2795 quassatur.
1322 2709 1461 2774 Ecclesia

271 2817 429 2900 siquidem,
447 2839 536 2901 supra
552 2819 621 2883 fidei
637 2825 753 2902 petram
771 2827 884 2892 erecta,
905 2821 1082 2903 frequenter
1104 2819 1142 2882 ab
1167 2820 1273 2884 emulis
1297 2819 1461 2882 christiane

269 2925 425 3007 religionis
441 2926 610 3008 impetitur,
634 2933 665 2990 11
681 2929 863 3010 inpugnatur
878 2948 952 3010 sepe
968 2927 1006 2991 ab
1023 2927 1234 2991 ecclesiastice
1256 2925 1462 3008 persecutori·

269 3032 327 3104 bus
355 3035 521 3108 libertatis;
553 3037 608 3099 sed
636 3036 772 3106 demum,
806 3036 950 3100 altissimo
980 3034 1018 3100 ad
1045 3054 1111 3099 eam
1146 3035 1328 3098 clemencius
1359 3033 1461 3097 oculos

271 3142 433 3205 inclinante
461 3162 576 3226 sueque
603 3144 742 3226 potencie
771 3144 927 3207 dexteram
955 3145 1151 3216 extendente,
1180 3144 1372 3207 detractores
1394 3139 1462 3203 fidei

271 3250 356 3311 freno
373 3256 513 3313 arcentur
540 3251 668 3321 silencii,
694 3257 726 3315 et
752 3251 1007 3334 persequencium
1032 3270 1155 3323 manus,
1181 3251 1212 3313 11
1238 3251 1305 3313 iura
1333 3248 1462 3312 ecclesie

272 3355 415 3418 iniuriose
427 3358 535 3430 laxate,
547 3359 696 3439 repressis
709 3359 824 3422 iuribus
837 3358 1063 3431 contrahuntur,
1077 3358 1181 3441 sicque
1193 3363 1263 3439 post
1273 3355 1461 3419 turbacionis

273 3464 405 3527 nubilum
421 3471 452 3529 et
467 3486 605 3529 serenum
621 3468 706 3548 pacis
723 3466 928 3549 subsequitur,
945 3472 976 3529 11
992 3466 1123 3529 ecclesie
1140 3471 1257 3536 sancte,
1273 3463 1461 3546 gubernante

272 3572 411 3645 Domino,
427 3573 577 3655 presentis
594 3594 675 3636 mare
692 3574 787 3638 seculi
804 3574 1014 3645 substernitur,
1039 3572 1142 3636 colliso
1165 3573 1278 3654 impetu
1299 3573 1462 3653 insurgen-

273 3679 352 3743 cium
369 3684 399 3746 et
411 3683 663 3762 consurgencium
674 3680 881 3763 procellarum.
901 3682 934 3745 Si
951 3701 1023 3761 ergo
1040 3680 1144 3743 fideles
1162 3680 1297 3742 eiusdem
1321 3679 1462 3750 ecclesie,

272 3788 354 3851 iuxta
365 3787 592 3856 mutabilitatem
603 3789 759 3870 temporis,
772 3788 901 3859 sinistris
910 3788 1069 3869 aliquando
1084 3787 1462 3869 exasperentureventibus

274 3895 788 3979 etmulcenturquandoquevotivis,
802 3916 862 3963 non
875 3915 928 3960 eos
937 3914 1098 3962 successus
1107 3895 1297 3958 adversitatis
1306 3895 1462 3976 deprimat,

273 4023 330 4069 nec
353 4022 498 4066 occursus
514 4003 723 4085 prosperitatis
741 4003 878 4076 extollat,
901 4000 1002 4068 sedin
1018 4023 1054 4066 eo
1072 4023 1143 4085 spes
1159 4008 1221 4066 tota
1243 4008 1389 4083 ponatur,
1414 4001 1462 4086 qui

194 4113 201 4124 '
276 4110 468 4194 sperantibus
495 4114 526 4178 in
553 4131 587 4173 11
615 4110 822 4178 misericordie
851 4101 948 4178 sinum
974 4116 1060 4193 parat
1095 4114 1125 4173 11
1155 4115 1226 4192 post
1257 4109 1460 4173 tribulacionis

274 4217 462 4301 pacienciam
477 4219 508 4284 in
524 4218 659 4281 adversis
675 4218 851 4290 remedium,
868 4219 944 4280 etin
960 4216 1115 4302 prosperis
1139 4217 1361 4280 consolacionis
1377 4224 1461 4299 anty-

277 4327 379 4389 dotum
408 4325 574 4412 inpendere
606 4326 771 4390 consuevit.
815 4324 988 4393 dridericus
1026 4325 1122 4397 enim,
1160 4326 1261 4389 dictus
1292 4326 1460 4408 imperator,

278 4430 408 4494 ecclesie
423 4437 615 4513 persecutor,
646 4431 780 4512 dirigens
805 4450 900 4512 nuper
915 4430 1060 4495 tratribus
1077 4431 1189 4495 nostris
1205 4430 1409 4494 cardinalibus
1432 4435 1460 4490 et
1519 4436 1524 4443 '

277 4539 472 4604 ecclesiarum
498 4540 620 4621 prelatis
648 4559 704 4608 nec
732 4559 792 4602 non
814 4538 1000 4621 principibus
1023 4538 1105 4604 orbis
1132 4544 1214 4602 terre
1234 4537 1357 4609 literas,
1378 4536 1460 4620 petiit

277 4645 438 4716 convocari
467 4646 642 4719 concilium,
671 4653 704 4716 ut
724 4645 767 4707 ibi
796 4646 833 4708 de
861 4646 976 4714 meritis
999 4652 1236 4727 cognosceretur
1262 4646 1367 4728 ipsius.
1399 4644 1457 4706 Nos
