3209 5392
1279 540 1330 612 47

130 715 330 798 possessione
356 715 473 779 decime
507 737 597 799 supra
619 716 709 781 dicte.
749 717 806 799 Qui
839 716 978 800 quoniam
995 716 1034 802 a)
1050 715 1081 778 in
1104 720 1275 797 contemptu
1293 712 1331 799 d)

130 824 229 889 nostri
245 825 378 888 mandati
395 832 551 890 contumax
567 831 615 891 est
629 826 778 898 inventus,
795 832 899 890 nostre
916 824 1106 888 execucionis
1129 823 1229 888 officio
1246 822 1287 909 ο),
1301 828 1332 888 et

128 935 322 1006 auctoritate,
328 953 387 1018 qua
393 935 555 1017 fungimur,
568 933 887 1000 excommunicacionis
899 932 1083 998 sentenciam
1090 932 1146 997 rite
1154 931 1331 997 contulimus

130 1049 239 1108 contra
253 1042 363 1125 ipsum,
381 1044 487 1108 eadem
502 1045 680 1109 auctoritate
696 1042 783 1108 uobis
799 1042 982 1124 iniungimus
998 1040 1040 1128 d)
1056 1060 1093 1105 ac
1109 1040 1275 1106 districtius
1293 1039 1330 1128 e)

130 1151 322 1224 mandantes,
340 1158 487 1236 quatenus
505 1153 630 1217 eandem
647 1151 834 1218 sentenciam
851 1150 958 1235 exequi
974 1151 1097 1224 curetis,
1115 1150 1330 1214 denunciantes

128 1262 280 1343 prefatum
308 1261 344 1324 H.
362 1259 403 1347 f)
430 1262 728 1335 excommunicatum,
746 1262 844 1326 donec
873 1278 1007 1341 congrue
1034 1259 1202 1324 satisfaciat
1221 1258 1263 1345 s)
1291 1259 1330 1322 de

129 1390 300 1455 premrssrs.

467 1579 569 1641 ferne
586 1577 758 1642 executoris
775 1574 1003 1641 rendlelmlls.
1020 1609 1023 1616 ,

221 1739 255 1802 F.
272 1737 330 1802 Dei
358 1738 467 1825 gracia!
486 1739 555 1803 talis
582 1739 668 1821 tytuli
694 1738 846 1823 presbiter
874 1743 904 1801 et
925 1735 1091 1820 apostolice
1108 1734 1190 1798 sedis
1212 1734 1329 1816 legatus

127 1846 295 1937 venerabili
307 1845 394 1909 fratri
407 1847 635 1938 archiepiscopo
652 1846 874 1930 Maguntinensi
891 1845 1016 1910 salutem
1031 1841 1082 1930 d).
1100 1845 1231 1907 Romane
1248 1842 1329 1905 sedis
1363 1872 1364 1875 ¹

129 1950 297 2019 clemencia
313 1954 461 2019 ecclesias
489 1962 520 2020 et
545 1956 610 2021 iura
638 1957 846 2021 ecclesiastica
872 1961 944 2020 tuno
970 1953 1072 2017 iuvare
1101 1953 1243 2025 creditur,
1271 1974 1330 2016 non

128 2084 269 2148 gravare,
282 2084 350 2127 oum
362 2084 416 2147 pro
428 2065 537 2130 talibus
555 2068 632 2131 solet
646 2086 753 2150 preces
769 2065 937 2149 porrigere,
954 2062 1004 2146 qui
1021 2082 1080 2125 non
1095 2062 1191 2126 solum
1205 2070 1331 2144 possunt

127 2175 264 2257 graciam
280 2174 391 2256 graciis
408 2196 568 2260 exequare,
584 2195 687 2240 rerum
704 2177 794 2241 etiam
811 2196 847 2239 ex
868 2171 1053 2237 habundanti
1077 2171 1110 2258 τ’)
1126 2172 1328 2255 prerogativa,

128 2303 219 2367 quam
248 2283 278 2346 in
305 2284 435 2347 ecclesia
453 2285 599 2365 obtinent,
621 2285 744 2350 racione
761 2284 824 2348 dati
847 2290 877 2348 et
898 2281 1018 2364 accepti
1033 2281 1185 2365 copiosius
1201 2286 1329 2366 possunt

128 2391 243 2476 aliquid
263 2411 438 2474 prerogare.
479 2394 553 2457 Cum
576 2393 668 2476 igitur
689 2414 744 2477 per
760 2394 921 2456 decessum
942 2390 1011 2455 talis
1026 2390 1058 2454 in
1074 2390 1205 2455 ecclesia
1220 2390 1329 2456 Herbi-

127 2499 559 2584 polensi,vobissuffraganea,
572 2498 915 2585 unavacareceperitl)
932 2498 1330 2571 canoniaasanctissimoiu

127 2611 252 2675 Christo
268 2616 354 2693 patre
381 2609 411 2696 l)
430 2612 549 2676 domino
575 2613 623 2700 m)
641 2612 689 2686 G,
707 2633 821 2676 summo
837 2609 996 2694 pontifice,
1012 2610 1182 2693 recepimus
1198 2612 1229 2675 in
1244 2632 1330 2676 man·

120 2723 214 2794 datis,
228 2726 261 2786 ut
269 2722 444 2803 magistrum
453 2722 485 2785 C.
494 2722 535 2808 π)
543 2729 682 2806 nepotem
690 2723 801 2787 domini
809 2721 929 2795 P.,talis
939 2719 1110 2794 cardinalis,
1125 2719 1225 2786 dilecti
1233 2723 1329 2788 uoshi

119 2831 295 2903 confratris,
312 2849 400 2914 quem
416 2829 496 2893 idem
517 2837 604 2913 pater
619 2832 827 2896 sanctissimus
844 2829 969 2914 speciali
992 2829 1095 2892 fauore
1116 2833 1321 2915 prosequitur,

120 2945 150 3008 in
165 2943 308 3027 predicta
324 2941 453 3006 canonia
470 2942 609 3007 substitui
626 2962 865 3026 procuraremus.
895 2941 1084 3023 Quapropter
1100 2948 1201 3006 nostre
1219 2965 1329 3010 execu-

120 3053 218 3119 cionis
243 3050 376 3115 officium
400 3051 557 3132 negligere
574 3072 633 3116 non
648 3053 795 3124 uolentes,
824 3050 1003 3115 auctoritate
1038 3051 1204 3132 apostolica
1237 3059 1328 3139 atque

121 3170 246 3233 nostra,
270 3159 452 3224 fraternitati
468 3166 568 3225 vestre
584 3161 781 3244 precipiendo
798 3161 991 3233 mandamus,
1008 3166 1155 3243 quatenus
1178 3163 1216 3228 ob
1238 3185 1326 3230 reue-

121 3271 257 3335 renciam
289 3267 371 3330 sedis
402 3269 567 3350 apostolice
594 3268 730 3351 predicte
757 3268 983 3353 Herbipolensis
1010 3270 1141 3334 ecclesie
1169 3273 1330 3357 capitulum

122 3387 214 3463 atque
237 3381 349 3441 fratres
370 3377 482 3440 curetis
505 3377 660 3451 inducere,
677 3383 710 3442 ut
724 3378 894 3462 predictum
909 3376 1097 3460 magistrum,
1114 3380 1210 3446 uirum
1226 3382 1330 3467 utique

73 3546 76 3550 Δ
123 3489 274 3571 ydoneum
290 3490 380 3569 atque
397 3484 529 3556 doctum,
545 3485 577 3549 in
589 3486 766 3551 canonicum
777 3486 926 3569 recipiant
937 3490 1028 3570 atque
1044 3487 1178 3563 fratrem,
1192 3490 1217 3554 si
1229 3497 1330 3556 tamen

127 3595 306 3661 canonicum
328 3592 407 3657 aliud
429 3613 490 3657 non
512 3593 649 3659 obsistat.
667 3596 724 3659 Pro
747 3614 806 3679 quo
829 3602 860 3660 et
874 3596 906 3659 in
923 3615 981 3679 quo
999 3595 1104 3659 eadem
1121 3599 1441 3674 ecclesianonp,1.1a,

127 3707 222 3770 solum
254 3701 383 3786 predicti
417 3702 527 3766 domini
559 3704 717 3785 apostolici
754 3706 809 3768 sed
845 3705 934 3769 etiam
966 3709 1099 3768 nostram
1137 3713 1168 3773 et
1199 3709 1329 3774 omnium

126 3817 253 3879 fratrum
272 3811 312 3898 ο)
328 3815 498 3875 nostrorum
521 3812 716 3878 cardinalium
740 3814 798 3876 sibi
822 3812 956 3896 graciam
973 3813 1172 3881 cumulabunt.
1207 3818 1240 3883 si
1256 3840 1328 3885 vero

126 3912 282 3987 renuerint
295 3920 337 4007 p)
352 3940 407 4002 per
422 3940 582 3985 censuram
598 3923 838 3987 ecclesiasticam
855 3921 1049 4005 compellatis.

218 4084 253 4153 a)
267 4083 390 4153 quoniam
407 4082 477 4135 fehlt
495 4083 524 4137 V.
539 4113 571 4122 -
587 4083 618 4155 b)
639 4087 820 4154 contemptum
838 4085 868 4139 V.
883 4114 914 4126 -
932 4086 962 4155 c)
981 4084 1098 4141 officium
1116 4085 1146 4140 V.
1166 4087 1202 4158 cl)
1222 4086 1324 4161 iniung.

134 4176 242 4230 febltZ.
256 4205 292 4215 —
311 4176 342 4246 e)
364 4174 487 4229 districte
506 4175 533 4228 Z.
547 4205 583 4214 -
595 4174 627 4247 f)
649 4177 733 4230 c'vem
751 4179 778 4230 Z.
800 4205 827 4216 -
841 4178 876 4247 p)
896 4177 1009 4247 singulis
1028 4177 1122 4231 diebus
1141 4179 1281 4235 dominicis
1301 4184 1330 4236 ot

131 4265 233 4321 festivis
240 4264 417 4336 bath-t)
425 4268 511 4320 etcz.
522 4266 587 4337 -r')
602 4284 633 4320 er
642 4267 783 4321 habundati
791 4269 818 4322 Z.
830 4268 899 4336 -le)
914 4269 1017 4340 ceperit
1028 4269 1135 4323 fehltV.
1149 4271 1176 4340 1)
1192 4276 1284 4326 nostro
1299 4274 1326 4325 Z·

133 4387 165 4397 -
183 4357 226 4427 m)
248 4357 353 4412 domiuo
374 4357 442 4411 fehlt
461 4359 489 4411 Z.
512 4388 547 4398 -
565 4359 599 4429 o)
620 4357 668 4413 Cb.
686 4360 714 4414 Z.
729 4389 764 4400 -
776 4361 809 4429 o)
823 4360 987 4415 confratrum
999 4363 1027 4417 Z.
1043 4392 1076 4401 -
1089 4361 1128 4433 p)
1147 4363 1328 4436 appellatione

134 4452 232 4504 remota
246 4448 280 4503 ad
293 4449 346 4503 hoc
359 4464 405 4503 eos
419 4465 620 4519 percensuram
635 4450 847 4506 ecclesiasticam
861 4452 1029 4522 compellant.
1044 4455 1104 4509 ort.
1118 4456 1146 4510 Z.
