3209 5392
289 489 340 565 88

377 670 454 733 ἰάθη
479 670 523 734 αά
543 672 632 736 idem
666 672 784 753 Sponsa
808 672 930 743 celesti,
957 670 1007 754 qul
1028 669 1109 734 sicut
1130 669 1157 732 ei
1178 668 1290 751 placuit
1316 668 1463 750 dignantor

286 776 388 840 inclite
405 796 515 859 sponse
531 798 586 841 sue
602 780 768 843 custodiam
783 786 886 846 nostre
901 778 1059 842 humilitati
1082 777 1241 849 comnisit,
1257 778 1289 841 in
1305 797 1340 840 eu
1356 796 1464 861 sempor
1578 849 1579 860 χ

287 886 409 967 plaeere
428 885 597 968 querimus,
624 888 703 970 quod
726 887 888 952 cuiuslibet
911 887 1042 951 ecclesie
1059 891 1169 951 stotunn
1185 884 1350 967 indigentis
1370 890 1462 948 nostro

285 993 465 1075 provisionis
489 994 624 1060 subsidio
651 996 690 1060 ad
712 998 854 1062 decorem
875 996 1014 1061 salutaris
1042 995 1207 1061 existeneie
1236 995 1412 1076 dirigamus,
1436 1001 1462 1056 et
1578 1047 1579 1064 r

285 1104 427 1186 precipue
445 1102 573 1168 nobilem
590 1111 620 1168 et
635 1106 782 1170 famosam
796 1107 834 1169 N.
852 1106 1013 1170 ecelesiam
1035 1104 1093 1169 sub
1114 1103 1308 1186 dispendiose
1323 1103 1465 1168 viduitatis
1578 1173 1579 1176 ,

285 1212 390 1294 bobitu
406 1213 610 1286 constitutum,
627 1233 717 1298 quum
732 1214 822 1278 sedes
838 1215 1005 1297 apostoliea
1025 1215 1143 1278 intorno
1159 1211 1328 1276 effectionis
1343 1210 1466 1275 bracbiis

285 1322 565 1403 complectionem
588 1322 722 1387 studioso
744 1323 826 1388 cultu
847 1323 939 1410 divini
961 1322 1089 1388 nominis
1111 1327 1142 1385 et
1157 1320 1334 1386 devocionis
1348 1319 1467 1402 plenior·

286 1425 399 1492 dine
372 1449 456 1492 circo
470 1430 635 1493 &mrum
648 1431 807 1495 ecclesium
823 1403 973 1513 specialis.
1578 1479 1579 1486 ,

375 1538 456 1603 Item
469 1538 513 1603 ud
526 1537 620 1602 ἰάθη.
652 1539 825 1622 Apostolieo
841 1539 996 1622 ‹bgrimtis
1013 1538 1152 1621 deposcit
1165 1536 1310 1610 officium,
1333 1483 1369 1603 ot
1382 1536 1468 1602 desti·

285 1650 365 1708 tutas
385 1646 568 1729 prolatnnnn
594 1647 775 1735 presidioo)
798 1648 946 1714 ecelesias
968 1647 1061 1730 digne
1081 1646 1262 1729 provisionis
1288 1645 1470 1712 consolemur
1578 1639 1579 1714 Ϊ

283 1752 442 1826 obernum
467 1755 509 1818 ita
531 1755 673 1839 quodibi
693 1757 759 1822 Deo
785 1758 922 1840 propicio
949 1758 1047 1824 cultus
1068 1756 1161 1821 divini
1176 1754 1307 1821 nominis
1323 1754 1423 1836 vigeat
1444 1757 1470 1818 rt
1499 1765 1503 1777 ·
1578 1769 1579 1806 ³

284 1869 450 1945 oorrsurgat
462 1864 649 1946 prosperitas
665 1865 895 1949 quibuscunque
912 1864 1102 1930 cossanb'bus
1119 1864 1319 1932 detrimentis.
1578 1881 1579 1960 j

376 1972 605 2058 irremisso
619 1973 792 2040 continuata
806 1975 1013 2042 seuoontinua
1028 1972 1310 2054 superveniencium
1335 1970 1471 2051 negocio
1578 1969 1579 1976 ’

283 2101 350 2144 rum
376 2082 537 2145 diversitos
558 2087 693 2147 noenum
714 2081 861 2154 nmmum,
890 2082 941 2165 qui
964 2082 1142 2163 disponente
1161 2078 1292 2146 Domino
1319 2076 1472 2146 universali
1578 2081 1579 2150 l

283 2191 423 2272 regimini
445 2192 580 2274 qnnmus
607 2190 738 2256 inmeriti
759 2190 947 2273 presidemus
973 2188 1131 2256 insultibus
1159 2188 1274 2270 inpetnt
1301 2186 1472 2256 sucossivis

284 2299 456 2364 sollicitudo
464 2306 565 2363 manen
578 2297 708 2364 omnium
719 2299 915 2364 ccclesitrum
929 2300 1039 2364 nostris
1053 2298 1230 2364 incumbens
1248 2297 1388 2363 humeris
1397 2301 1473 2362 bno

284 2428 339 2471 nos
356 2408 519 2472 cottidiana
536 2407 736 2472 meditaoione
751 2415 906 2490 perurget,
921 2415 1032 2492 querito
1045 2427 1147 2475 sumus
1159 2407 1199 2474 ed
1210 2406 1376 2489 specialius
1390 2406 1473 2476 immo

283 2516 479 2600 principalius
495 2516 629 2597 obligati.

373 2623 507 2711 lomb).
540 2622 681 2688 Debitum
703 2623 795 2688 oflicii
817 2626 912 2687 nostri
928 2624 1069 2706 requirit,
1097 2629 1129 2687 ut
1149 2624 1229 2689 inter
1251 2621 1469 2706 secessiones

281 2732 612 2816 alias,quibusassidue
627 2733 799 2814 premimur,
816 2732 1033 2820 specialitere)
1050 2732 1133 2799 circa
1145 2732 1291 2799 ecclesias
1304 2730 1471 2800 sollerciam

282 2841 469 2913 exhibentes,
485 2842 616 2923 ipsarum
632 2841 808 2906 ubbmtibus
824 2840 1013 2907 intendamus
1029 2841 1060 2906 in
1076 2861 1112 2908 oo
1128 2842 1265 2913 mammo,
1288 2847 1323 2907 ut
1339 2841 1396 2913 eis,
1417 2853 1470 2921 que
1578 2899 1579 2904 ,

281 2950 437 3016 viduitatis
447 2950 636 3033 dispendium
647 2950 815 3033 paciuntur,
832 2949 1017 3035 celeriterd)
1030 2956 1133 3016 nostre
1145 2948 1309 3031 diligencie
1320 2948 1421 3014 studio
1436 2946 1470 3012 de

281 3059 384 3123 tolium
406 3060 599 3142 provideatur
612 3058 831 3125 substitucione
854 3064 1025 3140 pastorum,
1052 3079 1106 3144 per
1128 3079 1203 3141 quos
1228 3058 1426 3140 spiritualiter
1443 3061 1470 3120 ot
1578 3135 1579 3148 ἵ

282 3169 504 3251 temporaliter,
525 3163 648 3231 auctore
664 3167 804 3238 Domino,
827 3167 998 3234 eononnun
1014 3166 1231 3252 suscipiente)
1248 3168 1469 3232 ineremeneun
1578 3151 1579 3174 ³

372 3278 460 3342 Item.
489 3277 658 3340 Animarum
673 3275 756 3338 lucro
773 3274 820 3376 nil
831 3275 931 3338 carius
947 3282 1133 3358 reputantes,
1149 3297 1185 3339 ea
1201 3277 1331 3340 libenter
1346 3274 1471 3339 assumi·
1578 3303 1579 3354 p

282 3403 347 3472 mus
364 3385 514 3457 faciende,
530 3404 659 3470 perque
675 3383 749 3467 ipsis
766 3383 872 3449 salutis
894 3383 1020 3469 gloriam
1042 3386 1088 3447 vel
1110 3385 1244 3471 graciam
1264 3403 1468 3468 procuramus.

283 3493 370 3575 Quod
387 3499 458 3556 tunc
475 3493 565 3575 digne
580 3492 623 3565 fit,
646 3493 672 3555 si
690 3492 851 3556 eorundem
866 3491 1004 3574 regimini
1025 3512 1171 3578 personas
1193 3494 1269 3557 tales
1291 3493 1471 3577 preficimus,

283 3600 412 3686 quotide
427 3602 574 3684 preclare,
594 3601 759 3665 devocione
771 3601 890 3663 sincere
904 3620 940 3663 ec
952 3600 1071 3664 litterali
1085 3600 1218 3665 sciencie
1230 3601 1349 3686 predite
1366 3620 1471 3685 greges

283 3711 342 3774 sibi
355 3710 491 3774 subditos
507 3710 538 3773 in
553 3710 631 3772 viam
648 3709 751 3772 salutis
767 3710 886 3791 possint
901 3709 1032 3791 dirigere
1048 3709 1140 3772 verbo
1156 3710 1269 3791 pariter
1282 3717 1311 3775 et
1329 3709 1469 3793 exemplo.
1578 3789 1579 3806 ἵ

373 3822 452 3890 item
469 3820 517 3905 l).
548 3820 603 3888 Pin
625 3820 706 3886 sedis
728 3820 896 3904 apostolice
917 3840 1036 3903 semper
1057 3821 1096 3886 sd
1116 3821 1175 3887 boc
1195 3821 1310 3903 aspirat
1330 3820 1471 3890 intencio,

283 3938 316 4000 ut
331 3931 454 4014 ubique,
470 3930 523 3996 sed
539 3929 682 4013 precipue
694 3929 724 3996 in
736 3929 812 3994 locis
825 3929 924 3994 divino
941 3929 1033 3994 cultui
1048 3929 1239 4011 mancipetis,
1253 3929 1403 3998 habeatur
1416 3929 1471 3996 vite
1578 3931 1579 4012 ff

94 4022 97 4026 ’
197 4081 200 4086 -
282 4040 440 4108 laudabilis
457 4038 597 4110 sordium,
613 4057 668 4120 per
684 4038 763 4124 quod
779 4037 818 4102 nd
833 4038 890 4104 Dei
906 4037 1033 4130 gloriam
1049 4058 1136 4104 sacra
1157 4038 1264 4121 religio
1279 4039 1386 4123 vigere
1401 4037 1472 4106 inci
1578 4119 1579 4128 ἵ

283 4151 346 4233 piat
362 4154 392 4214 et
409 4148 490 4214 salus
505 4145 848 4233 proveniatxanimarunr.

287 4333 291 4338 f
345 4281 349 4290 ⁴
374 4259 453 4327 lteon
470 4255 530 4358 ό).Ι
552 4255 667 4322 Virtute
683 4255 865 4339 conspicuos
880 4256 1197 4341 sseridystereiensis
1220 4256 1334 4324 ordinis
1355 4256 1471 4341 protes

285 4388 388 4440 sores,
416 4366 466 4449 qui
490 4363 741 4447 contemplacioni
764 4364 920 4428 celestium
941 4367 1094 4432 ferventer
1114 4365 1271 4449 invigilent
1291 4371 1323 4436 et
1342 4366 1392 4449 pie
1413 4364 1470 4430 vito

286 4476 384 4540 studio
416 4475 496 4538 omni
526 4478 659 4554 tempore
691 4479 884 4545 exercentur,
913 4474 1001 4538 decet
1026 4494 1082 4557 per
1103 4474 1267 4557 apostolice
1294 4472 1470 4560 provisionis
1578 4513 1579 4518 κ

377 4619 410 4688 o)
424 4618 693 4685 Marginuleorrectur
711 4616 755 4671 liin·
772 4618 915 4688 predonum
927 4618 1138 4687 TexteV.—b)
1151 4618 1189 4673 dd
1204 4619 1272 4672 idem
1286 4619 1313 4673 Z.
1330 4617 1471 4687 -c)spc·

287 4711 393 4767 cialiter
407 4727 447 4763 om
461 4706 593 4761 RandeV.
611 4708 690 4775 -ά)
705 4708 934 4762 sceleriteer-
949 4709 982 4777 e)
995 4708 1167 4779 suscrpntV
