3209 5392
1253 568 1296 639 71

128 745 257 809 bullatam
272 765 331 808 non
348 744 497 817 abolitam,
514 766 572 809 non
589 746 736 818 abessam,
754 767 810 809 nee
827 768 862 808 ex
879 746 977 830 aliqua
994 747 1039 809 sui
1056 752 1141 829 parte
1155 746 1303 822 viciatam,

127 854 175 916 sed
196 852 280 935 plene
308 859 339 915 et
365 852 492 917 fideliter
518 853 719 916 continentem
747 854 783 916 de
811 855 902 917 verbo
924 854 962 916 ad
985 854 1108 918 verbum
1132 854 1304 938 omniaque

117 960 241 1036 inferius
272 968 341 1026 sunt
369 980 518 1044 expressa.

206 1070 371 1133 Alexander
401 1069 559 1152 episeopus
591 1090 695 1133 sersus
733 1090 886 1133 servorum
913 1071 968 1133 Dei
1001 1071 1098 1133 omnia
1136 1089 1231 1153 usque
1265 1069 1420 1132 adsum...

124 1176 219 1248 inem,
246 1183 278 1240 et
305 1184 376 1241 tune
398 1185 466 1261 post
488 1184 581 1243 totam
602 1178 954 1260 literam'subiungetur:
978 1180 1010 1241 ln
1038 1180 1122 1241 euius
1149 1179 1193 1240 rei
1216 1178 1305 1241 testi-

124 1285 244 1348 monium
272 1288 406 1369 presenti
433 1287 546 1369 scripto
575 1287 673 1369 sigilla
694 1294 796 1351 nostra
819 1288 1010 1370 apposuimus
1037 1306 1114 1350 anno
1144 1292 1176 1348 et
1202 1307 1305 1349 mense

125 1393 252 1475 superius
275 1395 388 1458 notatis
405 1395 452 1479 a).
487 1395 520 1460 si
543 1401 642 1459 autem
662 1396 749 1459 litera
772 1396 960 1477 imperatoris
983 1396 1029 1458 rel
1045 1395 1127 1477 regis
1143 1394 1306 1457 transscri-

123 1500 212 1565 lenda
229 1508 290 1573 est,
308 1509 427 1585 oportet
443 1504 522 1587 quod
539 1503 688 1567 scribatur
703 1503 759 1566 sub
775 1503 882 1584 sigillis
899 1504 1107 1586 episcoporum
1122 1502 1169 1566 vel
1185 1504 1304 1574 dueum,

124 1611 322 1675 marchionum
337 1612 384 1675 rel
401 1613 552 1684 uomitum,
576 1613 644 1696 quia
663 1611 702 1696 l)
722 1613 913 1676 inferioribus
929 1613 1066 1694 personis
1084 1613 1131 1675 vix
1147 1610 1306 1675 adhibetur

123 1719 187 1785 ides
199 1729 232 1785 ut
244 1723 369 1804 prelatis
383 1722 597 1819 eoeles'pqstieis
610 1724 657 1786 vel
670 1722 922 1786 ministerialibus.
940 1723 1021 1785 Talis
1035 1740 1107 1804 ergo
1121 1721 1178 1784 erit
1193 1722 1303 1783 forma:

201 1832 264 1895 Nos
281 1832 423 1896 Albertus
435 1810 613 1914 Dei'graeia
630 1833 687 1896 dux
694 1833 866 1903 Austrie‚H.
884 1831 1016 1895 marehiu
1033 1833 1305 1917 latissimorum

122 1941 220 2023 l'prole
252 1947 357 2004 notum
390 1961 457 2004 esse
485 1942 619 2005 volumus
646 1942 687 2028 d)
715 1942 863 2005 universis
891 1947 1048 2024 presentes
1075 1941 1176 2005 literas
1195 1941 1231 2025 e)
1259 1939 1305 2002 in-

123 2049 278 2131 spectum,
310 2049 390 2133 quod
417 2071 493 2113 anno
521 2050 675 2114 millesimo
708 2058 766 2113 ete.
799 2066 902 2113 mense
934 2050 985 2113 tali
1022 2069 1098 2112 anno
1130 2051 1189 2113 lV⁰
1218 2048 1304 2129 regni

124 2157 222 2220 domini
238 2159 290 2221 Fr.
316 2159 441 2222 seeundi
458 2158 497 2244 f)
518 2159 702 2223 serenissimi
723 2159 912 2241 imperatoris
933 2159 1055 2222 Romani
1071 2159 1111 2243 9)
1135 2166 1164 2221 et
1187 2176 1305 2238 semper

121 2266 228 2347 augusti
244 2267 387 2338 vidimus,
401 2267 549 2331 tenuimus
567 2273 598 2330 et
614 2268 774 2349 diligenter
789 2267 970 2349 inspeximus
986 2268 1100 2330 literam
1117 2265 1304 2348 imperatoris

122 2374 220 2438 domiui
247 2376 398 2439 Frideriei
414 2373 453 2462 l]
470 2376 654 2439 serenissimi
682 2376 769 2458 primi
797 2396 888 2438 aurea
914 2376 993 2438 bulla
1020 2378 1167 2456 signatam
1185 2374 1228 2459 ἰ),
1245 2394 1304 2436 non

120 2481 249 2547 abolitam
278 2503 337 2546 nee
364 2483 502 2547 abrasum
525 2488 556 2546 et
577 2484 607 2546 in
628 2484 707 2546 nulla
734 2485 781 2546 sui
803 2490 888 2566 parte
911 2484 1065 2555 violatam,
1090 2484 1144 2546 sed
1167 2484 1253 2565 plene
1271 2487 1302 2544 et

120 2589 237 2656 fideliter
253 2592 460 2656 continentem
476 2593 514 2656 de
530 2592 622 2655 verbo
639 2590 816 2656 adverbum
833 2590 929 2655 omnia
946 2612 1003 2675 que
1027 2584 1151 2655 inferius
1168 2598 1236 2655 sunt
1253 2613 1304 2656 ex-

120 2719 221 2781 pressa.
253 2702 428 2765 Friderieus
445 2700 484 2784 l)
505 2701 562 2765 Dei
585 2700 688 2783 graeia
715 2703 912 2764 Romanorum
939 2701 1100 2782 imperator
1128 2707 1159 2764 et
1186 2721 1304 2784 semper

121 2816 266 2892 augustus
286 2810 399 2893 Syeilie
417 2816 447 2873 el
461 2810 628 2874 Jerusalem
643 2832 696 2873 rex
713 2816 770 2873 ete.
794 2831 890 2894 usque
907 2810 945 2873 ad
961 2808 1048 2873 finem
1070 2809 1157 2872 litere
1181 2816 1211 2873 ei
1233 2816 1303 2873 tune

120 2918 329 3003 subiungetur:
345 2918 386 2984 'ln
402 2918 487 2983 euius
503 2921 547 2983 rei
564 2919 767 2983 testimonium
782 2924 816 2982 ut
831 2938 920 3001 supra
932 2918 972 3005 l).

198 3029 371 3093 Notandum
388 3028 488 3101 etiam,
507 3028 586 3111 quod
609 3028 786 3112 quandoque
809 3048 884 3090 unus
902 3027 974 3090 ordo
996 3032 1077 3089 totus
1100 3026 1197 3099 simul,
1223 3027 1301 3090 sieut

121 3144 213 3201 noster
242 3138 387 3201 videlieet
410 3136 639 3219 cysterciensis,
667 3157 725 3199 uno
748 3136 861 3217 gaudet
881 3135 1037 3218 privilegio
1059 3136 1242 3216 generaliter
1265 3136 1302 3199 de

120 3244 208 3330 aliquo
231 3265 312 3329 papa
334 3245 382 3308 vel
403 3240 584 3327 imperatore
607 3265 698 3327 super
721 3244 821 3329 aliqua
842 3244 946 3326 grauia
968 3242 1014 3307 vel
1037 3243 1195 3315 libertate,
1223 3250 1254 3306 et
1276 3244 1302 3306 si

21 3338 25 3355 ⁸
119 3352 182 3417 illud
203 3354 394 3437 privilegium
420 3354 548 3417 domus
566 3359 699 3416 nostra
717 3353 1301 3437 seilicetPaungartenpergm)

118 3481 168 3525 non
179 3461 309 3525 haberet
322 3461 378 3524 sed
394 3462 496 3524 forsan
512 3460 624 3523 habere
641 3461 740 3534 vellet,
756 3481 913 3543 possemus
929 3460 961 3522 id
978 3461 1015 3522 de
1032 3459 1089 3523 alia
1107 3460 1193 3522 domo
1207 3460 1301 3523 nostri

121 3566 223 3633 ordinis
236 3570 379 3653 aeeipere
393 3590 450 3654 que
462 3570 534 3632 illud
546 3568 672 3633 haberet
679 3587 696 3622 a
692 3573 718 3653 )
736 3575 765 3632 et
778 3575 945 3633 monstrare
957 3569 1029 3632 illud
1038 3569 1075 3653 ο]
1087 3568 1157 3632 viris
1174 3569 1301 3650 magnis,

20 3748 22 3757 Ι
120 3676 189 3744 siout
201 3676 320 3743 duobus
344 3679 390 3741 vel
406 3678 501 3742 tribus
526 3678 687 3761 episeopis,
705 3684 736 3741 et
757 3699 825 3740 eum
847 3677 904 3760 ipsi
920 3678 977 3741 hoe
1000 3677 1146 3740 vidissent
1162 3684 1193 3740 et
1208 3678 1303 3758 legis-

123 3792 192 3859 sent,
215 3794 287 3852 tune
314 3808 368 3851 nos
387 3786 672 3851 transscriberemus
689 3787 785 3869 ipsum
806 3786 994 3869 privilegium
1012 3786 1049 3849 de
1069 3786 1160 3849 verbo
1177 3786 1215 3847 ad
1232 3806 1300 3849 ver-

120 3892 182 3957 lum
191 3895 231 3980 p)
247 3895 304 3959 sub
317 3898 412 3959 forma
423 3896 570 3978 predicta,
588 3902 618 3959 et
630 3896 686 3978 ipsi
700 3895 833 3978 episcopi
846 3900 1030 3978 apponerent
1042 3894 1138 3976 sigilla
1151 3895 1187 3957 ad
1201 3901 1301 3957 trans-

121 4004 255 4087 seriptum
273 4006 332 4068 tale
350 4011 380 4067 et
396 4002 467 4067 illud
482 4004 623 4068 vellemus
639 4004 752 4067 habere
767 4005 834 4068 loeo
850 4003 1008 4087 privilegii.
1041 4003 1103 4067 lloe
1121 4004 1209 4066 etiam
1225 4004 1301 4067 solet

120 4108 188 4185 lieri,
211 4115 329 4199 quando
345 4110 503 4196 privilegia
520 4115 556 4199 q)
580 4114 669 4177 nimia
689 4118 839 4176 vetustate
857 4114 1032 4196 depereunt,
1053 4120 1123 4176 tune
1140 4114 1302 4176 transscri-

120 4218 222 4286 buntur
237 4224 294 4287 sub
310 4224 416 4305 sigillis
432 4224 648 4288 autenticorum
665 4224 794 4286 virorum
810 4223 866 4285 sub
890 4225 985 4287 forma
999 4224 1144 4306 predicta.

191 4331 224 4398 a)
244 4330 382 4386 nominatis
392 4332 420 4384 Z.
443 4360 470 4371 -
492 4324 525 4400 l)
544 4333 572 4385 et
591 4331 632 4384 fiir
651 4331 710 4400 quin
720 4332 750 4386 V.
773 4361 801 4371 -
823 4332 855 4400 e)
876 4332 918 4384 dl.
935 4330 985 4384 dux
997 4332 1087 4385 Austr.
1107 4331 1257 4387 llnrarehio
1277 4333 1298 4387 C

122 4433 204 4474 eomes
215 4420 247 4476 V.
270 4452 298 4463 -
320 4422 356 4492 d)
371 4423 480 4476 facimus
494 4422 523 4477 V.
546 4454 576 4464 -
598 4423 629 4493 e)
643 4424 660 4476 l.
673 4423 739 4476 fehlt
751 4422 779 4475 z.
800 4421 878 4493 -f)
893 4422 1021 4476 dominil*
1040 4423 1164 4479 sereniss.
1175 4423 1205 4477 V.
1219 4455 1247 4463 -
1261 4426 1297 4495 p)

121 4507 187 4565 llom.
206 4513 273 4569 fehlt
284 4514 314 4569 V.
334 4545 370 4554 -
387 4512 421 4581 d)
442 4514 470 4567 F.
490 4513 521 4568 V.
543 4540 571 4553 ·-
593 4512 621 4581 i)
641 4512 782 4580 sigillatam
800 4513 830 4567 V.
852 4543 880 4552 —
896 4513 929 4582 lc)
945 4513 972 4566 V.
986 4515 1016 4567 V.
1038 4513 1115 4583 al)
1129 4513 1299 4583 positumest

122 4600 146 4652 Ζ.
165 4632 195 4642 -—
213 4606 254 4675 m)
274 4605 534 4677 Poumgartinperig.
553 4606 579 4659 Ζ.
597 4636 630 4646 -
643 4608 679 4675 u)
700 4608 751 4659 Fur
765 4604 814 4659 sed
833 4606 874 4658 bis
895 4607 1002 4659 haberet
1020 4606 1064 4659 hat
1077 4606 1108 4660 V.
1127 4607 1199 4660 blus:
1219 4607 1245 4659 id
1265 4607 1298 4660 de

123 4692 168 4746 alia
186 4693 260 4750 domo
278 4697 362 4751 nostri
382 4698 484 4751 ordinis
503 4697 647 4767 acciperet.
668 4727 702 4736 -
721 4699 752 4764 o)
774 4695 838 4750 illud
858 4696 926 4750 fehlt
945 4696 971 4749 Z.
990 4726 1017 4736 -
1037 4695 1073 4766 p)
1102 4695 1135 4750 de
1155 4700 1235 4751 verbo
1261 4700 1295 4752 ad

122 4786 186 4839 rerb.
198 4787 264 4843 fehlt
274 4791 303 4845 V.
320 4821 350 4830 -
362 4791 396 4861 q)
410 4789 576 4861 privilegium
589 4789 618 4843 V.
729 4810 734 4817 ·
