3209 5392
711 695 746 767 3.

540 840 616 919 Papa
631 838 823 901 homanorum
840 840 910 918 regl.

569 977 649 1031 1274.
663 978 821 1047 September
834 975 877 1029 26.

130 1090 234 1162 (ἔνεμον
248 1091 281 1143 X.
295 1089 407 1144 crlceant
418 1088 523 1159 liudolf
537 1089 580 1141 ala
598 1085 748 1142 rdmioeheo
760 1086 848 1156 Kdna‘q
865 1103 899 1138 aa
917 1086 974 1138 und
988 1085 1096 1157 fordert
1112 1085 1159 1142 iba
1172 1085 1237 1158 auf,
1255 1086 1315 1141 ciclo

457 1197 506 1232 aar
518 1178 740 1248 Koaserlcrdnunp
753 1177 837 1230 bera't
848 1194 880 1229 zu
891 1175 988 1230 holten.

219 1307 338 1362 Gerbert
352 1305 375 1365 l,
388 1305 432 1358 27.
446 1305 617 1374 Rodmannp.
631 1304 675 1356 25.
689 1304 820 1358 Boebmer
833 1302 898 1373 Reg.
912 1303 995 1372 Greg.
1009 1303 1039 1354 ll.
1052 1320 1093 1356 no.
1107 1301 1169 1355 210.

216 1416 319 1480 Ardua
336 1415 385 1502 α),
402 1415 544 1497 precipue
561 1415 720 1497 propensis
749 1414 867 1495 digesta
896 1413 1040 1485 consiliis,
1069 1413 1181 1475 sentire
1209 1411 1316 1494 pocius

127 1523 294 1589 celeritatis
307 1523 405 1586 solent
422 1544 457 1585 ex
474 1522 639 1586 directione
658 1522 699 1606 a]
714 1522 932 1603 compendium,
950 1542 1037 1605 quam
1050 1522 1112 1602 pati
1129 1520 1318 1603 dispendium

126 1632 288 1697 tarditatis.
329 1630 380 1695 Sic
417 1631 508 1711 longa
543 1630 613 1693 helli
649 1630 829 1714 preparacio
862 1629 992 1692 celerem
1023 1630 1180 1692 consuevit
1211 1628 1318 1691 afferre

133 1741 307 1810 victoriam,
335 1739 380 1800 sic
408 1738 568 1801 festinatur
593 1738 652 1801 iter
679 1738 864 1810 instancius,
893 1737 961 1800 dum
990 1737 1117 1802 sollicite
1132 1742 1319 1819 preparatur.

134 1851 199 1914 llec
222 1867 278 1911 nos
296 1846 503 1909 consideracio
520 1846 550 1908 in
563 1845 601 1932 b]
616 1843 778 1928 imperialis
794 1846 1013 1928 prosecucione
1029 1846 1148 1927 negocii
1166 1845 1321 1928 hucusque

134 1957 281 2026 detinuit,
317 1954 375 2017 hec
406 1954 437 2016 in
468 1954 510 2016 tui
548 1954 780 2017 consumacione
812 1954 926 2034 fastigii
957 1954 1048 2016 multa
1079 1954 1122 2016 uti
1151 1954 1322 2017 maturitate

130 2063 366 2149 perswasit,hec
379 2045 478 2126 varias
491 2061 555 2125 vias
570 2062 725 2144 suggessit
738 2082 875 2146 querere,
893 2061 1012 2125 diversa
1027 2062 1161 2124 remedia
1174 2062 1320 2143 cogitare,

134 2182 162 2238 ut
178 2174 248 2236 Deo
271 2171 394 2252 auspice
410 2175 493 2233 tanto
510 2171 548 2233 ad
563 2171 613 2233 illa
629 2187 686 2253 que
703 2170 816 2232 instant
832 2169 1015 2232 deducamur
1031 2170 1183 2242 securius,
1211 2173 1320 2254 quanto

135 2279 315 2345 accuracius
330 2298 534 2360 preparemus.
557 2278 644 2341 Licet
664 2279 765 2362 itaque
788 2299 847 2341 non
864 2278 928 2340 sine
946 2297 1037 2341 causa
1054 2276 1252 2341 distulerimus
1267 2276 1322 2340 libi

130 2393 281 2454 hactenus
301 2388 340 2475 a)
357 2388 472 2468 regiam
494 2388 771 2450 denominacionem
786 2387 958 2459 ascribere,
982 2387 1207 2450 cumfratribus
1223 2395 1324 2451 tamen

132 2499 247 2563 nostris
264 2517 359 2578 nuper
397 2481 617 2559 deliberacione
654 2496 823 2578 prehabito,
855 2501 885 2558 te
916 2516 1020 2576 regem
1056 2493 1254 2559 Romanorum
1287 2495 1324 2558 de

131 2609 269 2692 ipsorum
288 2603 411 2668 consilio
429 2605 624 2667 nominamus.
643 2604 756 2667 Causas
773 2610 872 2666 autem
889 2603 1017 2666 salubris
1035 2604 1208 2676 dilacionls,
1236 2603 1324 2667 immo

132 2717 242 2801 pocius
259 2713 378 2795 sagacis
401 2712 635 2776 acceleracionis
651 2712 831 2784 huiusmodi,
848 2713 886 2774 ad
902 2713 1001 2775 tocius
1018 2712 1099 2776 orbis
1123 2721 1154 2776 et
1177 2713 1215 2777 ad
1231 2714 1325 2795 ipsius

134 2826 264 2889 maxime
288 2824 443 2905 profutura
459 2841 565 2903 pacem
581 2821 623 2908 d]
639 2821 766 2904 imperii,
783 2828 815 2884 ut
832 2840 998 2906 speramus,
1015 2821 1116 2885 dilecti
1132 2824 1167 2884 H.
1186 2828 1216 2884 et
1234 2823 1265 2886 S.
1284 2822 1324 2909 β)

131 2941 184 2998 tue
208 2931 396 2995 celsitudinis
418 2931 535 3003 nuncii,
559 2951 619 2994 non
642 2931 737 2992 solum
768 2930 806 2992 ad
834 2930 970 2993 veritatis
998 2932 1239 3012 expressionem,
1269 2933 1325 2994 sed

134 3050 164 3108 et
193 3042 233 3106 ad
265 3040 304 3126 γ)
336 3039 580 3103 sollicitacionem
612 3039 762 3121 aperient,
803 3040 886 3101 utin
925 3039 968 3100 eis
1008 3040 1141 3103 doctrine
1174 3040 1326 3122 speculum

134 3150 312 3235 exemplaris
340 3149 504 3231 inspiciens
522 3149 581 3237 e),
609 3154 640 3212 et
661 3149 799 3212 salutaris
828 3148 1052 3212 consuetudinis
1080 3150 1325 3213 informacionem

135 3262 311 3345 accipiens,
339 3258 502 3342 prudenter
524 3263 646 3339 satagas
662 3258 693 3321 in
715 3257 831 3320 cunctis
854 3257 913 3320 tuis
935 3260 1128 3340 processibus
1150 3260 1245 3323 uitare
1262 3258 1325 3321 dis·
1335 3292 1409 3333 m
1418 3290 1439 3329 1,

132 3371 266 3442 cardias,
282 3370 347 3432 rias
362 3374 430 3432 tuas
446 3369 547 3431 facere
563 3389 617 3451 pro
633 3388 725 3450 posse
737 3366 881 3449 pacificas
898 3374 928 3431 et
944 3369 1077 3442 semitas,
1095 3389 1169 3452 quas
1184 3370 1324 3452 princeps

132 3481 239 3564 pacis,
266 3497 319 3541 rex
345 3497 452 3559 regum
479 3482 510 3540 et
538 3478 751 3541 dominantium
779 3477 923 3540 Dominus
953 3478 1064 3552 docuit,
1094 3485 1234 3562 quantum
1261 3481 1326 3562 ipse

131 3589 188 3653 tibi
204 3586 363 3651 donaverit
379 3593 409 3649 et
426 3586 629 3657 concesserit,
658 3606 712 3668 pro
731 3585 844 3648 viribus
862 3586 1023 3649 ambulare.
1042 3628 1087 3636 -
1103 3589 1244 3652 Ceterum
1260 3608 1328 3651 cum

134 3697 280 3761 inchoata
310 3695 439 3758 feliciter
477 3694 514 3757 ab
547 3694 681 3757 eiusdem
720 3694 836 3775 imperii
865 3695 1003 3759 ,culmine
1039 3702 1089 3759 tue
1126 3698 1329 3779 promocionis

136 3806 274 3889 auspicia
289 3825 348 3867 non
364 3803 589 3886 prosecucionis
604 3802 880 3886 procrastinacione
897 3804 1024 3878 differri,
1052 3806 1106 3869 sed
1121 3807 1230 3870 festina
1246 3808 1331 3871 dein-

136 3936 210 3999 ceps
227 3912 459 3978 consumacioue
482 3912 626 3993 compleri
641 3910 753 3974 utilitas
770 3912 929 3975 manifeste
956 3914 1106 3978 suadeat:
1136 3916 1329 3981 serenitatem

135 4030 217 4087 tuam
233 4023 387 4086 hortamur
402 4021 560 4093 attentius,
585 4026 730 4103 quatenus
749 4019 793 4082 sic
811 4026 841 4083 te
857 4041 1017 4103 prepares,
1046 4023 1091 4085 sic
1109 4024 1267 4106 disponas,
1297 4032 1329 4090 ut

138 4152 209 4195 cum
224 4136 256 4194 te
274 4130 313 4192 ad
329 4128 518 4202 unctionem,
536 4109 795 4192 consecrationem
813 4135 843 4193 et
859 4129 1021 4212 imperialis
1039 4131 1224 4214 dyadematis
1243 4154 1333 4198 coro-

138 4241 311 4304 nacionem
327 4237 365 4300 de
388 4237 499 4302 uostris
526 4238 717 4320 recipiendas
732 4236 770 4323 f)
787 4238 924 4301 manibus
953 4240 1121 4303 duxerimus
1139 4245 1333 4318 euocandum,

138 4351 178 4422 ad
192 4349 273 4433 quod
285 4347 453 4411 termimum
465 4346 495 4410 in
507 4347 652 4430 proximo,
664 4351 754 4429 prout
767 4347 888 4429 negocii
901 4350 1135 4413 circumstancie
1143 4355 1334 4435 persuadere

233 4475 266 4547 a)
281 4474 406 4529 dilatione
427 4491 460 4528 au
473 4475 555 4529 lesen.
569 4475 648 4560 jd)
662 4475 687 4527 in
701 4473 768 4527 fehlt
781 4474 803 4527 v
816 4475 869 4529 und
882 4477 910 4529 Z.
922 4478 991 4548 -c)
1010 4483 1116 4534 actenus
1129 4482 1157 4533 Z.
1172 4514 1202 4525 -
1219 4483 1253 4553 d)
1269 4501 1335 4555 pace

140 4569 172 4622 V.
188 4597 220 4609 -
237 4566 267 4636 e)
281 4565 451 4636 prospiciens
465 4567 494 4619 Z.
510 4596 540 4607 -
555 4566 586 4638 f)
600 4564 760 4635 recipiendis
773 4567 803 4621 V.

142 4687 464 4700 Ἣ

179 4750 202 4808 1)
221 4749 365 4808 Vergleiebe
380 4749 438 4793 iiber
449 4749 513 4794 diosa
527 4749 706 4796 Geeaadtscbolt
718 4753 796 4807 Repu,
809 4749 1007 4808 Eidgsobssiscbe
1019 4753 1096 4799 binde
1111 4755 1132 4808 1,
1145 4755 1183 4798 89.
