3209 5392
1218 541 1293 614 165

109 712 310 795 operacionem
330 715 447 774 rectum
472 709 616 774 enunciat
637 714 669 772 et
689 709 841 783 declarat,
868 710 909 774 de
930 725 989 794 qus
1004 707 1166 776 Dominust
1190 705 1296 776 'metat

108 822 223 884 heem
235 823 335 881 vesun
346 831 449 881 coram
460 816 682 889 homnibunur
693 817 817 881 rideant
830 833 920 899 opera
933 824 1034 882 vestm
1044 811 1124 882 hone
1140 816 1179 905 ¹).
1192 819 1294 883 llalres
1303 819 1382 861 ⁸⁰¹·³¹
1392 822 1414 861 ¹³·

109 924 390 1007 ugoiasmaragdo
403 923 485 1006 quod
501 923 656 995 credas,
669 924 700 986 in
716 923 847 1006 saphyro
863 924 1111 1006 quedsperes,
1126 926 1296 1008 ingrauare

109 1031 182 1115 quod
199 1031 368 1112 diligas,
388 1030 420 1093 in
434 1031 555 1112 topazio
569 1030 651 1112 quod
678 1045 880 1103 exerceas,
910 1036 1058 1113 quatemm
1073 1033 1242 1098 ascendens
1258 1033 1297 1095 de

108 1138 248 1202 virmtein
260 1134 780 1208 mutemusmnoeunooonm
792 1137 1296 1219 iusymetcrnerideremerearis.

191 1293 288 1350 Beluae
301 1293 321 1357 l,
345 1293 407 1349 111.
418 1293 540 1366 Raynald
562 1294 596 1350 ad
609 1313 634 1350 a.
658 1291 836 1360 1191112.
859 1297 905 1349 mit
926 1291 977 1350 der
1001 1283 1171 1350 llberschrift
1193 1289 1296 1349 illustri

113 1381 168 1454 regi
186 1384 300 1454 Angliae
314 1380 370 1437 und
388 1379 448 1437 dem
460 1381 557 1437 Datum
570 1385 668 1438 Romae
687 1397 730 1455 ap.
744 1381 773 1438 S.
787 1381 896 1438 Petrum
908 1381 1114 1438 1101111111.
1131 1414 1160 1424 -
1177 1379 1297 1437 Matiene

110 1472 252 1527 ottinsand
262 1471 333 1527 coll.
348 1474 378 1533 ll,
393 1471 462 1526 uus
476 1473 589 1540 onnam
603 1474 748 1528 deuseliacrr
771 1471 849 1528 lirici
863 1472 1008 1527 felslerlmft
1023 1473 1156 1544 gedruclrt
1181 1475 1228 1527 mit
1245 1472 1297 1528 der

113 1551 294 1622 llberswidir
306 1563 460 1620 Fridssieus
474 1563 531 1630 cepi
545 1566 598 1618 etc.

675 1784 738 1856 32.

292 1962 373 2048 ispe
385 1959 581 2028 suu-nn
594 1962 661 2042 regi
675 1961 713 2026 dc
726 1960 919 2042 inimicale
936 1960 1113 2025 dudem

663 2113 744 2170 1211.

1 2339 3 2344 ,
105 2258 225 2314 Innocens
238 2258 285 2313 IV.
297 2256 405 2329 fordere
421 2258 474 2312 den
490 2275 548 2312 zum
565 2254 715 2311 romoeoeu
727 2255 817 2328 Kdaip
828 2255 972 2311 numeres
987 2256 1091 2326 (irascar
1108 2251 1228 2311 Willtclm
1246 2273 1296 2311 eon

196 2348 315 2404 Bollcnd
326 2346 386 2417 σαί,
399 2363 457 2404 eum
470 2344 603 2418 ldmpfoop
615 2347 666 2404 der
678 2345 859 2404 nasamone
870 2344 940 2402 auct
952 2347 1017 2401 Rom
1029 2362 1062 2400 ru
1074 2344 1199 2402 ommes.

1 2553 6 2562 ,
185 2487 353 2573 Postquam
375 2485 474 2554 divina
496 2479 639 2572 potencia
661 2485 823 2555 ecclesiam
844 2508 929 2554 suam
951 2486 1105 2574 pacificari
1122 2487 1297 2571 disponens,

2 2663 5 2668 ,
107 2595 261 2666 moisesra
278 2595 335 2664 tilii
350 2595 492 2666 bonitatis
509 2617 564 2660 sue
580 2597 667 2679 signa
682 2596 845 2679 pretendit,
860 2597 898 2662 de
914 2597 962 2660 via
977 2616 1033 2678 per
1046 2615 1137 2679 quam
1151 2615 1298 2678 prospere

2 2739 4 2746 ⁴
102 2705 245 2784 procedes
259 2709 294 2767 et
308 2722 430 2785 regnes,
447 2703 604 2768 olrstanciu
620 2703 660 2787 a)
675 2703 873 2770 offensionum
888 2703 1032 2768 scandala
1047 2703 1241 2773 removendo,
1255 2704 1298 2766 ita

1 2847 4 2886 ;
103 2811 187 2892 quod,
198 2810 386 2875 adversariis
399 2810 621 2899 misa)iamde
633 2810 731 2874 medio
743 2810 884 2881 sublatis,
896 2810 994 2874 nullus
1006 2811 1125 2873 omnino
1139 2816 1296 2891 superstes

1 2989 2 2994 ἵ
102 2936 165 2981 esse
180 2918 333 2989 videatur,
350 2918 413 3001 qui,
428 2918 492 2981 Deo
508 2917 564 2981 tibi
579 2917 726 3000 propicio,
743 2918 803 2980 tuis
819 2916 917 2980 valeat
931 2916 1145 2998 progressibus
1162 2915 1296 2984 obviare,

102 3030 215 3104 oportet
254 3026 296 3088 de
331 3031 434 3089 cetero
469 3025 500 3087 in
532 3031 563 3088 te
601 3024 708 3106 profici
743 3029 848 3088 nostro
881 3022 1047 3086 ministerio
1081 3041 1155 3104 opus
1177 3021 1235 3085 Dei
1265 3025 1297 3084 et

106 3130 291 3195 desiderium
306 3132 422 3214 impleri
438 3132 581 3200 ecclesie,
595 3132 700 3195 matris
716 3136 780 3201 tue,
795 3136 859 3193 toto
876 3129 1024 3211 cupientis
1040 3127 1150 3192 allectu
1166 3129 1295 3191 electum

101 3235 197 3301 videre
215 3239 390 3302 dilectionis
407 3259 461 3301 sue
477 3236 569 3300 lilium
590 3238 781 3319 imperatorie
797 3237 964 3300 maiestatis
982 3235 1110 3298 culmine
1135 3253 1295 3298 consuma-

3 3411 4 3414 ,
101 3349 167 3407 tum.
191 3346 277 3408 Sane
295 3364 363 3408 oum
377 3364 481 3426 reges,
501 3343 554 3427 qui
569 3345 691 3410 fuerunt
705 3364 761 3425 pro
777 3349 912 3425 tempore
928 3343 960 3406 in
975 3343 1124 3405 Romanos
1140 3340 1293 3423 principes

4 3491 9 3530 ,ι
101 3449 290 3521 sublimandi,
313 3451 532 3514 consueverint
546 3449 627 3532 apud
643 3450 747 3512 sedem
769 3450 808 3532 b)
830 3448 1026 3531 apostolicam
1049 3448 1087 3535 a]
1110 3467 1179 3512 cum
1200 3448 1293 3512 multa

4 3599 9 3614 ..
101 3576 167 3637 sepe
189 3557 428 3639 supplicacionis
457 3556 605 3620 instancia
631 3556 828 3638 vocaciouem
855 3575 939 3620 suam
963 3555 1001 3619 ad
1018 3574 1159 3620 coronam
1174 3554 1293 3636 imperii

101 3682 151 3744 per
165 3666 341 3750 solempnes
354 3665 483 3730 nuncios
505 3665 659 3748 postulare
680 3663 854 3745 priusquam
869 3682 925 3745 per
940 3664 1104 3728 Romanum
1119 3660 1293 3743 pontificem

100 3770 296 3835 invitarentur
312 3770 351 3833 ad
366 3770 434 3841 illa,
455 3772 487 3833 in
511 3770 569 3834 hoc
585 3771 641 3836 tibi
658 3771 793 3835 eiusdem
805 3770 887 3833 sedis
904 3769 1066 3850 spiritualis
1082 3767 1292 3831 benivolencia
1307 3785 1311 3793 ·

102 3880 129 3938 et
158 3877 282 3941 ferrens
316 3878 353 3940 de
384 3877 578 3958 promocione
609 3883 662 3940 tua
685 3878 779 3959 ipsius
813 3876 995 3940 desiderium
1018 3876 1179 3946 elucescit,
1210 3875 1292 3956 quod

100 3982 161 4062 ipsa
180 3990 211 4047 te
235 3984 276 4047 ad
298 3984 472 4066 principalis
494 3981 617 4047 honoris
639 3984 851 4048 excellenciam
879 3976 1045 4047 efficaciter
1073 3982 1291 4066 assequendam

100 4096 257 4173 antequam
278 4098 451 4173 rogaretur,
472 4093 578 4156 invitat
600 4098 630 4156 et
651 4109 720 4156 cum
736 4091 819 4155 tedio
834 4109 918 4155 more
940 4090 1109 4173 prolixioris
1126 4089 1292 4153 dinoscitur

101 4204 268 4278 expectare.
309 4197 470 4264 Hortamur
505 4198 599 4280 igitur
636 4197 828 4262 dilectionem
858 4198 974 4278 regiam
1005 4195 1138 4280 paternis
1169 4195 1290 4260 monitis

97 4302 148 4365 tibi
175 4303 386 4378 consulentes,
414 4311 563 4389 quatenus
582 4304 655 4391 β)1
683 4305 792 4370 ceteris
823 4303 1050 4367 difficultatibus
1077 4310 1108 4368 te
1137 4304 1289 4386 explicans

99 4414 126 4472 et
151 4407 319 4475 exonerans
348 4413 386 4476 ad
412 4413 592 4477 veniendum
603 4413 658 4492 ,ad
674 4413 800 4477 ltaliam
830 4418 975 4494 apparatu
1003 4412 1087 4493 regio
1117 4410 1288 4494 accingaris

186 4535 220 4606 a)
236 4537 375 4593 cistarcia
387 4555 429 4592 am
442 4538 542 4592 Raude.
558 4566 589 4580 -
604 4539 636 4607 d)
652 4555 694 4609 ap.
715 4536 805 4593 sedem
825 4551 867 4592 eru
880 4533 978 4591 [lande.
1000 4566 1032 4575 -
1047 4534 1080 4605 c)
1094 4533 1242 4606 apostoliea
1258 4529 1285 4588 V.

104 4654 423 4669 m

131 4716 153 4771 ¹)
170 4716 302 4762 Matthaeus
319 4716 342 4771 5,
362 4717 398 4763 16.
