3209 5392
238 517 317 590 306

239 690 413 762 gescbrieben
426 690 497 747 scin,
515 687 574 740 weil
588 686 728 740 Ladislaus
741 684 815 738 daria
828 701 879 739 von
892 685 983 738 seinen
998 684 1110 738 reiicren
1126 683 1223 737 fabren
1238 682 1439 753 (crescentibus

239 779 332 851 annis)
352 780 470 850 spricht,
488 795 542 832 was
562 776 694 830 allenfalls
713 776 755 830 ein
770 775 934 846 lijdhriger,
953 775 1027 829 niebt
1043 775 1108 828 aber
1127 774 1169 827 ein
1184 773 1441 844 ltjdbrigerKdnig

239 888 321 942 sagon
333 872 410 927 kann.
425 868 478 922 und
495 869 554 922 weil
567 885 617 921 von
631 867 682 921 den
700 866 941 935 bescbwiebtigten
958 866 1083 920 Unruhen
1102 865 1145 919 die
1163 866 1236 919 Rode
1249 866 1293 928 ist,
1306 865 1357 929 die,
1371 864 1441 919 nach

239 962 313 1015 Αιιιῐι.
333 962 351 1014 2
370 963 404 1014 im
423 961 448 1014 J.
470 959 540 1012 lava
565 959 633 1013 noch
652 958 843 1012 fortdauerten.
869 958 908 1011 Da
927 974 979 1010 nun
1003 956 1090 1010 dieser
1108 955 1184 1011 Brief
1199 957 1245 1010 auf
1263 957 1312 1009 den
1330 957 1443 1011 vorbor-

244 1051 382 1121 gebenden
400 1052 489 1120 Bezug
508 1050 612 1113 nimmt‚
634 1065 664 1103 so
684 1049 781 1119 gebdrt
798 1065 828 1101 er
847 1047 1000 1102 frirhcstens
1021 1048 1089 1099 auch
1107 1046 1133 1101 iu
1155 1047 1203 1101 dus
1223 1047 1290 1100 Jahr
1304 1047 1375 1101 1276
1388 1046 1441 1100 und

240 1143 406 1212 keineswegs
421 1160 453 1194 zu
469 1140 550 1199 lavo,
564 1140 612 1193 uie
626 1138 740 1209 Palaclny
754 1139 771 1192 l.
786 1154 810 1191 c.
825 1138 886 1193 will.

829 1328 866 1396 9·
966 1364 970 1371 .

623 1467 789 1549 Episcopus
807 1467 837 1531 ll.
856 1467 976 1530 subdito
992 1485 1056 1530 sno.

244 1594 296 1650 cin
309 1592 431 1665 Biecbof
451 1593 535 1648 donft
552 1593 706 1646 Jemondem
726 1590 775 1662 far
797 1591 843 1646 die
862 1599 944 1663 poten
971 1591 1095 1656 Dienote,
1117 1591 1162 1647 do'e
1184 1610 1215 1645 er
1237 1591 1327 1647 oetaeo·
1348 1590 1451 1646 Kircbe

262 1686 388 1758 geleistet
400 1683 455 1747 bot,
469 1684 526 1737 und
538 1681 659 1736 armabor
670 1680 725 1743 ila,
738 1680 808 1737 acob
820 1681 914 1753 ferner
928 1681 973 1737 die
988 1681 1086 1737 fleebte
1098 1682 1238 1737 dereelbea
1251 1701 1284 1736 zu
1296 1682 1429 1738 scbdtzen.

337 1793 479 1853 Bodmann‚
494 1810 520 1863 p.
533 1791 576 1844 42.

338 1905 383 1968 Ex
399 1904 518 1967 sincero
532 1902 702 1965 dilectionis
720 1903 895 1964 constancia
909 1906 940 1966 et
952 1899 1097 1964 fidelitate
1113 1901 1302 1983 processisse
1319 1902 1454 1965 dinosci-

246 2035 312 2078 mus
331 2014 411 2077 illam
423 2012 532 2075 mentis
545 2017 646 2074 vestre
660 2011 791 2091 ingenue
803 2010 990 2092 legalitatem
1007 2010 1217 2092 conspicuam,
1231 2029 1289 2094 que
1301 2012 1332 2073 in
1347 2011 1454 2074 matris

249 2145 315 2197 sue,
339 2122 480 2186 videlieet
496 2121 565 2184 talis
589 2119 736 2192 ecclesie,
766 2119 912 2201 gremium
934 2119 1039 2181 videns
1063 2123 1094 2182 et
1109 2119 1284 2201 percipiens
1300 2139 1454 2184 venenosa

248 2231 435 2316 quorundam
453 2227 681 2292 detraheneium
698 2228 813 2310 spicula
831 2228 917 2310 quasi
929 2227 1059 2290 letaliter
1072 2227 1233 2297 fulminari,
1253 2247 1308 2310 pro
1326 2248 1361 2290 ea
1378 2228 1454 2310 ipsis

248 2362 281 2405 se
298 2357 471 2403 mucronem
489 2337 674 2400 defensionis
683 2336 825 2418 opposuit
834 2341 924 2418 etpro
931 2335 1046 2399 viribus
1063 2335 1198 2398 studiose
1209 2337 1454 2418 perspicacitatis

249 2449 372 2532 ingenio
390 2447 525 2529 ipsorum
547 2443 725 2509 violenciam
754 2443 984 2508 commendabili
1007 2444 1176 2526 patrocinio
1194 2444 1327 2508 inanivit.
1345 2446 1379 2507 ln
1394 2445 1455 2511 hoc

251 2557 349 2627 enim,
378 2555 459 2639 quod
489 2554 553 2628 eius
576 2553 699 2625 honori,
729 2558 760 2616 et
786 2575 829 2616 ne
855 2572 971 2636 super
995 2553 1217 2617 collacione
1242 2553 1447 2619 comitatus

251 2653 674 2733 indebita'lederetur,
699 2662 836 2745 vigilanti
871 2662 1035 2745 diligencia
1063 2662 1247 2736 insudastis,
1277 2664 1452 2728 devocionis

250 2796 305 2839 vos
323 2773 499 2839 ostendistis
516 2772 608 2835 filium
626 2777 656 2836 et
671 2772 767 2855 ipsius
785 2771 940 2835 felicitatis
957 2778 988 2835 et
1005 2772 1123 2835 comodi
1142 2771 1345 2845 defensorem,
1361 2774 1450 2838 immo

249 2888 465 2970 permaximum
492 2884 672 2954 zelatorem,
701 2883 862 2965 legemque
889 2902 961 2945 vere
977 2878 1122 2945 vkaritatis
1147 2882 1179 2945 in
1200 2881 1259 2945 hoc
1281 2883 1455 2965 adimplevit

250 2996 348 3059 filialis
365 2993 498 3063 dilectio,
526 2993 607 3075 quod
623 2992 662 3054 ad
677 2992 780 3055 matris
798 2990 952 3053 erubescit
978 2989 1141 3072 obprobria
1157 2995 1188 3054 et
1215 2992 1281 3055 eius
1304 2994 1448 3074 periculis

257 3124 378 3185 semper
395 3102 499 3166 studet
515 3102 670 3184 oportunis
687 3100 830 3165 remediis
850 3100 981 3164 obviare.
1018 3099 1098 3165 Sane
1116 3100 1197 3181 apud
1213 3101 1310 3165 Deum
1328 3109 1357 3165 et
1374 3105 1454 3186 apud

251 3215 388 3276 homines
405 3212 463 3275 hoc
481 3213 594 3274 factum
609 3210 760 3274 laudabile
777 3215 912 3292 graciam
929 3210 1026 3282 vobis,
1044 3217 1076 3274 ut
1094 3210 1258 3284 credimus,
1276 3213 1438 3276 cumulavit
1445 3233 1454 3285 ;

253 3323 332 3405 quod
348 3319 559 3384 nichilominus
577 3321 607 3383 in
625 3325 727 3384 nostro
744 3320 820 3383 libro
837 3320 981 3384 memorie
1000 3322 1236 3404 conscripsimus
1254 3321 1354 3403 dignis
1371 3323 1457 3384 favo-

255 3430 338 3494 ribus
356 3435 387 3493 et
402 3431 507 3512 gracia
525 3429 681 3511 oportunis
698 3429 884 3512 temporibus
903 3431 1168 3511 compensandum.

345 3540 505 3602 Hortamur
533 3543 633 3601 autem
662 3542 693 3602 et
720 3557 876 3602 monemus
898 3544 1001 3602 vestre
1026 3537 1095 3601 fidei
1118 3540 1290 3621 puritatem3
1307 3546 1457 3624 quatenus

254 3649 436 3713 continuatis
453 3646 649 3729 processibus
666 3647 814 3710 studeatis
837 3647 990 3711 indefesse
1014 3650 1060 3711 sic
1085 3634 1199 3712 directo
1216 3649 1337 3714 tramite
1354 3654 1458 3714 nostro

256 3764 420 3842 nostreque
450 3756 580 3819 ecclesie
608 3756 713 3819 honori
743 3760 773 3819 et
800 3756 971 3819 defensioni
1000 3756 1124 3828 iuriam,
1152 3762 1186 3819 ut
1207 3758 1284 3821 actis
1306 3758 1459 3840 prioribus

255 3868 426 3952 posteriora
450 3871 617 3929 consonent
642 3870 673 3929 et
695 3885 817 3947 semper
841 3865 968 3947 probate
992 3870 1093 3929 vestre
1117 3865 1280 3948 legalitatis
1302 3866 1463 3929 redoleant

254 3977 426 4061 puritatem.

357 4103 449 4156 Rodm.
468 4103 485 4154 l.
506 4118 529 4153 c.
550 4101 641 4165 „mua
655 4101 776 4170 episcopi
790 4100 822 4153 N.
836 4099 870 4153 ad
882 4101 914 4155 N.
929 4100 1160 4170 (Protonotarium
1172 4099 1298 4171 Regium)
1313 4099 1460 4169 gratiarum

255 4195 356 4248 actoris
379 4196 407 4246 et
428 4190 700 4246 recommendatoria“
723 4191 771 4244 hat
794 4192 864 4244 noch
887 4191 1030 4262 folgenden
1051 4192 1239 4246 Scblusssatz:
1262 4191 1363 4258 Quodsi
1387 4194 1460 4247 forte

256 4289 318 4355 post
335 4286 484 4354 Augustum
501 4282 641 4336 affuturum
659 4282 778 4353 proximo
796 4281 949 4335 alemaniae
968 4282 1103 4353 principes
1122 4285 1261 4354 contingat
1279 4282 1313 4336 de
1333 4281 1458 4338 mandato

255 4375 332 4445 regio
353 4374 509 4437 convocari,
529 4390 576 4426 vos
598 4391 648 4426 una
668 4391 727 4427 cum
746 4372 924 4436 cancellario,
944 4379 1058 4428 nostram
1080 4391 1131 4428 non
1147 4373 1292 4428 obmittatis
1307 4374 1460 4429 absenciam

256 4467 405 4520 efficaciter
424 4482 560 4528 excusare,
585 4468 631 4517 aut
643 4470 759 4519 nostram
773 4466 868 4518 saltem
882 4466 1084 4519 excusacionem
1097 4465 1122 4518 in
1136 4468 1285 4535 conspectu
1300 4465 1462 4520 serenitatis

256 4556 349 4627 regiae
376 4574 435 4611 cum
463 4557 530 4609 omni
556 4556 686 4610 modestia
717 4558 902 4627 praesentare,
935 4556 1081 4626 praecipue
1107 4574 1166 4610 curn
1198 4575 1247 4611 nos
1278 4556 1358 4611 simus
1385 4556 1463 4627 quasi

255 4647 362 4705 infinitis
376 4652 403 4701 et
416 4646 640 4702 inextricabilibus
653 4646 768 4715 negotiis
782 4647 909 4717 impediti.

351 4739 453 4793 Stobbe
467 4756 508 4794 no.
524 4737 577 4792 177
590 4739 666 4802 olore,
681 4740 723 4792 n'o.
738 4737 792 4791 114
805 4738 851 4792 mit
864 4737 923 4792 dem
938 4737 1124 4793 Seblusssatze
1137 4740 1180 4793 bei
1197 4740 1340 4794 Bodmonn.
