3209 5392
734 779 796 847 33.

509 952 703 1015 Romanorum
727 971 779 1014 rex
805 951 1015 1015 cardinalibus.

657 1109 737 1162 1276.
757 1110 866 1163 ianuar.

95 1237 101 1244 ⁵
164 1253 253 1323 Kdnc'q
264 1249 370 1321 liudolf
378 1249 485 1321 fordert
496 1251 542 1306 die
553 1252 703 1306 Kardindle
714 1252 762 1305 mit
773 1254 833 1306 dem
847 1250 989 1305 Aucdrucle
1002 1251 1050 1304 dee
1063 1249 1218 1304 Scbmercea
1231 1250 1295 1303 dber
1307 1247 1359 1302 den

166 1343 221 1396 uod
235 1342 358 1413 Gregor’a
368 1343 399 1394 X.
413 1341 470 1412 auf,
485 1341 529 1395 die
541 1340 696 1413 capescant
706 1361 738 1396 zu
752 1340 962 1411 beacbleunr'gen.
977 1341 1015 1392 Er
1026 1339 1095 1392 bcbe
1106 1338 1165 1393 oieb
1178 1358 1226 1393 vor
1235 1338 1359 1408 empscn·

160 1448 243 1503 gener
259 1430 483 1485 Todeanccbricbt
494 1449 542 1484 aar
553 1429 694 1501 Romfcbrt
710 1431 897 1502 anpeacbiolet,
919 1430 1050 1483 nonmebr
1066 1431 1142 1484 crolle
1161 1446 1194 1482 cr
1210 1428 1285 1496 ihre,
1308 1430 1359 1482 der

316 1521 473 1587 Kardindle,
488 1523 554 1575 oder
567 1523 713 1576 aeramen
725 1524 838 1593 Papatea
850 1519 1044 1575 instructiones
1057 1520 1199 1575 abacorum.

256 1663 338 1717 Gerb.
351 1663 379 1727 2,
392 1662 436 1716 ³3.
445 1680 453 1718 ἱ

252 1807 296 1868 En
323 1807 409 1871 horto
438 1809 593 1872 militantis
628 1810 759 1872 ecclesie
793 1811 950 1874 hortulano
979 1810 1115 1892 presigni
1146 1809 1289 1873 translato
1320 1809 1359 1870 ad

159 1914 272 1977 celicas
288 1916 477 1994 mansiones,
493 1916 603 1980 'felicis
620 1918 764 1980 videlicet
785 1918 1012 1982 recordacionis
1029 1918 1149 1982 donrino
1167 1916 1358 1997 Gregorio

162 2035 277 2085 summo
293 2022 447 2104 pontifice,
462 2023 550 2088 ‘euius
566 2026 728 2107 presencia
745 2026 874 2090 mundus
897 2026 1001 2109 utique
1023 2025 1183 2088 uidebatur
1205 2024 1358 2105 indignus,

160 2123 199 2192 ad
225 2130 361 2211 requiem
389 2137 531 2204 evocato,
559 2132 631 2196 licet
658 2135 688 2195 in
717 2134 844 2195 excelsis
873 2133 984 2197 exultet
1011 2133 1070 2195 iam
1098 2132 1234 2213 angelica
1271 2132 1359 2194 turba

161 2238 311 2309 celorum,
338 2237 410 2300 licet
435 2238 484 2301 illa
502 2259 699 2321 supernorum
717 2241 825 2303 civium
842 2239 932 2303 beata
949 2240 1068 2322 agmina
1084 2259 1139 2321 pro
1156 2246 1216 2302 tam
1234 2238 1358 2320 gloriosi

162 2345 296 2407 concivis
313 2365 442 2409 accessu
457 2347 592 2428 placidas
609 2349 673 2411 Deo
692 2348 853 2410 concinant
875 2348 1054 2419 canciones,
1070 2347 1187 2429 plangit
1203 2354 1304 2409 tamen
1327 2347 1358 2408 in

161 2452 250 2515 terris
267 2451 397 2516 fidelium
414 2454 502 2517 turba
519 2457 706 2518 terrestrium
722 2475 777 2537 pro
795 2455 934 2518 decessu.
963 2456 1082 2536 Lugeat
1098 2454 1200 2536 itaque
1217 2454 1358 2518 Grecia

162 2580 216 2623 suo
235 2580 415 2623 conversore
431 2563 567 2643 propicio
586 2563 737 2634 desolata,
767 2583 834 2625 nam
858 2563 999 2644 dragma,
1028 2581 1086 2644 que
1108 2563 1199 2643 longo
1222 2567 1356 2643 tempore

160 2668 264 2731 fuerat·
275 2669 404 2749 perdita,
418 2670 541 2732 lucerne
559 2691 611 2733 sue
626 2671 737 2733 lumine
755 2677 802 2734 est
818 2671 989 2758 inventa1)‚
1003 2676 1033 2734 et
1050 2670 1132 2743 ovis,
1161 2691 1218 2754 que
1236 2669 1286 2731 diu
1302 2689 1357 2751 per

159 2776 311 2840 desertum
328 2778 532 2842 indevocionis
550 2785 714 2852 erraverat,
732 2780 820 2860 gregi
838 2780 971 2842 sociatus
989 2779 1138 2843 dominico
1151 2799 1205 2860 per
1219 2778 1356 2848 eundem,

161 2904 239 2946 nunc
269 2885 455 2962 salutaribus·
473 2886 503 2948 in
525 2887 651 2950 Domino
679 2888 802 2968 pascuis
826 2887 1030 2974 enutritura).
1063 2887 1202 2949 Educant
1223 2887 1355 2949 Latini

159 2992 348 3072 singultuosa
365 2994 495 3076 suspiria
511 3014 565 3075 pro
584 2995 737 3067 defuncto,
761 3015 888 3077 quorum
912 3015 1012 3057 mores
1037 2994 1245 3058 sanctissimus
1269 2999 1356 3076 pater

159 3099 239 3162 idem
256 3102 374 3165 uirtutis
392 3089 500 3165 direxit
516 3103 545 3164 in
564 3103 701 3166 semitam
718 3109 748 3166 et
765 3103 879 3166 salutis.
913 3104 1060 3184 Plangant
1083 3107 1114 3165 et
1136 3089 1252 3165 ululent
1264 3123 1355 3185 super

161 3229 194 3270 se
211 3209 335 3291 insuper
352 3201 455 3272 omnes
472 3210 568 3273 tribus
585 3217 666 3273 terre
683 3212 711 3298 8)
730 3210 767 3272 de
784 3212 880 3294 patris
898 3210 1104 3274 subtractione
1121 3209 1297 3298 fidelissed
1312 3210 1354 3272 illi

158 3316 326 3399 potissime,
343 3317 393 3400 qui
410 3324 563 3399 assumpto
579 3317 696 3380 vivifice
714 3319 813 3381 crucis
830 3319 997 3382 victorioso
1016 3318 1173 3399 signaculo
1198 3318 1254 3381 sub
1271 3319 1354 3380 eius-

159 3426 228 3488 dem
257 3426 354 3506 patris
390 3446 497 3488 securo
532 3427 642 3490 ducatu
674 3433 779 3490 contra
810 3426 1003 3510 blasphemos
1036 3426 1163 3489 nominis
1197 3428 1353 3490 christiani

158 3538 299 3615 potenter
315 3536 472 3615 insurgere
496 3533 668 3614 gestiebant
685 3535 724 3620 l¹).
757 3534 890 3597 Prodeat
911 3535 1003 3616 igitur
1027 3535 1084 3597 iste
1107 3535 1245 3615 planctus
1270 3555 1353 3597 conr-

155 3642 252 3704 munis
280 3641 310 3703 in
339 3662 456 3705 ornnem
484 3649 596 3705 terram
620 3647 650 3705 et
673 3642 703 3703 in
725 3641 799 3704 fines
826 3641 906 3705 orbis
929 3642 1099 3706 huiusmodi
1123 3643 1209 3705 dolor
1229 3642 1351 3705 lamenti

154 3751 311 3832 proveniat
327 3756 357 3813 et
374 3750 557 3821 descendat,
587 3753 655 3833 quia
671 3754 746 3813 tanti
761 3752 856 3832 patris
881 3770 1008 3813 occasus
1032 3751 1190 3813 multorum
1214 3750 1352 3831 deposcit

153 3858 310 3928 lacrimas,
351 3857 401 3940 qui
439 3878 542 3921 omnes
583 3859 716 3941 exemplo
748 3858 943 3921 beatitudinis
975 3858 1153 3921 aliluenoius
1193 3858 1467 3946 irrigabatpgpm

178 4174 202 4234 ¹)
220 4178 294 4221 Lucas
309 4177 347 4228 15,
359 4176 381 4220 8.

175 4255 200 4318 3)
217 4258 263 4303 Ani
279 4259 331 4303 deno
356 4273 402 4305 von
425 4261 519 4318 Gregor
536 4262 563 4305 X.
583 4261 645 4305 1274
662 4275 690 4306 zu
708 4263 772 4318 Lyon
795 4261 968 4318 abgebnltencn
985 4259 1116 4306 Concilium
1135 4260 1215 4304 wurdc
1232 4258 1271 4304 dic
1289 4259 1349 4302 Ver·

212 4341 326 4399 einigung
342 4341 385 4385 der
403 4342 519 4387 Grieoben
537 4342 637 4385 mittier
655 4341 939 4387 obmissis-katholiselnen
957 4343 1045 4388 Kirclnc
1062 4343 1262 4399 aucgesprccbeu.

177 4423 201 4482 ³)
218 4424 373 4480 Apocalypsis
387 4423 409 4480 l,
423 4425 445 4467 7.
520 4479 524 4487 „

175 4500 198 4563 ⁴)
216 4505 294 4548 Durob
316 4505 355 4549 dic
378 4517 454 4562 ganne
475 4504 610 4562 Thitigleit
633 4505 746 4562 Gregor'r
766 4506 793 4549 X.
820 4504 883 4548 ziebt
906 4504 958 4548 sicin
980 4504 1013 4548 als
1041 4503 1156 4547 leitcnder
1177 4505 1289 4549 Gednulre
1310 4506 1348 4551 die

212 4585 386 4644 Verbereltung
409 4599 437 4629 nu
458 4586 534 4630 einem
555 4588 709 4641 Kreunzugm
731 4586 779 4630 und
801 4586 845 4630 der
866 4585 945 4642 libnig
968 4584 1058 4629 liudolf
1077 4585 1162 4639 selbot,
1185 4586 1259 4631 sowio
1282 4586 1347 4631 seins

214 4665 334 4710 Genualnlin
358 4668 403 4711 und
425 4668 487 4711 viole
504 4667 561 4712 Edle
584 4667 717 4725 emptiugen
740 4682 768 4712 zu
786 4669 908 4712 Lausannc
931 4679 966 4711 am
984 4667 1006 4711 6.
1026 4666 1130 4712 October
1153 4667 1215 4712 1276
1236 4681 1277 4712 aus
1301 4668 1347 4712 den

213 4746 308 4789 Hinden
326 4745 368 4792 des
385 4748 483 4804 Papctes
501 4748 540 4792 das
558 4749 644 4793 Kruun.
