3209 5392
1289 508 1338 578 87

149 709 214 752 mas
243 689 470 771 exempoionum
494 698 524 754 et
545 691 731 765 libertatum,
759 712 818 775 que
835 692 931 756 solent
948 683 1012 753 dari
1028 686 1156 751 subditis
1173 684 1211 747 ab
1229 681 1343 744 eisdem
1445 723 1449 728 -
1529 663 1533 673 ¹

147 797 380 881 imperatoribus
397 806 428 863 et
443 800 565 882 regibus
582 802 645 864 sive
661 802 727 864 aliis
743 800 929 884 principibus
945 804 1005 862 tam
1022 794 1238 860 ecclesiasticis
1255 809 1344 873 quam

151 907 358 980 seculmibusss
387 908 490 972 ultimo
512 910 600 991 posui
625 910 811 974 diversarum
833 908 1023 972 materiarum
1043 905 1146 969 literas
1175 900 1342 984 generales.

242 1016 281 1078 Et
297 1016 462 1088 sciendum,
480 1018 568 1100 quod,
586 1019 665 1084 sicut
681 1019 814 1102 quelibet
831 1017 1066 1099 subscriptarum
1083 1012 1274 1095 epistolarum
1290 1027 1345 1070 seu

149 1124 306 1188 literarum
322 1125 484 1206 specialem
501 1127 648 1209 quendam
664 1134 799 1192 tenorem
816 1126 951 1210 continet
966 1107 1135 1193 inclusive,
1151 1119 1201 1204 qui
1224 1140 1259 1181 ex
1274 1136 1346 1199 pro-

150 1232 285 1315 prietate
312 1232 408 1314 ipsius
435 1235 560 1298 materie
588 1236 755 1300 dinoscitur
782 1256 939 1305 emanare,
968 1231 1012 1295 sic
1040 1231 1157 1312 singule
1185 1226 1346 1292 earundem

149 1342 309 1406 literarum
324 1344 473 1423 generalis
490 1345 646 1409 cniusdam
658 1346 771 1410 tenoris
786 1345 942 1409 formulam
958 1341 1113 1405 continent
1129 1339 1168 1422 a)
1185 1334 1345 1405 exclusive,

152 1472 244 1536 qnam
274 1452 430 1516 formulam
472 1472 597 1536 quemve
639 1461 773 1519 tenorem
805 1453 955 1519 subtiliter
991 1448 1218 1532 contemplando
1250 1444 1346 1510 omnis

154 1562 291 1645 ydoneus
308 1566 339 1625 et
353 1562 519 1627 industrius
531 1565 679 1637 fontanus,
697 1564 775 1628 sicut
791 1584 895 1629 nasum
913 1581 1052 1633 cereum,
1066 1558 1230 1622 secundum
1246 1556 1347 1618 diver-

153 1692 219 1736 sam
248 1674 442 1754 negociorum
470 1672 643 1756 qualitatem
672 1674 709 1737 ad
739 1675 874 1737 diversas
896 1671 1007 1755 poterit
1028 1675 1169 1750 coaptare
1191 1684 1346 1748 personas,

161 1782 234 1844 licet
250 1781 428 1844 condicione
443 1782 563 1865 inpares
581 1789 612 1846 et
624 1782 759 1865 dispares
777 1782 933 1864 dignitate,
947 1777 1194 1864 quemadmodum
1204 1775 1236 1839 in
1247 1774 1348 1838 tabula

154 1909 248 1972 super
274 1894 337 1953 toto
366 1908 456 1972 opere
483 1890 564 1953 edita
591 1891 657 1954 luce
686 1891 794 1954 clarius
824 1889 990 1972 apparebit.
1013 1886 1183 1950 —Verum
1210 1883 1349 1967 qnoniam

154 2000 236 2063 sicut
251 1998 349 2080 capud
364 1999 504 2062 virtutem
519 1998 651 2062 menbris
679 2000 791 2071 induit,
815 2007 956 2082 tanquam
980 2015 1121 2061 sensnum
1142 1992 1349 2076 principalium

154 2108 372 2179 contenanum,
394 2108 600 2191 reliquumque
623 2109 758 2190 corporis
774 2108 966 2172 habilitatet
992 2109 1141 2174 venustat,
1164 2101 1285 2165 asimili
1301 2100 1348 2162 sni

149 2223 270 2280 -natura
292 2216 477 2288 eradium,
499 2215 530 2279 in
554 2216 652 2299 capite
675 2237 711 2279 ac
731 2216 904 2299 preambulo
926 2215 1024 2279 tocius
1046 2211 1199 2295 sequentis
1223 2210 1347 2273 materie

156 2326 305 2408 positum,
333 2324 491 2388 dnmmodo
520 2325 619 2388 eidem
640 2326 764 2388 materie
780 2337 842 2407 per
864 2325 961 2386 omnia
978 2323 1019 2386 sit
1034 2338 1213 2391 consonum,
1241 2319 1347 2400 ipsam,

156 2432 400 2517 tanquam-sidus
417 2435 604 2507 matutinum,
627 2433 752 2498 irradiat
773 2454 810 2496 ao
832 2434 972 2504 decorat,
995 2437 1025 2494 et
1046 2437 1168 2512 propter
1183 2428 1349 2491 booetiam

157 2542 217 2605 alio
240 2542 359 2605 nomine
385 2543 521 2624 captacio
544 2541 751 2610 beniuolenoie
769 2542 888 2614 dicitur,
906 2560 941 2603 eo
959 2539 1038 2624 quod
1053 2537 1221 2601 benivolum
1244 2535 1350 2599 reddat

156 2651 290 2715 animum
306 2650 461 2714 auditoris.

226 2750 323 2823 'oum
351 2763 450 2821 autem
477 2761 641 2825 secundum
670 2760 846 2824 infinitatem
877 2758 1067 2822 materiarum
1090 2756 1204 2838 infinita
1226 2755 1350 2839 possint

156 2869 264 2933 haberi
295 2867 433 2940 exordia,
465 2869 503 2932 ad
534 2869 703 2933 habendam
730 2869 893 2933 eorundem
922 2866 1129 2949 cognicionem
1157 2871 1187 2929 et
1213 2866 1349 2933 formam,

156 2985 284 3045 conatus
301 2998 367 3041 sum
383 2997 495 3060 ponere
511 2998 608 3061 panca
624 2979 661 3042 de
676 2978 829 3062 pluribus:
853 2978 948 3060 primo
971 2975 1196 3046 ecclesiastica,
1218 2972 1349 3037 secundo

154 3090 328 3174 principum
349 3088 527 3152 secularium
544 3088 697 3171 specialia,
708 3089 827 3152 deinde
842 3086 1063 3169 privilegiorum
1070 3084 1120 3172 l),
1144 3083 1252 3148 deinde
1268 3102 1350 3145 com-

154 3199 267 3264 munia.
292 3199 378 3260 Nunc
395 3197 432 3260 de
448 3196 584 3261 omnibus
600 3196 762 3260 videamus.

217 3457 348 3521 dxerllc
363 3456 485 3538 papalia
501 3475 553 3521 seu
570 3458 784 3534 ecclesiastica,
803 3456 884 3521 circa
900 3461 1011 3521 statum
1028 3456 1220 3521 ecclesiarum
1238 3456 1298 3517 stre

573 3567 707 3630 locorum
723 3567 940 3646 religiosorum.

1359 3445 1403 3484 Fal.
1415 3444 1439 3483 21
1446 3457 1464 3485 c.

669 3708 797 3754 Distinctio
810 3710 836 3753 ll.

150 3896 153 3902 ·
249 3863 326 3926 blira
347 3863 404 3927 Dei
430 3861 618 3943 benignitas,
637 3882 705 3945 qne
727 3864 765 3926 ad
788 3865 917 3929 ecclesie
940 3886 993 3929 sue
1021 3865 1156 3946 regimen
1182 3885 1252 3935 nos,
1280 3864 1352 3927 licet

156 3973 312 4037 inmeritos
330 3971 490 4052 dignanter
517 3970 698 4052 assumpsit,
714 3972 910 4038 humilitatem
932 3979 1065 4038 nostram
1081 3974 1237 4045 sollicitat,
1259 3978 1291 4036 ut
1313 3972 1352 4035 ad

160 4083 287 4146 salntem
303 4079 433 4142 omnium
451 4078 783 4160 dirigentesaffectum,
800 4081 931 4154 suillos,
948 4087 1179 4165 qnos-tanquam
1202 4100 1256 4163 pro
1278 4082 1353 4144 lori·
1427 4103 1430 4110 ·

159 4191 215 4255 bus
232 4189 412 4254 constitutos
434 4191 652 4273 conspicimus,
680 4197 783 4256 nostre
803 4191 912 4254 mentis
937 4190 1038 4254 oculos
1061 4192 1202 4273 precipue
1225 4211 1352 4254 conver-

159 4308 275 4372 tamus,
303 4299 341 4363 de
370 4298 430 4362 biis
457 4300 539 4365 circa
566 4301 658 4383 ipsos*
670 4308 796 4383 paterno
819 4300 919 4365 studio
942 4301 1147 4383 disponentes,
1174 4319 1232 4383 que
1260 4300 1353 4363 diuini

161 4409 289 4474 nominis
302 4408 386 4472 sicut
401 4409 440 4473 ad
456 4410 598 4491 gloriam,
627 4408 713 4474 nobis
731 4411 769 4474 ad
785 4410 938 4482 meritum,
968 4415 997 4473 et
1014 4410 1070 4473 illis
1086 4410 1243 4493 proveniat
1260 4411 1298 4497 θ)
1315 4410 1353 4473 ad

161 4520 339 4602 profectum.

249 4722 283 4790 a)
300 4720 417 4775 continet
431 4724 458 4777 V.
478 4752 502 4761 -
519 4722 551 4793 b)
566 4723 705 4795 privilegia
718 4724 746 4776 Z.
766 4753 791 4762 -
809 4722 839 4791 c)
853 4723 959 4776 veniant
972 4723 999 4775 Z.
