3209 5392
237 406 313 479 104

232 579 370 650 medium,
388 584 418 641 et
433 579 607 659 precedenti
623 581 758 651 materie,
775 579 800 642 si
818 579 989 662 requiritur,
1012 583 1064 641 ant
1085 577 1223 660 sequenti
1249 576 1359 648 tenori,
1377 576 1427 639 cui

230 689 308 750 forte
323 686 506 768 respondere
521 687 668 760 videntur,
685 688 860 749 omnimodis
883 708 916 749 se
934 691 1083 769 coaptent.
1108 686 1163 748 Est
1184 692 1283 748 autem
1300 704 1429 767 prover-

227 792 309 858 bium
325 796 462 859 stricte
476 800 624 877 sumptum
635 794 762 876 figurata
776 796 903 878 quedam
915 795 1044 868 locucio,
1060 794 1139 857 alind
1153 814 1262 857 sonans
1279 794 1424 877 aliudque
1437 877 1441 886 Ι

230 902 414 984 significans,
437 903 518 986 quod
534 910 564 967 et
584 889 726 986 parabola
742 904 801 966 dici
824 910 935 986 potest.
960 905 1025 967 Tali
1041 904 1129 966 modo
1146 924 1205 966 non
1221 903 1348 967 sumitur
1363 902 1428 973 bic,

229 1031 333 1074 verum
347 1018 436 1094 prout
451 1013 508 1075 boc
524 1014 590 1075 loco
607 1014 764 1095 recipitur,
781 1015 890 1094 large
906 1018 1066 1095 sumptum,
1083 1012 1271 1095 proverbium
1288 1017 1335 1074 est
1351 1030 1431 1093 que-

230 1121 297 1182 dam
320 1121 439 1184 moralis
468 1123 631 1194 sentencia,
648 1143 761 1185 annexe
778 1122 835 1184 sibi
851 1123 976 1185 alicuius
992 1121 1122 1184 racionis
1139 1120 1295 1184 aminiculo
1313 1139 1428 1202 appro-

227 1228 309 1301 bata,
325 1230 404 1292 idem
421 1250 530 1293 sonans
546 1231 684 1313 idemque
701 1229 884 1313 significans.
911 1229 976 1312 Que
993 1251 1065 1293 sane
1083 1231 1237 1294 sentencia
1253 1229 1333 1292 idem
1349 1247 1427 1310 ope·

228 1343 312 1401 ratur
340 1338 432 1400 decus
461 1340 491 1401 in
514 1340 638 1422 epistola
665 1340 746 1421 quod
772 1340 802 1401 in
825 1339 911 1402 anulo
940 1340 1110 1422 margarita.
1150 1340 1236 1403 Nunc
1264 1338 1359 1420 igitur
1386 1337 1426 1399 cle

229 1445 341 1509 eisdem
357 1448 522 1529 proverbiis
539 1449 744 1529 exemplariter
758 1449 922 1511 rideamus.

660 1633 810 1715 lnclplunt
827 1634 993 1714 proverbia.

320 1774 443 1837 Racioni
467 1793 631 1856 congruum
649 1794 717 1836 esse
745 1775 925 1846 dinoscitur,
960 1778 992 1836 ut
1025 1774 1105 1855 quod
1134 1794 1237 1837 omues
1263 1776 1362 1856 tangit
1388 1774 1429 1837 ab

227 1882 363 1946 omnibus
381 1882 570 1965 approbetur.
594 1921 638 1931 -—
655 1884 793 1946 Racionis
813 1884 884 1946 ordo
901 1903 961 1946 non
972 1882 1100 1965 patitur,
1126 1890 1159 1946 ut
1177 1883 1243 1967 quis
1263 1883 1329 1945 sine
1354 1884 1431 1947 iuris

231 1991 333 2055 ordine
350 1992 591 2074 condempnetur.

320 2102 370 2166 Dc
385 2100 523 2167 iusticia.
541 2099 662 2165 iusticia
679 2122 752 2184 sepe
769 2101 946 2185 deprimitur
962 2121 1031 2165 cum
1047 2102 1114 2184 quis
1131 2102 1316 2165 defensionis
1332 2102 1434 2165 muni-

231 2210 309 2274 mine
332 2208 507 2272 denudatur.
532 2248 576 2259 —
599 2209 754 2273 Neminem
777 2211 866 2293 culpa
888 2204 1005 2293 culpat,
1029 2211 1177 2294 quemad
1200 2211 1318 2294 culpam
1338 2210 1434 2273 trabit

231 2318 409 2391 necessitas,
431 2339 490 2381 non
510 2318 655 2381 voluntas.
668 2358 711 2367 -
724 2320 835 2382 lustum
858 2325 915 2392 est,
936 2325 970 2383 ut
987 2321 1106 2402 proprio
1124 2325 1226 2382 careat
1242 2321 1292 2403 qui
1308 2339 1432 2384 manum

231 2428 272 2491 ad
287 2429 383 2491 aliena
398 2428 516 2491 mittere
538 2449 598 2490 non
613 2428 762 2491 formidat.
780 2427 971 2511 —Dignum
988 2435 1044 2501 est,
1061 2434 1094 2492 ut
1109 2428 1188 2492 unde
1212 2430 1278 2512 quis
1300 2435 1437 2493 meretur

233 2538 368 2600 favorem
391 2537 548 2618 accipere,
576 2557 635 2599 non
658 2536 768 2600 debeat
789 2538 889 2601 odium
912 2538 1088 2620 persentire.
1111 2577 1155 2587 -
1177 2540 1201 2601 Α
1222 2538 1343 2620 proprio
1365 2538 1433 2601 iure

234 2647 357 2718 decidit,
375 2647 425 2729 qui
440 2665 559 2709 manum
574 2646 677 2709 illicite
694 2647 732 2709 ad
748 2666 811 2708 rem
827 2646 951 2728 proximi
967 2647 1094 2728 porrigit
1109 2652 1140 2708 et
1151 2648 1292 2712 extendit.
1306 2684 1351 2696 -
1362 2648 1433 2711 Juri

235 2758 415 2820 conveniens
432 2776 501 2818 esse
518 2755 692 2826 dinoscitur,
700 2760 733 2817 nt
741 2756 807 2837 quis
824 2754 861 2817 de
873 2755 989 2817 malicia
1007 2756 1162 2817 comodum
1170 2757 1432 2820 nonlucretur.-

233 2867 363 2949 Dignum
379 2871 438 2937 est,
461 2871 494 2927 ut
509 2864 560 2927 ubi
587 2864 700 2927 crimen
717 2864 923 2934 committitur,
950 2864 991 2926 ibi
1020 2866 1250 2928 sentencialiter
1277 2865 1431 2947 puniatur.

234 3015 278 3026 -
295 2976 407 3038 Domus
423 2974 473 3036 illa
489 2972 609 3035 deserta
625 2972 769 3045 creditur,
786 2992 844 3055 que
860 2973 978 3036 iusticie
994 2972 1197 3055 gubernaculo
1220 2995 1279 3037 non
1300 2974 1431 3036 fovetur.

235 3084 328 3147 -Ad
344 3083 501 3166 purganda
517 3082 637 3164 flagicia
652 3082 818 3164 intrepidus
834 3083 970 3155 accedat,
988 3102 1076 3165 quern
1093 3084 1282 3146 consciencia
1299 3083 1433 3146 criminis

236 3215 295 3257 non
317 3198 451 3257 accusat.
474 3231 518 3240 -
539 3191 607 3255 Non
619 3190 658 3276 a)
681 3192 858 3274 dampnatur
879 3192 929 3274 qui
953 3192 1072 3264 cecidit,
1094 3193 1148 3255 sed
1171 3193 1222 3275 qui
1243 3199 1312 3274 post
1329 3212 1433 3255 casum

236 3302 413 3385 resurgendi
430 3299 560 3363 officium
575 3321 635 3363 non
651 3302 814 3383 assumpsit
825 3301 873 3387 b).
890 3339 934 3350 —
946 3300 1099 3383 abstergit
1113 3302 1261 3365 maculam
1273 3300 1436 3364 cuiuslibet

237 3414 369 3479 criminis
387 3412 476 3494 digna
498 3409 684 3493 subsequens
713 3410 860 3474 correctio
882 3411 1052 3491 penitentis.
1075 3410 1290 3474 -Delictum
1311 3411 1434 3493 gravium

238 3524 337 3608 puniri
353 3520 510 3586 consuerit
525 3520 574 3584 cui
591 3519 738 3601 condigna
754 3519 925 3583 satisfaccio
942 3540 1001 3582 non
1018 3521 1163 3583 succedit.

331 3636 381 3700 De
408 3632 577 3719 obsequiis.
613 3628 793 3693 Beneficium
821 3629 949 3691 libenter
976 3630 1115 3711 accipere
1146 3629 1237 3694 nicbil
1268 3630 1350 3693 aliud
1377 3636 1435 3693 est,

124 3782 163 3823 ru
177 3780 203 3820 24
211 3780 231 3819 i,
241 3764 330 3828 quarn
336 3742 503 3807 libertatem
516 3717 819 3820 servitutisubiugare
832 3738 879 3824 c).
890 3738 1067 3820 -Dignum
1080 3738 1211 3802 creditur
1223 3744 1253 3802 et
1264 3739 1435 3811 honestum,

241 3862 274 3919 ut
303 3840 356 3938 qui
381 3852 568 3914 dominorum
602 3849 736 3911 serviciis
770 3869 803 3910 se
836 3852 972 3930 prompte
1006 3847 1167 3921 subiciunt,
1191 3848 1282 3931 digne
1304 3848 1436 3912 retribu-

243 3964 337 4027 cionis
354 3982 476 4025 munere
501 3959 601 4023 debita
622 3958 827 4045 vicissitudine
850 3976 868 4019 a
890 3956 1015 4019 dominis
1039 3958 1230 4039 premientur.
1247 3959 1436 4021 -Honoris

243 4072 392 4136 cumulum
408 4069 614 4133 subministrat
634 4067 760 4130 dominis
781 4067 812 4128 in
828 4065 954 4147 agendis
970 4067 1105 4148 negociis
1122 4068 1258 4130 sollercia
1275 4068 1436 4130 servitutis.

244 4219 288 4231 -
311 4182 344 4244 Si
366 4180 433 4263 quis
455 4177 539 4241 alteri
562 4178 746 4240 dominorum
767 4196 827 4239 non
844 4173 964 4246 sullicit,
987 4176 1063 4237 male
1085 4197 1119 4238 se
1141 4177 1239 4240 reddit
1254 4175 1384 4238 habilem
1400 4176 1437 4238 ad

245 4295 413 4371 utrumque.
439 4327 482 4336 —
505 4287 562 4368 Qui
586 4285 703 4350 duobus
726 4281 852 4347 dominis
876 4283 988 4346 servire
1010 4283 1161 4347 desiderat
1183 4306 1311 4348 necesse
1334 4291 1392 4358 est,
1408 4290 1439 4348 ut

247 4417 337 4461 unum
354 4396 457 4477 diligat
473 4400 503 4458 et
520 4398 644 4459 alterum
661 4399 861 4475 contempnat.

340 4541 374 4611 a)
390 4541 427 4594 llo
440 4538 592 4610 penitencia
606 4539 633 4591 Z.
647 4538 709 4591 an
728 4537 764 4590 ist
780 4537 862 4590 Raum
882 4536 961 4590 orror
979 4539 1111 4607 gelasscn.
1134 4569 1161 4579 -
1182 4537 1214 4607 b)
1236 4539 1384 4610 assumpsit
1402 4554 1441 4591 am

250 4632 341 4687 Rande
355 4635 383 4687 V.
399 4632 510 4687 assumit
523 4630 550 4682 Z.
569 4659 595 4667 -
614 4629 645 4695 c)
662 4629 834 4682 servitutibus
848 4629 967 4696 obligare
981 4628 1007 4681 Z.
1109 4667 1111 4670 ψ
1355 4641 1358 4645 “
