3209 5392
262 545 313 616 24

260 717 453 782 inveniuntur
463 719 560 793 litere,
574 740 632 804 que
645 743 681 784 ex
699 723 744 785 sui
764 730 869 787 natura
885 721 1112 786 commissiones
1126 721 1344 806 quodammodo
1358 722 1461 785 vocari

255 834 391 908 possunt,
409 835 441 890 ut
462 835 546 892 sunt:
570 828 799 913 inquisiciones,
812 830 985 895 executorie
1007 835 1038 893 et
1058 830 1271 903 visitaciones,
1299 830 1338 895 ad
1356 850 1459 893 earum

258 935 462 1000 differenciam
489 937 658 1002 habendam
686 939 841 1003 sciendum
864 939 915 1026 a),
945 939 1025 1022 quod
1052 944 1166 1003 tanturn
1198 939 1249 1002 bic
1281 938 1393 1002 dicitur
1424 938 1462 1001 de

256 1045 529 1119 commissionibus,
545 1047 576 1110 in
593 1046 701 1130 quibus
719 1048 757 1133 l)
774 1069 932 1113 causarum
948 1046 1089 1130 cognicio
1102 1069 1120 1112 a
1133 1047 1287 1130 superiore
1305 1047 1461 1111 inferiori-

255 1151 312 1215 bus
331 1154 552 1240 delegatore).

347 1263 509 1327 Videamus
538 1264 631 1344 igitur
657 1263 689 1325 in
716 1242 837 1346 primis:
873 1265 941 1346 quis
974 1265 1022 1327 cui
1053 1265 1152 1347 possit
1182 1265 1370 1328 committere
1403 1265 1461 1335 vel,

255 1372 421 1435 secundum
436 1372 509 1434 iuris
526 1371 714 1443 vocabulum,
732 1372 883 1454 delegare.
917 1374 950 1436 ln
966 1373 1186 1454 spiritualibus:
1213 1373 1350 1436 dominus
1367 1392 1457 1455 papa,

253 1480 486 1562 archiepiscopi,
504 1479 639 1560 episcopi
653 1479 816 1551 alemanie,
831 1481 881 1563 qui
892 1487 1019 1564 utroque
1036 1480 1136 1563 gladio
1150 1488 1220 1544 sunt
1232 1481 1384 1562 insignes,
1398 1487 1461 1544 tam

253 1588 420 1670 spiritualia
436 1607 525 1671 quam
536 1588 712 1668 temporalia
725 1590 913 1652 committere
925 1594 1063 1671 possunt,
1077 1590 1118 1652 ita
1135 1596 1235 1653 tamur
1248 1589 1329 1672 quod
1342 1589 1460 1652 directe

253 1716 356 1760 eorum
373 1695 544 1760 commissio
562 1715 684 1759 eausam
701 1698 857 1778 sanguinis
875 1698 984 1779 nond)
1001 1698 1139 1779 attingat.
1163 1698 1196 1760 ln
1214 1696 1252 1783 e]
1269 1697 1459 1760 secularibus

251 1825 323 1869 vero
341 1811 370 1869 et
385 1790 615 1886 tempordlibus:
638 1804 783 1867 Dominus
801 1806 979 1887 imperator,
996 1825 1104 1887 reges,
1121 1805 1231 1876 duces,
1249 1805 1454 1878 marchiones,

253 1915 378 1979 comites
401 1914 502 1977 etalii
529 1913 645 1975 iudices
674 1931 762 1995 quarn
789 1914 891 1995 piures
921 1914 1109 1977 committunt
1131 1932 1239 1976 causas
1269 1911 1399 1976 subditis
1423 1920 1455 1977 et

252 2023 409 2105 delegant,
438 2022 491 2086 sed
520 2021 598 2084 nullo
627 2040 756 2104 unquam
785 2042 860 2084 ausu
888 2022 926 2085 ad
955 2022 1121 2104 spiritualia
1142 2028 1269 2103 possunt
1292 2022 1456 2086 extendere

251 2153 355 2196 manus
387 2152 467 2195 suas.
500 2130 545 2193 llt
576 2135 636 2193 est
673 2128 842 2192 libertas
880 2130 1165 2194 ecelesiastica
1202 2131 1484 2212 prestancior,
1532 2202 1540 2218 ὑ

252 2241 440 2312 seculari,
472 2238 648 2323 quoniam
679 2236 835 2319 plurimi
869 2238 1073 2321 principes
1108 2238 1383 2302 ecclesiastici
1417 2240 1454 2302 in

254 2349 423 2413 subditis
447 2348 527 2410 suis
551 2365 681 2408 manus
705 2364 793 2407 suas
822 2352 989 2427 possunt
1012 2348 1221 2410 extendere
1244 2347 1289 2409 ad
1312 2347 1453 2411 utrius-

250 2478 318 2542 que
374 2458 511 2521 iodieii
559 2460 805 2538 potestatem.
856 2456 961 2518 Omnis
989 2463 1089 2520 autem
1118 2457 1290 2521 commissio
1309 2456 1451 2520 facienda

252 2572 299 2630 est
331 2588 348 2631 a
379 2588 434 2629 suo
466 2565 566 2629 iudice
598 2561 746 2635 subditis,
775 2564 856 2647 quod
884 2566 1066 2645 generaliter
1091 2571 1153 2629 tam
1186 2566 1216 2628 in
1245 2565 1451 2648 spiritualibus

254 2695 343 2758 quam
369 2673 583 2757 temporalibus
606 2673 704 2735 locurn
732 2671 840 2744 habet,
869 2673 1040 2736 commissio
1063 2675 1152 2746 enirn,
1171 2696 1231 2737 non
1247 2694 1265 2736 a
1281 2695 1336 2738 suo
1354 2675 1455 2738 iudice

250 2788 343 2858 lacta,
371 2785 480 2849 nullam
507 2783 599 2846 habet
614 2780 792 2846 firmitatem.
811 2821 855 2831 —
880 2782 976 2846 Omne
1000 2804 1071 2847 vero
1099 2783 1243 2846 iudicium
1271 2790 1393 2849 constat
1421 2805 1456 2847 ex
1494 2861 1497 2866 ,

249 2894 363 2959 tribus:
388 2894 488 2957 iudice
516 2891 676 2962 videlicet,
704 2896 807 2953 actore
836 2898 867 2954 et
882 2913 952 2963 reo,
981 2897 1013 2954 et
1033 2892 1239 2955 necessarium
1263 2892 1365 2955 estad
1385 2893 1455 2967 hoc,

250 3005 330 3088 quod
347 3001 520 3068 commissio
536 3001 618 3063 facta
634 3020 651 3062 a
669 2999 825 3080 superiore
842 2999 949 3072 valeat,
966 3006 998 3062 ut
1015 3000 1072 3063 due
1088 3020 1218 3082 persone
1241 3000 1301 3064 sint
1323 3001 1361 3063 de
1383 3022 1455 3083 pro·

249 3114 350 3176 vincia
368 3112 431 3175 sive
449 3110 486 3173 de
503 3108 628 3191 dyocesi
644 3127 773 3189 persone
791 3107 1022 3180 committentis,
1045 3108 1134 3171 iudex
1151 3109 1278 3180 seilicet,
1296 3110 1345 3172 cui
1363 3131 1454 3175 causa

252 3221 465 3291 committitur,
487 3224 577 3301 atque
590 3236 676 3289 reus3
705 3216 743 3279 de
759 3222 863 3280 actore
879 3222 979 3280 autem
995 3238 1054 3281 non
1070 3202 1250 3300 requiritur,
1267 3217 1316 3300 qui
1335 3240 1456 3302 semper

228 3331 286 3395 ‘et
317 3329 428 3413 ubique
458 3332 598 3412 paratos,
613 3324 705 3388 debet
734 3325 871 3388 invenire
903 3325 1019 3387 iudices
1051 3331 1082 3389 et
1114 3326 1291 3390 defensores
1322 3328 1452 3392 iusticie.

343 3435 569 3502 Commissionis
586 3436 682 3498 forma
696 3433 760 3496 sive
772 3439 861 3496 tenor
872 3432 940 3496 talis
958 3439 1020 3496 est:
1038 3433 1110 3498 Post
1123 3434 1339 3499 salutacionem
1352 3437 1454 3501 statim

249 3554 378 3632 ponatur
393 3544 578 3629 querimonia
594 3542 734 3606 iniuriam
749 3542 915 3624 pacientis,
941 3542 1049 3605 deinde
1072 3542 1260 3616 mandatum,
1290 3546 1372 3627 quod
1388 3546 1453 3628 ipsa

248 3657 356 3721 iniuria
374 3658 588 3738 cognoscatur,
599 3652 641 3714 ita
654 3651 735 3735 quod
746 3671 839 3734 passo
856 3651 995 3714 iniuriam
1011 3650 1140 3714 satisfiat
1156 3657 1187 3715 et
1202 3659 1274 3716 tunc
1287 3662 1454 3735 apponetur

250 3766 436 3838 colonario,
465 3783 523 3847 qua
540 3767 621 3825 stare
637 3759 758 3823 iusticie
786 3765 945 3823 contumax
966 3760 1179 3841 compellatur,
1208 3761 1287 3826 nulla
1309 3767 1357 3825 est
1374 3765 1453 3828 enim

247 3874 433 3945 iurisdictio,
456 3892 514 3955 que
538 3868 783 3935 cohortacionem
795 3886 941 3931 annexam
958 3889 1018 3930 non
1034 3868 1155 3940 babeat,
1173 3869 1258 3933 etita
1275 3872 1451 3936 cohortacio

246 3981 445 4048 iurisdictioni
464 3980 503 4065 f)
519 3983 706 4049 annectatur,
723 3975 792 4059 quia
810 3975 880 4038 data
896 3976 1115 4048 iurisdictione,
1132 3977 1228 4040 eciam
1251 3979 1278 4040 si
1294 3979 1452 4045 literaliter
1485 4013 1488 4019 ·

247 4115 307 4157 non
323 4093 450 4162 dicatur,
467 4088 640 4152 cohortacio
657 4084 866 4149 nichilominus
884 4091 1066 4149 estannexa.
1080 4086 1175 4150 -Et
1190 4087 1354 4152 notandum
1370 4092 1451 4173 quod

248 4199 491 4267 commissionum
513 4196 571 4259 alie
593 4201 663 4258 sunt
683 4196 861 4282 simplices,
887 4195 945 4259 alie
970 4217 1145 4261 communes
1167 4216 1203 4259 ac
1225 4197 1282 4260 alie
1306 4200 1449 4286 leqende.

246 4311 286 4375 Et
302 4310 440 4373 dicuntur
455 4305 618 4393 simplices
632 4326 690 4369 ceu
707 4326 885 4370 communes
901 4326 936 4368 eo
955 4304 1036 4389 quod
1053 4304 1118 4367 sine
1138 4305 1315 4370 difficultate
1329 4308 1450 4381 dentur,

246 4441 316 4485 curn
325 4415 502 4499 simpliciter
514 4413 551 4477 de
564 4413 628 4476 iure
642 4414 791 4477 communi
805 4435 908 4478 earum
921 4414 993 4477 ordo
1008 4413 1178 4496 dependeat
1190 4421 1221 4478 et
1231 4434 1396 4497 processus
1405 4456 1449 4468 -

336 4600 493 4669 a)s.autcm
503 4595 532 4651 V.
545 4625 572 4636 -
583 4595 616 4667 b)
630 4595 786 4665 quibusdam
800 4594 829 4652 V.
838 4598 910 4666 -c)
925 4597 950 4651 d.
961 4595 1018 4650 aliis
1031 4596 1118 4650 locum
1132 4612 1209 4650 suum
1222 4597 1341 4653 debitum
1355 4615 1447 4654 rescr-
1499 4670 1502 4677 Ι

245 4695 337 4750 cantas
364 4690 434 4747 Z.-
452 4689 487 4761 d)
520 4705 571 4742 non
598 4686 720 4744 admittat
749 4690 789 4741 vel
818 4689 844 4744 Z.
871 4719 898 4730 -
924 4689 956 4760 e)
987 4692 1032 4757 „in
1060 4689 1250 4745 secularibus“
1275 4688 1316 4746 bis
1342 4689 1449 4761 „iudicii

253 4783 430 4861 potestatem
445 4780 515 4837 tebit
528 4776 557 4836 V.
574 4810 604 4820 -
618 4777 650 4853 f)
663 4777 873 4837 iurisdictionem
886 4781 916 4838 V.
