3209 5392
1577 4 1580 99 l

288 513 361 584 102

372 689 444 751 Item
457 686 504 769 o).
517 687 582 750 Etsi
594 693 729 752 notorum
741 687 863 751 emissio
876 688 958 769 prius
972 707 1040 751 esse
1052 684 1162 749 habeat
1175 704 1212 747 ex
1223 683 1315 746 libera
1327 682 1458 765 quodam·
1573 565 1579 762 l

282 794 370 858 modo
377 796 527 864 voluntate
543 796 690 868 voventis,
698 802 899 879 tamenusque
908 795 983 858 adeo
991 794 1158 858 necessitas
1165 790 1460 875 ohligatvolnntatem
1574 789 1577 822 ⁵

280 912 315 970 ut
331 908 395 971 sine
410 927 488 989 pena
504 906 606 970 subire
623 913 752 991 nequeat
767 907 922 989 penitudo,
935 905 1084 989 quoniam,
1096 904 1177 966 iuxta
1189 902 1338 984 eloquium
1353 898 1460 980 sapien·

276 1013 340 1086 'tis,
354 1013 494 1097 displicet
504 1015 568 1078 Deo
584 1015 742 1097 promissio
754 1014 882 1078 infidelis
895 1020 925 1076 et
935 1013 1021 1076 ruina
1034 1018 1081 1076 est
1092 1012 1190 1075 anime
1202 1015 1321 1073 sanctos
1337 1008 1462 1071 deviare

282 1128 313 1187 et
327 1129 396 1187 vota
419 1124 641 1207 quomodolibet
661 1129 836 1187 retractare.
861 1121 929 1185 ldeo
946 1123 997 1204 qui
1011 1126 1100 1185 vovet
1113 1120 1212 1183 votivo
1225 1116 1315 1181 debet
1326 1113 1461 1178 desiderio
1574 1057 1579 1202 l

284 1232 412 1295 reddere
435 1232 553 1294 domino
569 1233 633 1296 Deo
650 1238 761 1305 votum,
777 1238 811 1295 ut
826 1233 863 1295 ad
881 1230 1019 1294 allectum
1036 1229 1146 1312 aliquid
1162 1226 1297 1291 adiciens
1313 1244 1367 1307 per
1381 1222 1461 1285 effec·
1576 1219 1580 1338 q

283 1346 356 1413 tum,
374 1341 401 1403 ei
417 1341 536 1422 placere
552 1339 688 1422 incipiat,
709 1342 760 1424 qui
776 1361 829 1403 cor
843 1338 972 1402 hominis
988 1337 1085 1419 magis
1101 1356 1191 1420 quarn
1205 1353 1326 1398 manum
1342 1332 1462 1396 noscitur

281 1455 449 1530 acceptare.

706 1594 748 1657 lle
763 1596 890 1661 colenda
906 1595 1052 1659 omlclolo.

777 1717 904 1762 Distinctio
916 1718 973 1762 xxi.

372 1817 541 1880 Recolenda
559 1823 627 1880 sunt
641 1816 798 1889 beneficia,
815 1816 923 1901 quihus
940 1816 1173 1900 multiplicantur
1187 1815 1289 1888 amici,
1302 1821 1333 1878 et
1344 1815 1392 1877 illa
1404 1832 1465 1894 pre-

286 1926 391 2009 cipue,
418 1947 476 2010 que
499 1927 535 1990 de
558 1927 660 2010 gracia
683 1929 884 1992 conseruntur.
910 1926 986 1990 Nam
1008 1925 1064 1989 etsi
1091 1931 1193 1988 tacere
1221 1924 1261 1989 sit
1283 1919 1466 1991 conferentis,

283 2023 460 2118 recipientis
476 2043 577 2100 tamen
593 2042 649 2108 est,
677 2036 758 2099 iuxta
786 2035 932 2117 sapientis
961 2034 1121 2117 eloquium,
1138 2035 1237 2098 multis
1267 2036 1467 2116 perceptorum

280 2144 495 2208 beneficiorum
510 2144 723 2225 gratitudinem
741 2163 890 2207 enarrare.
927 2129 930 2134 ⁵

370 2255 442 2318 ltem
460 2253 511 2339 o).
537 2252 684 2335 Quoniam
706 2274 764 2338 que
787 2273 847 2316 non
869 2245 1013 2316 excolitur
1034 2252 1171 2315 amicicia
1188 2251 1308 2316 subbito
1323 2256 1357 2333 l)
1375 2255 1472 2312 couta-
1574 2225 1580 2312 l

278 2361 387 2434 hescit,
404 2362 607 2424 necessarium
623 2361 701 2424 inter
716 2363 828 2425 amicos
846 2382 914 2424 esse
931 2361 1105 2434 dinoscitur,
1120 2361 1328 2424 indesinenter
1342 2356 1470 2423 relativis

283 2492 351 2535 sese
368 2469 527 2534 affectibus
543 2472 709 2553 prevenire.

372 2584 445 2646 ltem
458 2584 505 2663 a).
530 2581 570 2643 Et
590 2581 704 2644 racioni
727 2601 892 2663 congruum
915 2586 946 2643 et
963 2585 1097 2644 consuet
1084 2580 1180 2644 tudini
1204 2580 1324 2662 sapient
1325 2581 1351 2642 is
1311 2576 1474 2645 atllndit

282 2695 316 2754 ut
337 2689 499 2753 amicorum
527 2695 692 2769 cognoscat
719 2690 861 2762 intencio,
892 2709 950 2772 que
977 2690 1059 2753 Deus
1083 2687 1397 2794 omnipotens
1397 2689 1472 2749 siros

285 2797 439 2863 dilectos
430 2797 508 2878 rugit
510 2819 542 2860 er
496 2798 675 2861 tordinat
662 2787 1183 2906 tethQffldmimsum
1153 2820 1184 2860 1n
1201 2798 1363 2862 dilectione
1378 2794 1473 2879 preci·
1574 2835 1577 2878 q

282 2907 336 2991 pni
348 2912 394 2989 c),
408 2905 673 2969 debent'omuiiini
680 2901 844 2989 participes
860 2907 997 2979 inveniri,
1014 2908 1180 2988 gaudentes
1193 2907 1308 2989 pariter
1320 2927 1346 2968 er
1338 2905 1471 2968 veniant

287 3035 443 3101 prospera,
466 3019 496 3076 et
518 3014 544 3076 si
566 3015 740 3096 contingant
752 3020 789 3099 d)
812 3016 939 3078 adversa
960 3016 1108 3100 equaliter
1129 3014 1325 3078 condolentes
1332 3036 1342 3086 ;
1358 3014 1471 3094 indigne
1577 3021 1578 3034 ¹

286 3125 406 3210 quidem
422 3124 460 3187 ad
477 3124 586 3206 gaudia
603 3125 733 3196 ducitur,
756 3125 892 3207 quicum
913 3145 966 3188 suo
990 3125 1098 3188 dilecto
1121 3125 1231 3187 doloris
1254 3125 1404 3186 sarcinam
1419 3140 1471 3182 non

283 3233 405 3297 metitur
420 3238 451 3296 et
465 3232 597 3296 indebite
621 3232 719 3314 eidem
741 3234 942 3296 communicat
957 3233 988 3295 in
1003 3234 1168 3316 prosperis,
1190 3234 1240 3316 qui
1257 3231 1471 3296 communicare

285 3340 342 3404 sibi
359 3340 457 3404 renuit
471 3341 503 3403 in
519 3340 653 3404 adversis
667 3335 714 3426 e)

373 3451 453 3515 Item
460 3450 611 3532 o).Hal)et
618 3450 836 3533 hocproprium
847 3449 1012 3514 amicabilis
1028 3451 1208 3532 integritatis
1222 3450 1392 3523 sinceritas,
1400 3446 1471 3535 uts)

291 3560 454 3623 amicorum
465 3559 541 3622 alter
552 3560 674 3624 alterius
687 3580 778 3624 onera
790 3560 907 3632 subeat,
920 3580 977 3622 nec
989 3562 1104 3623 recolat
1115 3560 1141 3623 si
1153 3561 1311 3643 aliquando
1323 3560 1471 3643 pungitur,

286 3689 343 3733 nec
371 3668 483 3750 cogitet
509 3668 620 3730 inferre
642 3668 748 3732 similia
769 3669 829 3732 hiis
851 3688 909 3752 que
942 3668 1068 3751 patitur,
1097 3669 1275 3753 studeatque
1296 3670 1424 3733 tolerare
1442 3666 1469 3729 io

286 3780 392 3863 spiritu
408 3780 550 3861 patientie
567 3779 648 3862 quod
662 3780 753 3843 infert
740 3786 797 3843 t.ur

376 3924 409 3993 a)
423 3923 457 3976 ad
470 3922 628 3977 rdemZ
593 3923 672 3993 -b)
688 3922 841 3978 subditoll.
854 3925 935 3994 -c)
953 3923 1198 3996 principumZ.-
1211 3922 1246 3992 d)
1259 3923 1465 3994 contingentem

287 4016 390 4080 llonde,
403 4032 452 4070 von
466 4016 577 4068 anderen
590 4014 663 4067 Hand
677 4015 754 4069 ll.-
721 4014 799 4083 -e)
813 4015 840 4068 Ζ
853 4014 918 4068 ltsm
931 4016 965 4068 ad
977 4015 1054 4069 idem.
1080 4016 1137 4069 Nou
1151 4012 1208 4068 veri
1221 4013 1297 4068 amici
1317 4012 1465 4068 vocabulum

287 4108 313 4160 in
326 4124 356 4162 se
368 4108 458 4168 habet,
471 4106 518 4177 qui
528 4105 611 4160 amieo
624 4122 674 4159 sno
687 4109 808 4176 ternpore
818 4105 985 4160 necessitatis
996 4105 1151 4160 beneficium
1162 4105 1296 4159 subtrahit
1308 4111 1466 4160 consuetum.

287 4198 353 4252 llam
375 4196 417 4250 nbi
436 4196 601 4264 diligentium
619 4195 686 4262 fides
705 4195 892 4266 cognoscitur,
914 4195 950 4249 ibi
968 4198 1090 4266 profecto
1107 4197 1224 4251 fidelium
1242 4197 1383 4250 sinceritas
1395 4193 1466 4247 inuo-

287 4287 376 4342 toscit
401 4287 476 4340 hicet
494 4287 576 4355 igitur
596 4287 740 4357 diligentes
757 4287 813 4341 siut
831 4285 910 4341 utiles
928 4287 1075 4350 exclusive,
1096 4288 1223 4342 inclusive
1243 4291 1331 4342 tamen
1350 4285 1464 4340 utiliores

289 4381 359 4438 sunt,
372 4378 430 4431 dum
438 4377 607 4431 adversitatis
619 4381 740 4448 ternpore
753 4378 877 4431 videntur
889 4379 1030 4449 plurimum
1040 4379 1219 4439 conferentes,
1232 4379 1338 4449 quondo
1351 4375 1468 4431 videlieet

288 4469 346 4522 fleti
358 4467 489 4523 tolluntur
502 4467 535 4520 de
547 4467 643 4529 medio,
657 4469 751 4522 otveri
765 4468 798 4521 ad
812 4470 898 4523 minus
908 4476 1065 4540 permanent
1077 4469 1103 4523 in
1116 4471 1214 4523 oculto.
1235 4469 1311 4523 Sicut
1323 4469 1390 4523 enirn
1401 4462 1466 4520 venti

289 4558 411 4631 impulsio
429 4557 532 4628 paleam
549 4564 676 4630 segregat
689 4576 703 4611 a
717 4558 861 4622 frumento,
882 4559 922 4614 sic
939 4561 1105 4614 adversantis
1117 4559 1225 4614 fortune
1238 4560 1384 4630 percussio,
1402 4571 1463 4627 pse·

288 4652 356 4706 toris
383 4648 575 4722 quodammodo
608 4648 748 4719 pandendo
779 4653 923 4714 secretum,
948 4650 1123 4723 inperfectum
1154 4651 1296 4720 diligenter
1325 4650 1465 4721 separate

290 4761 351 4818 per
340 4743 467 4799 ecto
480 4740 512 4812 f)
526 4744 555 4795 nt
568 4758 609 4795 am
621 4738 755 4794 Randel'.
