3209 5392
1285 542 1362 617 319

171 719 275 804 pimus
298 717 338 805 ¹),
369 718 582 802 solempnitate
611 737 668 800 qua
705 718 808 782 decuit
834 720 1003 783 maniiesta.
1037 720 1246 804 supplicamus
1274 719 1375 802 itaque

168 833 269 892 vestre
294 825 431 910 piissime
459 825 650 908 paternitati,
676 830 823 909 quatenus
846 827 983 911 predicto
1007 828 1126 891 domino
1143 832 1246 892 nostro
1262 826 1374 890 favoris

168 934 357 1019 plenitudine
391 939 422 999 et
451 933 563 998 affectu
590 933 787 1017 benignitatis
810 935 898 999 solite
920 942 981 999 tam
1002 941 1127 1021 paterne
1144 940 1175 999 et
1188 942 1249 999 tam
1266 938 1315 1021 pie
1336 937 1375 1000 ad

161 1046 282 1134 bonum
310 1049 421 1110 statum
439 1044 600 1108 christiani
617 1045 719 1129 populi
736 1044 901 1127 dignemini
918 1045 1080 1117 assistere,
1114 1051 1147 1110 ut
1172 1065 1230 1129 pax
1257 1046 1376 1129 disper-

176 1155 238 1220 dita
246 1155 411 1229 refloreat,
426 1153 564 1218 heretica
581 1154 681 1218 erulet
697 1158 734 1237 a)
751 1155 895 1238 pravitas,
912 1161 943 1220 et
958 1153 1027 1218 iidei
1045 1154 1209 1220 orthodoxe
1224 1156 1374 1237 plantacio

174 1273 288 1332 eontra
306 1264 407 1328 crucis
424 1262 535 1326 Christi
550 1265 664 1326 emulos
681 1263 717 1327 ad
736 1264 847 1328 Christi
863 1265 989 1349 gloriam
1005 1285 1038 1327 se
1055 1264 1168 1329 dilatet.

748 1490 813 1560 20.

549 1665 724 1733 donemus
740 1668 773 1733 li.
789 1668 918 1749 principi
932 1667 998 1732 tell.

172 1834 229 1887 Der
247 1832 362 1886 Conveni
374 1830 448 1884 einer
463 1830 581 1883 Kloetere
593 1828 698 1884 wenrici
711 1827 790 1894 rich,
813 1825 943 1883 nocbdem
958 1826 1046 1882 dieser
1063 1825 1155 1881 acinco
1170 1828 1277 1882 Gdouer
1289 1825 1374 1881 durch

218 1924 270 1977 den
289 1923 345 1977 Yod
355 1924 490 1987 verlercn,
504 1938 538 1974 arr
552 1921 627 1975 einen
641 1919 726 1974 bohen
742 1917 904 1975 Ger'ctlr'rben
917 1919 974 1972 und
986 1917 1117 1973 hildetida
1128 1936 1171 1974 rm
1186 1918 1323 1973 Ber'etand.

265 2065 346 2119 Gerb.
361 2064 386 2129 i,
400 2065 444 2119 42.

266 2212 464 2296 Propinatum
489 2212 576 2276 uobis
602 2232 697 2295 nuper
720 2232 756 2274 er
780 2212 900 2294 lugubri
923 2212 1007 2277 obitu
1031 2213 1080 2295 pie
1097 2211 1321 2276 recordacionis
1337 2212 1374 2276 N.

176 2323 240 2388 dire
277 2322 364 2386 vaide
392 2321 598 2386 amaritudinis
627 2321 752 2384 calicem
780 2321 947 2385 lacrimosis
975 2322 1113 2404 suspiriis
1137 2320 1176 2405 d)
1192 2320 1376 2393 haurientes,

175 2434 246 2498 dum
263 2431 496 2496 consideramus
512 2432 543 2494 in
559 2429 684 2501 intimis,
701 2450 755 2494 uos
774 2451 811 2492 ex
822 2431 1014 2493 ammissione
1031 2430 1126 2513 ipsius
1142 2431 1376 2515 irrecuperabile

179 2543 343 2625 dampnum
356 2560 474 2624 passos,
493 2540 531 2603 ad
544 2539 665 2603 unicum
677 2540 861 2604 recurrimus
876 2539 980 2603 sedula
991 2540 1192 2605 mediiacione
1207 2540 1374 2611 consilium,

175 2651 258 2735 quod
287 2671 322 2714 er
350 2669 410 2733 quo
441 2669 547 2712 marrus
576 2648 720 2711 ditissimi
744 2655 805 2712 tam
829 2648 914 2730 graui
937 2655 1085 2732 punctura
1110 2668 1164 2712 ros
1194 2649 1322 2732 pupugit
1346 2655 1377 2712 et

178 2765 352 2845 promotore
374 2764 435 2822 tam
463 2757 545 2839 uigili
561 2757 705 2840 privavit:
730 2756 761 2820 in
784 2778 838 2820 ros
862 2755 1042 2821 fiducialiter
1059 2778 1176 2824 omnem
1193 2760 1376 2841 agendorum

176 2877 348 2935 nostrorum
378 2869 554 2950 congeriem
582 2886 800 2948 congeramus,
834 2872 938 2949 utpote
966 2867 1017 2950 qui
1046 2873 1077 2930 ct
1105 2868 1199 2932 nostis
1228 2876 1259 2933 et
1287 2871 1376 2933 vultis

176 2981 422 3047 necessitatibus
451 2982 608 3045 consulere
632 2979 670 3065 c)
688 2978 850 3041 amicorum
879 2996 915 3040 ac
943 2976 1178 3041 remediabiliter
1204 2978 1374 3044 subvenire.

176 3093 210 3156 lu
226 3090 313 3154 robis
337 3090 431 3173 igitur
447 3089 608 3154 anchoram
626 3088 688 3170 spei
708 3091 808 3150 nostre
825 3090 894 3167 post
909 3087 1005 3148 Deum
1020 3086 1164 3170 precipue
1181 3087 1375 3161 collocantes,

178 3200 357 3285 paternitati
372 3206 473 3262 vestre
489 3198 625 3282 piissime
642 3198 857 3280 supplicamus,
875 3200 1022 3278 quatenus
1039 3197 1150 3261 nostris
1166 3200 1376 3279 promovendis

177 3314 208 3373 et
226 3309 419 3392 expediendis
444 3307 582 3390 negociis
608 3304 789 3370 salutaribus
814 3305 913 3370 uelitis
937 3304 1049 3391 adesse¹
1062 3306 1196 3382 consiliis
1214 3312 1245 3369 ct
1260 3308 1375 3371 auxiliis

177 3417 364 3502 opportunis.

270 3600 374 3653 Slobbe
400 3616 443 3651 no.
470 3597 531 3653 ill.
558 3597 599 3652 Ad
632 3598 744 3652 emirum
770 3596 844 3669 quod
870 3598 905 3651 eit
929 3599 1067 3670 propicius
1092 3597 1177 3653 amieo
1202 3598 1376 3669 conquerenti

176 3689 209 3742 de
222 3693 307 3743 morte
318 3688 403 3744 amici.
415 3689 549 3744 Bodmaun
561 3709 587 3761 p.
601 3689 664 3744 223.
681 3720 708 3729 —
723 3690 819 3743 Philol.
832 3688 885 3741 383
899 3691 946 3743 iol.
959 3689 1003 3742 23.
1018 3690 1065 3744 nie
1078 3691 1212 3744 Annahme
1227 3686 1374 3750 Gerberi's,

177 3781 226 3834 der
249 3780 327 3834 Brief
348 3780 387 3833 sei
413 3798 464 3834 ron
487 3780 572 3847 Kiinig
597 3780 699 3834 Rudolf
726 3796 760 3833 an
786 3779 888 3833 liudolf
916 3798 965 3832 ron
992 3781 1136 3836 Hoheueclr
1163 3779 1309 3851 gerichtrt,
1341 3779 1377 3832 isi

177 3887 244 3941 ganz
268 3890 315 3925 aus
338 3873 386 3925 der
411 3873 476 3925 Lull
501 3872 640 3944 gegrih'eu.

275 4054 309 4123 α)
324 4053 427 4109 exultet
439 4053 461 4108 V
474 4052 528 4107 und
541 4054 569 4107 Z.
587 4083 614 4092 -
629 4053 661 4122 d)
675 4051 840 4123 singultibus
855 4053 898 4106 fiir
913 4053 1037 4124 suspiriis
1051 4056 1077 4107 Z.
1088 4083 1117 4093 -
1128 4053 1159 4124 e)
1175 4054 1376 4110 necessitatibus

179 4145 325 4198 amicorum
340 4145 444 4199 sincere
459 4146 600 4199 consulere
613 4145 641 4199 Ζ.

203 4435 227 4494 ¹)
247 4434 349 4480 Gothori
360 4435 470 4480 achliesst
482 4448 523 4481 aue
535 4435 614 4481 dieser
627 4437 709 4491 stelle,
726 4439 768 4483 der
780 4439 907 4484 Scirrelber
925 4451 1022 4485 uererer
1034 4439 1123 4486 Brieiee
1135 4438 1170 4484 eei
1182 4439 1241 4484 Grai
1251 4439 1373 4485 ileinirard

244 4530 290 4562 rou
304 4518 366 4562 Gdrr
381 4519 427 4562 und
439 4519 505 4564 'i'irol
517 4519 562 4563 und
575 4518 656 4564 nimmt
666 4532 704 4573 ao,
722 4519 761 4564 die
772 4520 921 4566 orientalium
933 4522 1033 4577 partium
1045 4521 1165 4579 principes
1177 4523 1242 4567 eeieu
1255 4523 1375 4568 Friedrich

243 4610 289 4642 ron
301 4600 417 4657 Salzburg
429 4601 476 4644 und
490 4598 582 4657 Philipp
594 4614 641 4646 ron
652 4601 779 4647 llirntheu.
792 4603 843 4648 Nur
859 4605 901 4649 dee
917 4604 1043 4650 Letzlereu
1060 4604 1197 4664 lielehnuug
1215 4606 1246 4650 iet
1265 4605 1375 4650 iudesren

243 4681 383 4727 urkundliob
396 4682 444 4742 (am
456 4683 494 4728 27.
508 4683 612 4729 Fehrrar
625 4684 700 4743 1273)
714 4686 829 4732 errarint.
841 4686 898 4744 fleg.
912 4687 970 4732 liud.
984 4700 1006 4731 rr.
1026 4686 1084 4740 1573
1099 4686 1142 4732 wir
1161 4699 1246 4747 wagan
1263 4686 1371 4733 derebuib

246 4764 312 4807 nicht
319 4762 392 4820 jeuer
403 4765 521 4809 hunahme
532 4766 688 4812 beizutreteu.
711 4768 763 4811 lter
771 4767 845 4812 inhrli
858 4768 899 4813 des
911 4769 1002 4815 Brieiee
1014 4771 1078 4825 paesi
1089 4782 1134 4813 mrr
1150 4768 1173 4814 iu
1186 4769 1226 4814 der
1238 4769 1294 4815 lahr
1306 4768 1373 4816 12⁷4.
