3209 5392
747 899 810 972 76.

546 1075 744 1142 benenom·
761 1098 815 1143 rex
832 1079 862 1143 ll.
880 1082 1005 1145 cluibus.

737 1238 817 1292 1276.

172 1375 259 1448 Konip
270 1377 378 1450 liudolf
394 1381 477 1435 derebt
498 1381 574 1436 einer
596 1384 674 1437 stadt
693 1383 743 1453 fdr
764 1382 824 1438 ihre
844 1384 1032 1456 Erqcbenber’t,
1055 1387 1145 1443 nimmt
1166 1388 1207 1447 aie
1228 1388 1256 1441 c'n
1278 1388 1371 1443 acinco

171 1465 267 1521 Sebutz
279 1471 337 1523 unct
346 1470 454 1540 fordert
465 1471 506 1527 aie
518 1473 577 1543 arcs,
588 1474 647 1528 dem
664 1475 766 1545 Grafen
779 1474 908 1532 Heinrtcb
921 1494 969 1532 ooo
982 1477 1173 1550 Fttrstcoberg,
1193 1479 1244 1534 den
1264 1498 1295 1534 cr
1311 1498 1368 1535 zum

169 1561 266 1612 Rectcr
286 1559 353 1615 ttber
374 1561 419 1616 dic
442 1564 523 1619 stam
543 1567 601 1620 und
621 1566 680 1622 ibrc
707 1568 856 1640 Uchbcny
876 1566 1013 1638 gemacht,
1045 1566 1205 1640 ebrerbietip
1231 1570 1278 1624 mit
1298 1568 1368 1625 bart

688 1657 847 1714 deizuetelm.

262 1796 341 1851 Gerb.
356 1799 382 1858 2,
396 1798 441 1854 tl.
455 1802 567 1865 Stobbe,
581 1820 624 1856 no.
638 1802 701 1856 262.
790 1802 792 1805 ’

259 1944 337 2006 Dum
366 1946 558 2012 consciencie
587 1954 688 2013 nostre
712 1950 864 2014 volumina
888 1950 1087 2021 revolvimus,
1121 1952 1192 2017 dum
1216 1952 1370 2016 subiectas

169 2050 294 2135 imperio
314 2037 467 2126 civitates,
488 2060 590 2118 nostro
609 2058 731 2121 culmini
749 2079 825 2143 pure
845 2059 1019 2123 devocionis
1040 2060 1167 2123 enxenia
1184 2060 1225 2144 a)
1241 2082 1369 2144 presen-

167 2165 278 2232 tantes,
307 2162 336 2224 in
365 2166 587 2247 speculacionis
616 2169 701 2248 regie
729 2169 854 2252 speculo
883 2170 1138 2253 contemplamur,
1170 2170 1208 2232 ad
1236 2176 1368 2234 vestram

169 2270 342 2353 specialiter
358 2272 510 2336 civitatem
539 2274 634 2337 aciem
662 2277 772 2338 mentis
801 2282 903 2339 nostre
932 2278 1152 2348 convertimus,
1187 2276 1275 2343 nobis
1298 2278 1368 2342 fidei

168 2378 281 2443 illibate
298 2380 457 2465 premicias
472 2382 656 2446 offerentem.
676 2387 758 2449 Sane
770 2384 801 2447 id
818 2405 907 2469 quam
924 2386 1042 2470 placide
1060 2391 1090 2449 et
1108 2407 1197 2469 quam
1213 2394 1371 2470 gratanter

168 2489 391 2572 acceperimus,
416 2510 505 2573 quam
522 2490 562 2554 sit
578 2493 766 2578 acceptabile
789 2511 941 2577 quamque
963 2497 1172 2577 generativum
1193 2496 1315 2560 fecundi
1333 2502 1369 2578 b)

166 2596 307 2680 tripudii,
337 2600 417 2681 quod
440 2600 539 2663 native
562 2601 707 2665 bonitatis
731 2603 854 2666 accensi
875 2603 1058 2685 flagrancin,
1087 2604 1184 2687 quod,
1213 2604 1243 2667 in
1260 2605 1370 2668 vestris

166 2707 334 2791 precordiis
363 2709 500 2772 clarioris
527 2710 597 2773 fidei
625 2712 768 2775 rutilante
797 2712 944 2784 scintilla,
979 2734 1034 2776 vos
1068 2713 1179 2777 nostris
1203 2714 1240 2777 ad
1263 2733 1370 2778 vocem

167 2820 285 2879 tantum
302 2817 444 2881 iussionis
467 2819 556 2883 unius
573 2820 756 2885 devoventes
779 2822 951 2906 obsequiis,
980 2822 1106 2886 nuncios
1129 2828 1266 2894 nostros,
1294 2843 1371 2907 quos

168 2926 205 2987 ad
222 2946 276 2989 vos
300 2928 538 3000 transmisimus,
559 2935 620 2993 tam
645 2930 849 3015 sollempniter
866 2937 972 2994 ettam
989 2930 1154 2995 honorilice
1172 2932 1368 3016 suscepistis:

167 3035 305 3098 affectum
335 3044 469 3100 nostrum
493 3058 585 3122 super
612 3040 670 3102 boc
692 3041 827 3126 perlecte
855 3040 1021 3122 exprimere
1045 3060 1104 3104 non
1131 3060 1293 3125 possumus
1315 3062 1373 3125 per

167 3145 316 3209 effectum.
350 3147 413 3210 Hec
440 3151 509 3209 sunt
539 3147 618 3209 enim
647 3148 812 3211 laudabilia
840 3150 978 3233 preclare
1006 3148 1127 3212 virtutis
1156 3148 1283 3220 indicia,
1311 3149 1370 3213 bec

167 3259 237 3317 sunt
266 3253 388 3339 inquam
412 3260 496 3319 certa
519 3257 722 3340 experimenta
745 3259 921 3321 constancie
947 3264 977 3320 et
999 3257 1168 3320 infallibilia
1184 3256 1369 3341 probitatum

69 3426 82 3451 .·
167 3363 274 3425 eximia
291 3370 480 3445 argumenta,
504 3365 534 3427 in
551 3365 663 3449 quibus
678 3367 742 3428 Deo
760 3386 820 3449 que
836 3367 892 3429 Dei
910 3372 1028 3430 suntet
1045 3386 1104 3450 que
1122 3366 1244 3430 Cesaris
1262 3366 1385 3430 Cesari.

166 3474 314 3536 hactenus
343 3472 527 3536 reddidistis.
572 3473 669 3557 Igitur
704 3477 794 3538 velud
821 3477 914 3538 multe
942 3475 1108 3539 suavitatis
1136 3475 1368 3539 oblectamentis

167 3580 311 3645 deliciose
327 3580 446 3652 relecti,
470 3601 562 3668 super
578 3587 640 3645 tam
656 3582 736 3665 grati
753 3589 784 3646 ct
800 3589 863 3646 tam
880 3584 1010 3647 ultronei
1028 3582 1216 3646 exhibicione
1233 3582 1365 3654 servicii,

166 3710 226 3774 quo
254 3710 326 3760 vos,
362 3690 576 3771 generositatis
605 3691 683 3754 avite
712 3712 904 3775 nequaquam
929 3692 1137 3762 immemores,
1166 3690 1251 3773 regio
1274 3690 1369 3754 bene·

165 3800 277 3884 placito
295 3799 480 3883 coaptastis,
509 3800 546 3862 ad
563 3806 667 3881 grates
684 3799 771 3863 vobis
788 3800 957 3863 uberrimas
975 3799 1171 3871 inclinamus,
1200 3798 1368 3863 incommu-

162 3906 249 3970 tabili
268 3906 366 3969 animo
384 3906 596 3991 disponentes,
625 3930 679 3971 vos
703 3913 732 3970 et
755 3908 909 3972 civitatem
932 3909 1116 3992 predictam,
1145 3926 1236 3991 quam
1252 3907 1370 3972 indele·
1416 3946 1425 3957 -

162 4017 232 4081 bilis
259 4015 370 4079 unione
398 4017 571 4081 tenacitatis
593 4017 623 4080 in
648 4024 767 4080 nostros
783 4019 948 4081 familiares
966 4019 1119 4102 amplexus
1139 4005 1368 4101 assumpsimus,

168 4126 274 4209 amplis
290 4130 416 4210 propter
431 4125 490 4188 hoc
507 4124 701 4208 magnificare
719 4126 886 4196 favoribus,
906 4146 942 4188 ac
958 4127 1105 4188 honorum
1123 4131 1152 4188 et
1168 4124 1367 4189 benificencie

166 4234 270 4315 tytulis
288 4233 450 4318 ampliare,
475 4240 507 4297 ut
535 4234 565 4297 in
595 4234 725 4299 adventu
756 4234 873 4298 cesarei
890 4232 929 4317 c)
946 4239 1131 4317 potentatus,
1155 4235 1207 4318 qui
1223 4233 1368 4298 terribilis

168 4340 312 4424 inquietis
353 4348 382 4404 et
420 4341 603 4413 rebellibus,
649 4342 736 4406 vobis
770 4362 843 4406 vero
876 4346 1051 4406 mansuetus
1082 4342 1239 4413 adveniet,
1273 4343 1368 4427 pulsis

170 4448 319 4512 demedio
335 4450 445 4514 bellice
461 4452 651 4535 tempestatis
669 4451 857 4523 horroribus,
871 4452 959 4514 cuius
976 4451 1068 4532 longa
1085 4451 1243 4515 calamitas
1259 4450 1369 4516 faciem

249 4648 282 4717 a)
297 4649 389 4705 exenia
404 4650 435 4702 V.
447 4655 565 4723 exempla
580 4652 707 4721 llrrrgott
720 4650 788 4704 Gen.
798 4649 825 4714 2,
835 4650 862 4713 2,
876 4649 972 4703 idt-
986 4650 1019 4719 b)
1029 4649 1144 4704 facundii
1155 4649 1262 4718 V.-e)
1272 4651 1372 4704 cesarei

180 4742 325 4809 potestatis
339 4743 414 4796 stand
429 4741 635 4813 ursprdnglich3
649 4743 827 4797 dasLetztere
840 4742 875 4795 ist
889 4742 957 4794 daun
970 4739 996 4793 in
1009 4747 1164 4812 potentatus
1175 4740 1375 4795 lentesceret.

231 4841 328 4888 Fontes.
339 4844 407 4890 nom.
420 4844 446 4889 11.
459 4845 500 4889 cu.
511 4844 580 4890 XXV.
1113 4832 1148 4888 19
