3209 5392
220 493 297 562 316

219 685 309 746 egro,
336 669 476 732 restituta
504 670 617 736 sanitas
647 673 801 736 semivivo.
835 672 976 735 Ceterum
1005 671 1104 735 anima
1131 691 1198 735 mea
1225 672 1346 736 turbata
1371 678 1421 735 est

220 773 315 846 valle,
329 777 410 858 quod
426 778 457 840 in
473 798 521 842 me
537 784 638 843 vestra
654 782 717 845 visa
736 787 783 845 est
798 781 931 864 grauitas
946 781 986 867 a)
998 781 1172 863 perturbata
1194 787 1224 845 et
1237 788 1418 863 exasperata

219 882 337 945 lenitas.
370 884 404 946 ld
431 887 506 948 meis
533 889 668 968 peccatis
697 890 827 972 imputo,
857 888 964 972 quihus
997 890 1071 951 iram
1101 890 1195 951 merui
1225 897 1256 952 et
1282 897 1419 953 vestram

221 991 355 1054 demerui
372 995 516 1073 graciam,
534 996 602 1059 dum
619 998 713 1060 inme
730 998 914 1061 transierunt
930 998 974 1059 ire
991 1004 1090 1061 vestre
1107 999 1209 1061 taliter
1227 1002 1257 1060 et
1273 1004 1421 1068 terrores,

222 1119 258 1160 ex
274 1119 332 1181 quo
351 1123 409 1164 non
427 1107 474 1166 est
490 1123 636 1168 accusare
653 1105 754 1178 alium,
772 1124 861 1189 quam
877 1126 924 1168 me
941 1106 1050 1188 ipsum,
1068 1105 1118 1189 qui
1134 1105 1247 1188 liquido
1262 1105 1422 1176 confiteor,

221 1227 268 1269 me
295 1229 451 1290 peccasse.
484 1212 550 1293 Ego
580 1219 695 1285 autem,
725 1215 750 1277 si
774 1214 846 1297 qnid
868 1213 898 1276 in
922 1235 957 1277 eo
982 1219 1029 1277 est
1045 1213 1092 1276 vel
1109 1233 1199 1294 opere
1216 1216 1262 1277 vel
1281 1235 1422 1277 sermone

222 1319 426 1389 commissum,
442 1320 473 1383 in
490 1341 546 1403 quo
564 1330 666 1385 vestra
683 1322 722 1386 sit
739 1328 916 1405 exasperata
937 1321 1109 1404 benignitas
1131 1323 1179 1386 vel
1201 1323 1315 1386 utilitas
1333 1324 1423 1385 dimi-

221 1431 308 1497 nuta,
336 1430 468 1490 uestrum
489 1428 584 1492 suheo
608 1436 773 1512 spontanea
797 1430 1006 1494 satisfactione
1023 1430 1178 1504 iudicium,
1196 1439 1344 1515 quatenus
1362 1451 1418 1494 vos

223 1554 301 1618 equa
329 1537 526 1600 discrecionis
543 1539 583 1625 t)
606 1541 692 1603 lance
720 1540 838 1624 pondus
866 1540 982 1604 libretis
1011 1541 1169 1612 examinis,
1198 1562 1253 1624 per
1282 1542 1361 1624 quod
1391 1547 1423 1603 et

225 1645 378 1708 confitenti
395 1647 436 1710 sit
456 1648 545 1711 venia
562 1654 593 1712 et
615 1649 769 1715 innocenti
786 1672 845 1714 non
862 1651 1025 1733 imputetur
1041 1649 1079 1712 de
1097 1655 1200 1713 cetero
1220 1651 1276 1714 hec
1295 1650 1423 1721 offensa,

224 1755 383 1839 veniatque
406 1763 526 1826 auster,
562 1757 612 1840 qui
637 1760 725 1822 ollam
747 1759 985 1841 indignacionis,
1013 1760 1104 1822 llante
1127 1759 1268 1843 aquilone
1291 1779 1425 1823 succen-

222 1883 298 1934 sam,
320 1864 452 1929 micioris
476 1886 547 1929 aure
570 1873 806 1949 temperamento
829 1867 990 1949 refrigeret
1011 1874 1103 1952 atque
1126 1868 1156 1931 in
1178 1869 1308 1931 thalamo
1334 1868 1424 1932 Sala-

223 1974 319 2036 monis
341 1975 470 2037 medium
493 1975 590 2038 cubile
621 1978 747 2040 caritate
778 1975 1032 2064 solistumum),
1060 1978 1091 2040 in
1119 1976 1229 2061 quietis
1258 1976 1422 2061 tranquille

223 2080 384 2164 planiciem
400 2084 508 2147 mentis
525 2090 627 2147 vestre
644 2086 765 2168 redigat
780 2091 1001 2169 tempestatem.

317 2246 453 2302 Bernhard
478 2246 591 2301 Bieehof
614 2265 664 2302 von
690 2249 793 2304 Seohau
819 2249 895 2303 stand
922 2250 970 2302 auf
992 2250 1041 2304 der
1066 2250 1139 2303 Seite
1163 2247 1299 2311 Otalrar's,
1325 2247 1424 2301 descen

225 2334 328 2392 Annalt
340 2355 370 2391 er
382 2338 430 2392 aui
441 2339 499 2392 dem
512 2339 674 2409 Reichetage
689 2357 720 2394 zu
735 2340 972 2411 Augshurgl275,
986 2340 1037 2392 Mai
1051 2339 1095 2394 15.
1110 2357 1170 2393 war.
1182 2338 1288 2410 (Vergl,
1297 2339 1426 2395 Boehmer

225 2429 291 2497 Reg.
313 2429 380 2483 Rud.
403 2447 445 2482 no.
470 2428 521 2482 173
544 2430 598 2482 und
620 2431 686 2501 Reg.
710 2431 817 2484 Otalrar.
844 2449 885 2484 no.
912 2429 992 2500 284.)
1018 2431 1098 2484 Scine
1117 2431 1322 2501 Unteruerlnng
1346 2434 1426 2483 unter

224 2519 327 2574 Rudolf
341 2520 457 2588 gescheh
476 2521 544 2574 wohl
565 2524 620 2574 ersi
638 2521 705 2575 nach
725 2522 773 2575 des
791 2522 891 2588 lllinigs
911 2521 1144 2575 Friedensschlues
1164 2521 1209 2574 mit
1222 2520 1321 2573 Otakar
1343 2517 1424 2582 1276,

225 2611 372 2665 November
383 2610 428 2672 2¹,
442 2609 510 2664 deun
523 2613 602 2665 uuter
615 2612 667 2666 den
677 2612 784 2683 Zeugen
799 2612 847 2664 der
856 2611 1105 2666 Friedensurhunde
1118 2611 1205 2665 findet
1217 2609 1424 2666 sichBernhard

228 2700 317 2766 nieht3
345 2702 468 2773 dagegeu
491 2702 526 2756 ist
549 2718 579 2756 er
604 2704 687 2755 echon
709 2702 787 2755 haum
810 2702 827 2754 2
849 2702 956 2755 Monate
980 2709 1069 2772 ephter
1091 2721 1132 2756 am
1155 2702 1198 2755 18.
1224 2703 1324 2756 Jauuar
1352 2700 1424 2753 1277

228 2792 253 2843 in
267 2790 315 2846 der
326 2790 398 2845 Nune
412 2792 460 2847 des
470 2793 573 2862 Kduigs
588 2793 613 2845 iu
625 2792 710 2848 Wieu.
724 2794 854 2846 Boehmer
864 2793 930 2863 Reg.
944 2794 1011 2848 llud.
1026 2810 1066 2845 no.
1079 2792 1141 2847 304.
1150 2827 1180 2836 -
1189 2792 1281 2864 Vergl.
1295 2794 1424 2861 dhrigens

233 2883 299 2935 noch
314 2883 356 2936 die
370 2882 458 2937 Briefe
471 2884 512 2936 hei
527 2884 642 2938 Gerhert
661 2885 704 2938 lih.
719 2884 745 2946 2,
760 2883 794 2935 17
807 2885 861 2937 ond
874 2883 918 2936 50.

807 3073 823 3142 1
835 3078 866 3143 1.

656 3215 826 3295 Rellglesus
842 3213 996 3294 religiose.

231 3337 280 3393 Eia
296 3336 456 3394 Gemiliclrer
468 3337 520 3393 lod!
531 3338 582 3391 dae
594 3334 793 3399 deeehuulirhe,
814 3335 928 3406 fremore
945 3332 1032 3388 Lelcn
1045 3334 1118 3389 eines
1136 3334 1240 3387 andern
1252 3333 1310 3387 uad
1322 3330 1430 3388 erencht

665 3425 711 3481 ita
724 3444 768 3480 um
780 3427 855 3480 eeiue
867 3425 993 3480 Furtim.

322 3540 399 3603 Care
415 3541 525 3603 trater!
549 3538 618 3602 Non
634 3543 666 3602 ut
682 3538 748 3601 oleo
765 3535 950 3603 adulacionis
967 3554 1079 3617 nugam
1095 3540 1126 3599 te
1142 3534 1201 3597 heo
1218 3533 1274 3599 tihi
1292 3533 1431 3597 scrihere

233 3648 346 3720 curavi,
369 3647 423 3711 sed
440 3653 473 3711 ut
488 3646 526 3733 e)
544 3647 581 3710 de
598 3647 716 3711 actibus
733 3648 792 3710 tuis
809 3647 839 3708 in
855 3645 981 3708 Domino
1004 3643 1127 3725 glorier,
1150 3662 1219 3706 cum
1235 3643 1315 3705 inte
1331 3643 1428 3706 virtus

234 3762 342 3821 etatem
365 3757 521 3840 preveniat
542 3762 573 3820 ct
594 3775 689 3819 annos
717 3775 817 3819 mores
846 3754 993 3817 excedere
1021 3753 1187 3816 videantur.
1221 3753 1429 3815 Prematuram
1525 3808 1527 3813 .

235 3868 344 3952 qnippe
361 3867 496 3938 exhibes,
512 3866 611 3929 adhuc
627 3870 733 3929 tenera
749 3865 823 3928 satis
837 3867 867 3927 in
880 3863 985 3934 herba,
997 3882 1139 3935 messem,
1156 3881 1243 3926 uvam
1260 3861 1433 3943 producens

131 3981 265 4054 ,mdiu
292 3979 460 4062 palmitem,
488 3997 524 4039 ex
552 3995 610 4059 quo
636 3976 774 4059 probaris
810 3973 916 4052 fertilis
935 3972 976 4059 d)
1000 3977 1086 4055 grata
1108 3973 1260 4035 fructuum
1282 3969 1432 4034 ubertate.

236 4088 356 4153 Glorior
378 4088 471 4169 igitur
497 4088 528 4149 in
555 4092 603 4157 te,
631 4086 686 4147 sed
712 4085 743 4147 iu
770 4103 819 4146 me
846 4082 913 4165 ipso
937 4081 1120 4153 confundor,
1145 4101 1213 4144 cum
1230 4083 1260 4142 in
1276 4086 1322 4144 tot
1340 4079 1432 4143 annis

233 4197 387 4280 preteritis
403 4199 468 4260 lere
484 4194 575 4258 nichil
591 4193 751 4265 inveniam,
768 4192 848 4276 quod
859 4191 891 4254 in
903 4190 1064 4255 novissimo
1078 4190 1127 4253 die
1141 4189 1272 4253 districti
1285 4187 1432 4252 examinis

234 4307 300 4390 plus
321 4306 493 4371 securitatis
515 4303 658 4368 inducere
684 4303 799 4375 valeat,
826 4320 916 4385 quam
936 4300 1061 4364 timoris.
1094 4300 1201 4364 Nonne
1225 4304 1360 4363 mentem
1382 4303 1429 4362 tot
1494 4311 1496 4313 ’

327 4454 361 4522 a)
381 4452 496 4519 gravitas
518 4449 548 4504 Ζ.
568 4449 666 4503 ebenso
688 4447 719 4502 v.
741 4445 867 4516 corrigirt
888 4444 933 4501 hir
954 4442 1092 4513 gratuitas.
1107 4473 1139 4482 —
1153 4442 1185 4511 l)
1208 4443 1378 4498 discretione
1395 4440 1433 4495 V.

238 4562 271 4587 -·-
285 4547 317 4614 r)
332 4547 361 4597 ut
373 4541 617 4611 dhergeschriebeu
632 4538 661 4591 V.
675 4538 744 4593 fehlt
757 4537 785 4591 Z.
802 4566 835 4576 -
848 4536 884 4606 d)
901 4535 1001 4591 vertitis
1014 4534 1045 4590 V.

240 4664 568 4677 *un——

267 4726 287 4788 ¹)
304 4729 352 4772 Csr.
364 4727 428 4770 eant.
442 4726 560 4770 Canticor.
573 4724 597 4776 3,
613 4723 648 4766 lo.
