3209 5392
1309 540 1355 609 91

166 708 289 770 tacione
306 728 378 771 cure
396 699 563 773 communis
578 710 783 791 multipliciter
797 689 930 793 fatigari.
966 712 1000 790 Si
1017 711 1094 774 enim
1112 719 1195 775 esset
1216 713 1247 774 iu
1263 733 1362 776 rerum

166 822 274 878 natura
297 816 458 898 possibile,
480 816 566 899 ‘quod
595 818 766 881 universum
790 823 901 901 corpus
923 839 940 881 a
963 820 1062 900 capite
1085 819 1148 890 siue
1171 820 1362 883 menbrorum

145 993 150 1002 ,
167 922 313 1005 suffragio
330 932 498 1008 regeretur,
514 927 701 1009 potissimum
718 928 805 990 nobis
822 930 901 992 inter
916 934 985 992 vota
1001 935 1104 991 nostra
1121 925 1252 1002 veniret,
1281 931 1361 1013 quod

164 1053 340 1096 communes
356 1034 475 1097 labores
493 1055 546 1116 pro
563 1036 723 1099 universali
746 1043 933 1117 portaremus
951 1037 1090 1105 ecclesia,
1113 1044 1146 1100 ut
1160 1039 1358 1120 particulares

166 1127 246 1206 nullo
263 1145 456 1207 vexaciouum
478 1146 686 1227 ingruencium
702 1147 860 1228 participio
878 1153 1089 1229 gravarentur,
1106 1151 1137 1210 et
1153 1148 1190 1210 de
1206 1148 1356 1232 frequenti

166 1259 271 1316 nostre
298 1253 483 1317 turbacionis
509 1255 698 1317 incommodo
728 1249 841 1319 'ceteris
866 1277 925 1319 non
947 1257 1027 1321 aliud
1054 1257 1113 1319 nisi
1141 1258 1243 1320 ociose
1274 1260 1359 1340 pacis

166 1361 356 1425 commodum
380 1362 560 1443 proveniret.
592 1363 704 1426 Verum
725 1365 866 1447 quoniam
887 1365 926 1428 ad
949 1365 1047 1427 omnia
1071 1363 1254 1447 possibilitas
1278 1366 1364 1428 nobis

168 1471 239 1533 data
262 1491 321 1532 non
344 1470 473 1544 sufficit,
502 1471 626 1535 aliorum
641 1471 783 1537 humeros
806 1474 943 1555 cogimur
964 1474 995 1536 in
1018 1474 1237 1555 suportacionis
1253 1494 1363 1538 vocare

167 1577 361 1660 suffragium,
394 1601 431 1641 ne
464 1580 601 1644 defectus
634 1581 758 1653 virium,
790 1582 855 1643 sine
887 1581 996 1665 quibus
1017 1580 1130 1644 efficax
1158 1602 1226 1645 esse
1257 1584 1361 1666 nequit

167 1687 304 1767 suscepti
324 1687 436 1750 laboris
452 1688 617 1761 instancia,
645 1689 778 1770 periculo
800 1689 879 1751 viam
899 1695 1004 1771 paret,
1032 1695 1063 1751 et
1086 1689 1249 1772 dampnosa
1260 1691 1362 1773 pariat

168 1795 356 1857 detrimenta.
406 1796 468 1859 Sed
500 1796 569 1858 dum
601 1797 665 1859 aliis
698 1797 837 1860 ecclesiis
875 1818 929 1861 seu
962 1798 1159 1860 ecclesiarum
1190 1798 1359 1862 rectoribus

166 1903 305 1984 cogimur
326 1903 535 1967 incumbeucia
557 1905 777 1968 communicare
794 1906 984 1987 gravamina,
1009 1905 1183 1988 quandoad
1198 1906 1229 1968 id
1244 1927 1357 1989 urgens
1435 1961 1437 1964 .

165 2014 336 2077 necessitas
356 2033 418 2075 nos
446 2014 592 2096 pertrabit
619 2033 699 2077 uunc
726 2015 926 2087 voluntarios,
943 2034 1023 2077 nunc
1044 2014 1361 2099 incolumemque

167 2141 333 2204 possumus
348 2122 547 2185 remediorum
563 2123 685 2204 ingenia
701 2123 887 2204 cogitamus,
908 2142 1039 2205 perque
1055 2122 1154 2184 ferant
1170 2122 1264 2186 levius
1281 2124 1361 2206 quit-

166 2232 240 2316 quid
272 2237 320 2295 est
342 2232 408 2304 em,
436 2253 472 2294 ne
501 2252 555 2314 pro
583 2233 704 2296 defectu
725 2233 848 2304 virium,
877 2233 955 2296 sicut
983 2232 1125 2303 diximus,
1147 2233 1362 2297 ecclesiastica

165 2346 274 2424 pereat
291 2340 413 2412 utilitas,
430 2340 632 2421 inponendum
652 2341 689 2427 1).

453 2563 496 2624 lle
511 2561 725 2642 persecutione
738 2558 778 2643 a)
795 2562 942 2625 tororum
960 2580 979 2624 a
994 2562 1091 2626 nulls.

685 2700 814 2745 Bletinctio'
833 2702 858 2745 V.

261 2858 356 2919 Lucis
374 2862 477 2919 eterne
492 2856 603 2918 lumine
621 2856 781 2919 destitutus
798 2856 924 2927 lucifer,
949 2855 1064 2918 caduca
1094 2856 1234 2937 superbia
1258 2876 1369 2939 procu-

169 2973 274 3039 rante,
298 2967 363 3029 celo
380 2966 526 3029 contineri
542 2966 706 3049 nequiens,
723 2986 759 3028 eo
772 2966 853 3049 quod
867 2972 1012 3049 perpetue
1029 2965 1174 3028 occidatis
1184 2964 1198 3017 l
1194 2967 1221 3051 J
1228 2966 1370 3030 tenebras

170 3075 368 3148 incurrisset,
396 3076 451 3138 sed
479 3075 549 3137 dum
575 3073 710 3156 perditus
739 3078 770 3136 et
790 3074 928 3136 minister
948 3073 1131 3154 perdicionis
1160 3073 1303 3145 effectus,
1331 3096 1369 3137 ne

171 3185 331 3265 ademptas
348 3182 405 3246 sibi
424 3183 546 3245 delicias
564 3182 762 3264 sempiternas
779 3182 876 3264 possit
893 3173 1078 3244 condicionis
1094 3181 1223 3244 humane
1239 3183 1370 3263 dignitas

172 3293 313 3375 adipisci,
331 3292 474 3376 quoniam
490 3292 587 3355 solent
602 3291 704 3354 miseri
714 3290 1071 3373 prosperitatefelicium
1088 3291 1228 3363 cruciari,
1244 3291 1324 3354 illam
1340 3292 1370 3353 in

174 3402 357 3484 profundum
373 3400 497 3483 perfidie
514 3401 551 3464 ab
569 3401 723 3464 altitudine
745 3399 816 3463 fidei
838 3401 995 3464 devertere
1019 3399 1139 3471 nititur,
1167 3401 1251 3463 utin
1272 3400 1371 3464 locum

175 3533 230 3575 sue
247 3511 368 3573 miserie
386 3511 564 3581 deducatur,
582 3511 725 3573 estimans
741 3529 797 3591 per
813 3510 871 3572 boc
894 3509 1120 3591 dampnacionis
1143 3529 1197 3572 sue
1222 3509 1372 3572 cumulum

175 3620 334 3692 minorari,
367 3640 402 3682 eo
431 3619 511 3701 quod
543 3618 638 3681 soleat
669 3619 789 3682 afflictis
818 3618 959 3702 quodtam
979 3615 1088 3679 ¹afferri
1116 3617 1260 3680 solacium
1284 3623 1372 3699 grata

179 3730 301 3793 miseris
318 3729 448 3793 societas
465 3728 642 3790 miserorum
659 3727 699 3815 ²).
727 3729 731 3738 “

268 3839 348 3903 Item
365 3839 411 3903 cd
423 3839 516 3903 idem.
549 3837 581 3900 ln
597 3835 716 3899 Abrahe
732 3835 799 3898 liliis
822 3836 848 3898 is
867 3836 919 3919 qui
942 3835 1108 3899 secundum
1130 3854 1250 3898 carnem
1272 3841 1373 3898 estex

178 3948 285 4010 ancilla
303 3952 390 4009 natus
417 3950 596 4028 persecutor
618 3945 695 4007 illius
722 3945 851 4017 exstitit,
880 3945 931 4028 qui
954 3944 1119 4008 secuudum
1136 3944 1269 4026 speciem
1285 3949 1372 4005 natus

181 4061 258 4128 erat,
286 4056 324 4118 ad
353 4055 574 4117 similitudinem
598 4054 745 4137 siquidem
769 4054 972 4135 persecutoris
1004 4054 1092 4142 buius
1110 4052 1148 4139 o)
1178 4053 1314 4116 infelices
1344 4057 1375 4116 et

180 4165 283 4228 miseri
299 4164 450 4246 Aggareni
466 4163 518 4249 d),
535 4163 585 4246 qui
602 4163 701 4227 adbuc
717 4163 902 4227 infidelitatis
920 4158 1036 4227 nebulis
1047 4163 1201 4234 obvoluti,
1228 4182 1288 4225 non
1308 4160 1373 4223 visa

270 4347 306 4414 a)
318 4360 433 4417 persecu
447 4342 591 4399 Correctur
603 4345 633 4399 v.
650 4374 679 4384 —
694 4345 726 4413 b)
740 4344 792 4397 sic!
808 4374 842 4383 -
856 4343 886 4414 c)
901 4342 1050 4397 huiusmodi
1069 4344 1097 4396 Ζ.
1116 4373 1141 4383 -
1160 4343 1196 4413 d)
1217 4343 1326 4413 agareni
1339 4342 1366 4394 Z.

216 4657 239 4717 ί)
251 4656 333 4715 Vergl.
352 4656 408 4700 Cod.
429 4654 498 4700 Wilb.
517 4656 543 4701 Α.
561 4656 599 4699 77.
620 4653 706 4698 archiv
725 4653 768 4698 dor
786 4653 919 4698 Gecellscb.
937 4654 975 4697 fiir
992 4655 1031 4699 ott.
1052 4654 1075 4698 d.
1095 4653 1181 4698 Gescb.
1200 4654 1223 4707 ⁷,
1240 4652 1296 4698 915.

216 4736 239 4799 Β)
254 4740 301 4783 Dor
318 4738 391 4793 Brief,
409 4751 438 4781 zu
455 4738 507 4782 dem
520 4735 604 4783 ‘dieser
621 4735 730 4795 llingong
747 4736 844 4793 genart,
863 4735 926 4793 folgt
944 4739 1014 4782 uuten
1031 4736 1083 4781 ror.
1102 4735 1143 4790 25,
1162 4749 1200 4780 no.
1221 4735 1242 4780 l.
