<?xml version="1.0" encoding="UTF-8"?>
<!DOCTYPE html PUBLIC "-//W3C//DTD XHTML 1.0 Transitional//EN"
    "http://www.w3.org/TR/xhtml1/DTD/xhtml1-transitional.dtd">
<html xmlns="http://www.w3.org/1999/xhtml" xml:lang="en" lang="en">
 <head>
  <title>
</title>
<meta http-equiv="Content-Type" content="text/html;charset=utf-8" />
  <meta name='ocr-system' content='tesseract 3.04.00' />
  <meta name='ocr-capabilities' content='ocr_page ocr_carea ocr_par ocr_line ocrx_word'/>
</head>
<body>
  <div class='ocr_page' id='page_1' title='image "./fontesrerumaust00unkngoog_0219.png"; bbox 0 0 3209 5392; ppageno 0'>
   <div class='ocr_carea' id='block_1_1' title="bbox 257 482 330 553">
    <p class='ocr_par' dir='ltr' id='par_1_1' title="bbox 257 482 330 553">
     <span class='ocr_line' id='line_1_1' title="bbox 257 482 330 553; baseline -0.027 0"><span class='ocrx_word' id='word_1_1' title='bbox 257 482 330 553; x_wconf 83' lang='lat'>192</span> 
     </span>
    </p>
   </div>
   <div class='ocr_carea' id='block_1_2' title="bbox 251 649 1449 2664">
    <p class='ocr_par' dir='ltr' id='par_1_2' title="bbox 251 649 1449 2664">
     <span class='ocr_line' id='line_1_2' title="bbox 251 649 1446 738; baseline -0.005 -21"><span class='ocrx_word' id='word_1_2' title='bbox 251 674 318 717; x_wconf 90' lang='lat' dir='ltr'>mur</span> <span class='ocrx_word' id='word_1_3' title='bbox 333 654 375 738; x_wconf 82' lang='lat' dir='ltr'>a)</span> <span class='ocrx_word' id='word_1_4' title='bbox 392 651 555 715; x_wconf 83' lang='lat' dir='ltr'><strong>eventibus.</strong></span> <span class='ocrx_word' id='word_1_5' title='bbox 590 649 751 714; x_wconf 78' lang='lat' dir='ltr'><strong>Serenitati</strong></span> <span class='ocrx_word' id='word_1_6' title='bbox 767 654 868 712; x_wconf 89' lang='lat' dir='ltr'>tamen</span> <span class='ocrx_word' id='word_1_7' title='bbox 880 654 930 713; x_wconf 90' lang='lat' dir='ltr'>tue</span> <span class='ocrx_word' id='word_1_8' title='bbox 943 650 1113 730; x_wconf 80' lang='lat' dir='ltr'>graciarum</span> <span class='ocrx_word' id='word_1_9' title='bbox 1125 651 1283 713; x_wconf 78' lang='lat' dir='ltr'>referimus</span> <span class='ocrx_word' id='word_1_10' title='bbox 1297 650 1446 721; x_wconf 85' lang='lat' dir='ltr'>actiones,</span> 
     </span>
     <span class='ocr_line' id='line_1_3' title="bbox 254 756 1447 843; baseline 0 -21"><span class='ocrx_word' id='word_1_11' title='bbox 254 761 333 843; x_wconf 86' lang='lat' dir='ltr'>quod</span> <span class='ocrx_word' id='word_1_12' title='bbox 352 760 388 822; x_wconf 93' lang='lat' dir='ltr'>de</span> <span class='ocrx_word' id='word_1_13' title='bbox 405 762 469 841; x_wconf 89' lang='lat' dir='ltr'>ipsa</span> <span class='ocrx_word' id='word_1_14' title='bbox 487 765 587 822; x_wconf 88' lang='lat' dir='ltr'>nostra</span> <span class='ocrx_word' id='word_1_15' title='bbox 603 757 774 821; x_wconf 85' lang='lat' dir='ltr'>infirmitate</span> <span class='ocrx_word' id='word_1_16' title='bbox 792 756 950 826; x_wconf 88' lang='lat' dir='ltr'>sollicitus,</span> <span class='ocrx_word' id='word_1_17' title='bbox 971 763 1090 838; x_wconf 82' lang='lat' dir='ltr'>gratum</span> <span class='ocrx_word' id='word_1_18' title='bbox 1112 757 1200 822; x_wconf 89' lang='lat' dir='ltr'>nobis</span> <span class='ocrx_word' id='word_1_19' title='bbox 1223 758 1369 822; x_wconf 87' lang='lat' dir='ltr'>solacium</span> <span class='ocrx_word' id='word_1_20' title='bbox 1392 780 1447 842; x_wconf 92' lang='lat' dir='ltr'>per</span> 
     </span>
     <span class='ocr_line' id='line_1_4' title="bbox 255 865 1446 950; baseline -0.001 -20"><span class='ocrx_word' id='word_1_21' title='bbox 255 869 425 950; x_wconf 78' lang='lat' dir='ltr'>imperiales</span> <span class='ocrx_word' id='word_1_22' title='bbox 442 869 556 930; x_wconf 83' lang='lat' dir='ltr'>litteras</span> <span class='ocrx_word' id='word_1_23' title='bbox 574 865 724 936; x_wconf 91' lang='lat' dir='ltr'>obtulisti,</span> <span class='ocrx_word' id='word_1_24' title='bbox 741 885 797 928; x_wconf 92' lang='lat' dir='ltr'>nec</span> <span class='ocrx_word' id='word_1_25' title='bbox 818 865 965 929; x_wconf 87' lang='lat' dir='ltr'>immerito</span> <span class='ocrx_word' id='word_1_26' title='bbox 982 865 1121 948; x_wconf 89' lang='lat' dir='ltr'>quidem,</span> <span class='ocrx_word' id='word_1_27' title='bbox 1149 868 1236 949; x_wconf 88' lang='lat' dir='ltr'>quia,</span> <span class='ocrx_word' id='word_1_28' title='bbox 1264 868 1343 930; x_wconf 89' lang='lat' dir='ltr'>sicut</span> <span class='ocrx_word' id='word_1_29' title='bbox 1359 868 1446 930; x_wconf 88' lang='lat' dir='ltr'>nobis</span> 
     </span>
     <span class='ocr_line' id='line_1_5' title="bbox 254 973 1447 1059; baseline -0.004 -19"><span class='ocrx_word' id='word_1_30' title='bbox 254 976 447 1040; x_wconf 86' lang='lat' dir='ltr'>consciencia</span> <span class='ocrx_word' id='word_1_31' title='bbox 464 982 567 1039; x_wconf 89' lang='lat' dir='ltr'>nostra</span> <span class='ocrx_word' id='word_1_32' title='bbox 582 976 757 1059; x_wconf 80' lang='lat' dir='ltr'>respondet,</span> <span class='ocrx_word' id='word_1_33' title='bbox 775 974 871 1038; x_wconf 89' lang='lat' dir='ltr'>nullus</span> <span class='ocrx_word' id='word_1_34' title='bbox 887 980 993 1057; x_wconf 89' lang='lat' dir='ltr'>posset</span> <span class='ocrx_word' id='word_1_35' title='bbox 1007 975 1039 1037; x_wconf 92' lang='lat' dir='ltr'>in</span> <span class='ocrx_word' id='word_1_36' title='bbox 1053 973 1179 1037; x_wconf 85' lang='lat' dir='ltr'>articulo</span> <span class='ocrx_word' id='word_1_37' title='bbox 1196 974 1284 1037; x_wconf 89' lang='lat' dir='ltr'>huius</span> <span class='ocrx_word' id='word_1_38' title='bbox 1301 975 1447 1056; x_wconf 85' lang='lat' dir='ltr'>temporis</span> 
     </span>
     <span class='ocr_line' id='line_1_6' title="bbox 253 1080 1445 1163; baseline -0.003 -15"><span class='ocrx_word' id='word_1_39' title='bbox 253 1084 397 1149; x_wconf 88' lang='lat' dir='ltr'>infirmari</span> <span class='ocrx_word' id='word_1_40' title='bbox 419 1083 466 1145; x_wconf 88' lang='lat' dir='ltr'>vel</span> <span class='ocrx_word' id='word_1_41' title='bbox 488 1080 659 1145; x_wconf 85' lang='lat' dir='ltr'>infirmitate</span> <span class='ocrx_word' id='word_1_42' title='bbox 676 1082 892 1154; x_wconf 80' lang='lat' dir='ltr'>succumbere,</span> <span class='ocrx_word' id='word_1_43' title='bbox 915 1081 965 1163; x_wconf 90' lang='lat' dir='ltr'>qni</span> <span class='ocrx_word' id='word_1_44' title='bbox 982 1080 1157 1144; x_wconf 79' lang='lat' dir='ltr'>felicitatem</span> <span class='ocrx_word' id='word_1_45' title='bbox 1175 1086 1205 1143; x_wconf 93' lang='lat' dir='ltr'>et</span> <span class='ocrx_word' id='word_1_46' title='bbox 1222 1080 1349 1161; x_wconf 82' lang='lat' dir='ltr'>gloriam</span> <span class='ocrx_word' id='word_1_47' title='bbox 1365 1087 1445 1145; x_wconf 92' lang='lat' dir='ltr'>tuam</span> 
     </span>
     <span class='ocr_line' id='line_1_7' title="bbox 254 1188 1447 1270; baseline -0.002 -16"><span class='ocrx_word' id='word_1_48' title='bbox 254 1192 404 1255; x_wconf 89' lang='lat' dir='ltr'>sincerius</span> <span class='ocrx_word' id='word_1_49' title='bbox 427 1196 457 1253; x_wconf 89' lang='lat' dir='ltr'>et</span> <span class='ocrx_word' id='word_1_50' title='bbox 478 1189 595 1251; x_wconf 87' lang='lat' dir='ltr'>fidelius</span> <span class='ocrx_word' id='word_1_51' title='bbox 617 1196 760 1253; x_wconf 86' lang='lat' dir='ltr'>noscatur</span> <span class='ocrx_word' id='word_1_52' title='bbox 782 1194 907 1252; x_wconf 88' lang='lat' dir='ltr'>actenus</span> <span class='ocrx_word' id='word_1_53' title='bbox 931 1189 1082 1251; x_wconf 84' lang='lat' dir='ltr'>dilexisse.</span> <span class='ocrx_word' id='word_1_54' title='bbox 1114 1188 1184 1270; x_wconf 90' lang='lat' dir='ltr'>lpsa</span> <span class='ocrx_word' id='word_1_55' title='bbox 1200 1188 1279 1250; x_wconf 92' lang='lat' dir='ltr'>enim</span> <span class='ocrx_word' id='word_1_56' title='bbox 1296 1189 1447 1270; x_wconf 80' lang='lat' dir='ltr'>egritudo,</span> 
     </span>
     <span class='ocr_line' id='line_1_8' title="bbox 254 1294 1446 1383; baseline -0.004 -20"><span class='ocrx_word' id='word_1_57' title='bbox 254 1319 343 1383; x_wconf 88' lang='lat' dir='ltr'>quarn</span> <span class='ocrx_word' id='word_1_58' title='bbox 358 1299 498 1380; x_wconf 89' lang='lat' dir='ltr'>patimur,</span> <span class='ocrx_word' id='word_1_59' title='bbox 514 1296 545 1359; x_wconf 93' lang='lat' dir='ltr'>in</span> <span class='ocrx_word' id='word_1_60' title='bbox 562 1317 598 1359; x_wconf 91' lang='lat' dir='ltr'>eo</span> <span class='ocrx_word' id='word_1_61' title='bbox 613 1297 681 1358; x_wconf 86' lang='lat' dir='ltr'>locu</span> <span class='ocrx_word' id='word_1_62' title='bbox 699 1302 730 1359; x_wconf 90' lang='lat' dir='ltr'>et</span> <span class='ocrx_word' id='word_1_63' title='bbox 744 1301 880 1376; x_wconf 90' lang='lat' dir='ltr'>tempore</span> <span class='ocrx_word' id='word_1_64' title='bbox 897 1315 951 1358; x_wconf 92' lang='lat' dir='ltr'>nos</span> <span class='ocrx_word' id='word_1_65' title='bbox 968 1294 1087 1366; x_wconf 84' lang='lat' dir='ltr'>invasit,</span> <span class='ocrx_word' id='word_1_66' title='bbox 1104 1312 1163 1376; x_wconf 89' lang='lat' dir='ltr'>quo</span> <span class='ocrx_word' id='word_1_67' title='bbox 1179 1313 1233 1375; x_wconf 91' lang='lat' dir='ltr'>pro</span> <span class='ocrx_word' id='word_1_68' title='bbox 1250 1294 1366 1360; x_wconf 85' lang='lat' dir='ltr'>bonore</span> <span class='ocrx_word' id='word_1_69' title='bbox 1383 1301 1446 1366; x_wconf 89' lang='lat' dir='ltr'>tuo,</span> 
     </span>
     <span class='ocr_line' id='line_1_9' title="bbox 253 1400 1446 1491; baseline -0.004 -22"><span class='ocrx_word' id='word_1_70' title='bbox 253 1427 342 1491; x_wconf 90' lang='lat' dir='ltr'>quern</span> <span class='ocrx_word' id='word_1_71' title='bbox 367 1405 486 1467; x_wconf 86' lang='lat' dir='ltr'>sincera</span> <span class='ocrx_word' id='word_1_72' title='bbox 508 1423 628 1485; x_wconf 88' lang='lat' dir='ltr'>semper</span> <span class='ocrx_word' id='word_1_73' title='bbox 650 1402 809 1466; x_wconf 83' lang='lat' dir='ltr'>allectione</span> <span class='ocrx_word' id='word_1_74' title='bbox 840 1401 1011 1473; x_wconf 82' lang='lat' dir='ltr'>dileximus,</span> <span class='ocrx_word' id='word_1_75' title='bbox 1050 1400 1148 1482; x_wconf 87' lang='lat' dir='ltr'>patrio</span> <span class='ocrx_word' id='word_1_76' title='bbox 1171 1401 1234 1463; x_wconf 94' lang='lat' dir='ltr'>solo</span> <span class='ocrx_word' id='word_1_77' title='bbox 1257 1401 1383 1474; x_wconf 86' lang='lat' dir='ltr'>relicto,</span> <span class='ocrx_word' id='word_1_78' title='bbox 1410 1404 1446 1465; x_wconf 93' lang='lat' dir='ltr'>ad</span> 
     </span>
     <span class='ocr_line' id='line_1_10' title="bbox 253 1508 1448 1592; baseline -0.006 -14"><span class='ocrx_word' id='word_1_79' title='bbox 253 1521 386 1577; x_wconf 89' lang='lat' dir='ltr'>remotas</span> <span class='ocrx_word' id='word_1_80' title='bbox 409 1512 594 1575; x_wconf 82' lang='lat' dir='ltr'>accessimus</span> <span class='ocrx_word' id='word_1_81' title='bbox 615 1512 768 1592; x_wconf 76' lang='lat' dir='ltr'>regiones.</span> <span class='ocrx_word' id='word_1_82' title='bbox 801 1510 888 1574; x_wconf 91' lang='lat' dir='ltr'>Unde</span> <span class='ocrx_word' id='word_1_83' title='bbox 910 1508 1171 1591; x_wconf 88' lang='lat' dir='ltr'>magnificenciam</span> <span class='ocrx_word' id='word_1_84' title='bbox 1193 1514 1274 1571; x_wconf 88' lang='lat' dir='ltr'>tuam</span> <span class='ocrx_word' id='word_1_85' title='bbox 1297 1509 1328 1572; x_wconf 91' lang='lat' dir='ltr'>in</span> <span class='ocrx_word' id='word_1_86' title='bbox 1345 1510 1448 1573; x_wconf 88' lang='lat' dir='ltr'>buius-</span> 
     </span>
     <span class='ocr_line' id='line_1_11' title="bbox 255 1616 1446 1699; baseline -0.003 -14"><span class='ocrx_word' id='word_1_87' title='bbox 255 1622 336 1685; x_wconf 91' lang='lat' dir='ltr'>modi</span> <span class='ocrx_word' id='word_1_88' title='bbox 353 1619 523 1682; x_wconf 86' lang='lat' dir='ltr'>dilectionis</span> <span class='ocrx_word' id='word_1_89' title='bbox 540 1617 755 1682; x_wconf 87' lang='lat' dir='ltr'>recordacione</span> <span class='ocrx_word' id='word_1_90' title='bbox 777 1616 957 1699; x_wconf 87' lang='lat' dir='ltr'>propensius</span> <span class='ocrx_word' id='word_1_91' title='bbox 981 1616 1190 1688; x_wconf 89' lang='lat' dir='ltr'>adhortamur,</span> <span class='ocrx_word' id='word_1_92' title='bbox 1219 1622 1368 1699; x_wconf 88' lang='lat' dir='ltr'>quatenus</span> <span class='ocrx_word' id='word_1_93' title='bbox 1390 1619 1446 1681; x_wconf 91' lang='lat' dir='ltr'>hec</span> 
     </span>
     <span class='ocr_line' id='line_1_12' title="bbox 256 1724 1447 1806; baseline -0.003 -16"><span class='ocrx_word' id='word_1_94' title='bbox 256 1728 355 1791; x_wconf 90' lang='lat' dir='ltr'>omnia</span> <span class='ocrx_word' id='word_1_95' title='bbox 371 1745 472 1789; x_wconf 89' lang='lat' dir='ltr'>coram</span> <span class='ocrx_word' id='word_1_96' title='bbox 490 1725 583 1788; x_wconf 86' lang='lat' dir='ltr'>oculis</span> <span class='ocrx_word' id='word_1_97' title='bbox 599 1724 708 1787; x_wconf 87' lang='lat' dir='ltr'>mentis</span> <span class='ocrx_word' id='word_1_98' title='bbox 721 1724 770 1806; x_wconf 92' lang='lat' dir='ltr'>pia</span> <span class='ocrx_word' id='word_1_99' title='bbox 784 1724 984 1787; x_wconf 90' lang='lat' dir='ltr'>meditacione</span> <span class='ocrx_word' id='word_1_100' title='bbox 1000 1742 1172 1805; x_wconf 89' lang='lat' dir='ltr'>proponens</span> <span class='ocrx_word' id='word_1_101' title='bbox 1190 1731 1220 1786; x_wconf 91' lang='lat' dir='ltr'>et</span> <span class='ocrx_word' id='word_1_102' title='bbox 1236 1725 1347 1787; x_wconf 88' lang='lat' dir='ltr'>bonam</span> <span class='ocrx_word' id='word_1_103' title='bbox 1363 1726 1447 1788; x_wconf 88' lang='lat' dir='ltr'>nobis</span> 
     </span>
     <span class='ocr_line' id='line_1_13' title="bbox 255 1830 1445 1913; baseline -0.004 -15"><span class='ocrx_word' id='word_1_104' title='bbox 255 1833 494 1898; x_wconf 85' lang='lat' dir='ltr'>vicissitudinem</span> <span class='ocrx_word' id='word_1_105' title='bbox 521 1832 707 1913; x_wconf 87' lang='lat' dir='ltr'>rependens,</span> <span class='ocrx_word' id='word_1_106' title='bbox 736 1831 800 1893; x_wconf 82' lang='lat' dir='ltr'>sive</span> <span class='ocrx_word' id='word_1_107' title='bbox 829 1853 884 1893; x_wconf 89' lang='lat' dir='ltr'>nos</span> <span class='ocrx_word' id='word_1_108' title='bbox 905 1832 988 1893; x_wconf 90' lang='lat' dir='ltr'>Deus</span> <span class='ocrx_word' id='word_1_109' title='bbox 1019 1831 1056 1892; x_wconf 93' lang='lat' dir='ltr'>de</span> <span class='ocrx_word' id='word_1_110' title='bbox 1083 1830 1237 1894; x_wconf 88' lang='lat' dir='ltr'>laboribus</span> <span class='ocrx_word' id='word_1_111' title='bbox 1266 1830 1445 1896; x_wconf 88' lang='lat' dir='ltr'>infirmitatis</span> 
     </span>
     <span class='ocr_line' id='line_1_14' title="bbox 256 1937 1446 2024; baseline -0.003 -19"><span class='ocrx_word' id='word_1_112' title='bbox 256 1942 382 2024; x_wconf 91' lang='lat' dir='ltr'>eripiat,</span> <span class='ocrx_word' id='word_1_113' title='bbox 411 1940 474 2002; x_wconf 82' lang='lat' dir='ltr'>sive</span> <span class='ocrx_word' id='word_1_114' title='bbox 498 1939 535 2001; x_wconf 94' lang='lat' dir='ltr'>de</span> <span class='ocrx_word' id='word_1_115' title='bbox 558 1940 709 2021; x_wconf 84' lang='lat' dir='ltr'>ergastulo</span> <span class='ocrx_word' id='word_1_116' title='bbox 738 1939 903 2020; x_wconf 87' lang='lat' dir='ltr'>corporalis</span> <span class='ocrx_word' id='word_1_117' title='bbox 921 1937 1092 2019; x_wconf 85' lang='lat' dir='ltr'>fragilitatis</span> <span class='ocrx_word' id='word_1_118' title='bbox 1109 1937 1257 2009; x_wconf 91' lang='lat' dir='ltr'>deducat,</span> <span class='ocrx_word' id='word_1_119' title='bbox 1286 1940 1446 2001; x_wconf 87' lang='lat' dir='ltr'>ecclesiam</span> 
     </span>
     <span class='ocr_line' id='line_1_15' title="bbox 256 2043 1444 2128; baseline -0.003 -18"><span class='ocrx_word' id='word_1_120' title='bbox 256 2048 320 2110; x_wconf 90' lang='lat' dir='ltr'>eius</span> <span class='ocrx_word' id='word_1_121' title='bbox 342 2066 461 2128; x_wconf 87' lang='lat' dir='ltr'>semper</span> <span class='ocrx_word' id='word_1_122' title='bbox 477 2045 585 2126; x_wconf 88' lang='lat' dir='ltr'>diligas</span> <span class='ocrx_word' id='word_1_123' title='bbox 602 2050 633 2108; x_wconf 92' lang='lat' dir='ltr'>et</span> <span class='ocrx_word' id='word_1_124' title='bbox 647 2044 789 2116; x_wconf 87' lang='lat' dir='ltr'>honores,</span> <span class='ocrx_word' id='word_1_125' title='bbox 807 2044 906 2127; x_wconf 90' lang='lat' dir='ltr'>eique,</span> <span class='ocrx_word' id='word_1_126' title='bbox 923 2043 1002 2106; x_wconf 87' lang='lat' dir='ltr'>sicut</span> <span class='ocrx_word' id='word_1_127' title='bbox 1017 2043 1158 2125; x_wconf 90' lang='lat' dir='ltr'>princeps</span> <span class='ocrx_word' id='word_1_128' title='bbox 1176 2043 1444 2107; x_wconf 89' lang='lat' dir='ltr'>christianissimus</span> 
     </span>
     <span class='ocr_line' id='line_1_16' title="bbox 256 2145 1444 2238; baseline -0.003 -19"><span class='ocrx_word' id='word_1_129' title='bbox 256 2162 287 2220; x_wconf 87' lang='lat' dir='ltr'>et</span> <span class='ocrx_word' id='word_1_130' title='bbox 301 2155 454 2238; x_wconf 91' lang='lat' dir='ltr'>piissimus</span> <span class='ocrx_word' id='word_1_131' title='bbox 471 2156 649 2236; x_wconf 86' lang='lat' dir='ltr'>imperator,</span> <span class='ocrx_word' id='word_1_132' title='bbox 670 2173 778 2235; x_wconf 87' lang='lat' dir='ltr'>pacem</span> <span class='ocrx_word' id='word_1_133' title='bbox 793 2153 933 2215; x_wconf 85' lang='lat' dir='ltr'>conferre</span> <span class='ocrx_word' id='word_1_134' title='bbox 950 2157 1073 2232; x_wconf 87' lang='lat' dir='ltr'>satagas</span> <span class='ocrx_word' id='word_1_135' title='bbox 1089 2157 1119 2214; x_wconf 91' lang='lat' dir='ltr'>et</span> <span class='ocrx_word' id='word_1_136' title='bbox 1136 2145 1287 2234; x_wconf 83' lang='lat' dir='ltr'>quietem,</span> <span class='ocrx_word' id='word_1_137' title='bbox 1311 2159 1361 2225; x_wconf 88' lang='lat' dir='ltr'>ut,</span> <span class='ocrx_word' id='word_1_138' title='bbox 1384 2154 1444 2216; x_wconf 86' lang='lat' dir='ltr'>sive</span> 
     </span>
     <span class='ocr_line' id='line_1_17' title="bbox 255 2259 1445 2343; baseline -0.004 -17"><span class='ocrx_word' id='word_1_139' title='bbox 255 2264 381 2327; x_wconf 81' lang='lat' dir='ltr'>vivimus</span> <span class='ocrx_word' id='word_1_140' title='bbox 409 2263 473 2324; x_wconf 87' lang='lat' dir='ltr'>sive</span> <span class='ocrx_word' id='word_1_141' title='bbox 499 2261 658 2332; x_wconf 89' lang='lat' dir='ltr'>morimur,</span> <span class='ocrx_word' id='word_1_142' title='bbox 689 2261 720 2322; x_wconf 93' lang='lat' dir='ltr'>in</span> <span class='ocrx_word' id='word_1_143' title='bbox 751 2261 816 2322; x_wconf 91' lang='lat' dir='ltr'>eius</span> <span class='ocrx_word' id='word_1_144' title='bbox 847 2260 1007 2343; x_wconf 87' lang='lat' dir='ltr'>presencia</span> <span class='ocrx_word' id='word_1_145' title='bbox 1036 2260 1073 2321; x_wconf 82' lang='lat' dir='ltr'>de</span> <span class='ocrx_word' id='word_1_146' title='bbox 1099 2259 1159 2322; x_wconf 89' lang='lat' dir='ltr'>tuis</span> <span class='ocrx_word' id='word_1_147' title='bbox 1187 2259 1275 2324; x_wconf 88' lang='lat' dir='ltr'>bouis</span> <span class='ocrx_word' id='word_1_148' title='bbox 1304 2260 1445 2342; x_wconf 89' lang='lat' dir='ltr'>operibus</span> 
     </span>
     <span class='ocr_line' id='line_1_18' title="bbox 256 2367 1447 2454; baseline -0.004 -20"><span class='ocrx_word' id='word_1_149' title='bbox 256 2373 430 2454; x_wconf 88' lang='lat' dir='ltr'>gloriemur,</span> <span class='ocrx_word' id='word_1_150' title='bbox 458 2369 506 2431; x_wconf 91' lang='lat' dir='ltr'>cui</span> <span class='ocrx_word' id='word_1_151' title='bbox 523 2368 619 2431; x_wconf 88' lang='lat' dir='ltr'>eciam</span> <span class='ocrx_word' id='word_1_152' title='bbox 647 2368 677 2429; x_wconf 94' lang='lat' dir='ltr'>in</span> <span class='ocrx_word' id='word_1_153' title='bbox 704 2368 839 2449; x_wconf 89' lang='lat' dir='ltr'>presenti</span> <span class='ocrx_word' id='word_1_154' title='bbox 866 2369 926 2431; x_wconf 85' lang='lat' dir='ltr'>vita</span> <span class='ocrx_word' id='word_1_155' title='bbox 954 2387 1007 2449; x_wconf 95' lang='lat' dir='ltr'>pro</span> <span class='ocrx_word' id='word_1_156' title='bbox 1037 2367 1139 2430; x_wconf 90' lang='lat' dir='ltr'>debito</span> <span class='ocrx_word' id='word_1_157' title='bbox 1167 2371 1270 2430; x_wconf 88' lang='lat' dir='ltr'>nostro</span> <span class='ocrx_word' id='word_1_158' title='bbox 1295 2368 1447 2431; x_wconf 82' lang='lat' dir='ltr'>servitutis</span> 
     </span>
     <span class='ocr_line' id='line_1_19' title="bbox 256 2473 1449 2556; baseline -0.005 -14"><span class='ocrx_word' id='word_1_159' title='bbox 256 2480 425 2542; x_wconf 91' lang='lat' dir='ltr'>assistimus</span> <span class='ocrx_word' id='word_1_160' title='bbox 454 2480 484 2537; x_wconf 90' lang='lat' dir='ltr'>et</span> <span class='ocrx_word' id='word_1_161' title='bbox 511 2475 550 2537; x_wconf 93' lang='lat' dir='ltr'>ad</span> <span class='ocrx_word' id='word_1_162' title='bbox 576 2493 677 2556; x_wconf 88' lang='lat' dir='ltr'>quem,</span> <span class='ocrx_word' id='word_1_163' title='bbox 704 2475 822 2537; x_wconf 90' lang='lat' dir='ltr'>desua</span> <span class='ocrx_word' id='word_1_164' title='bbox 849 2473 1056 2537; x_wconf 89' lang='lat' dir='ltr'>misericordia</span> <span class='ocrx_word' id='word_1_165' title='bbox 1083 2477 1310 2554; x_wconf 87' lang='lat' dir='ltr'>presumentes,</span> <span class='ocrx_word' id='word_1_166' title='bbox 1343 2474 1370 2536; x_wconf 84' lang='lat' dir='ltr'>si</span> <span class='ocrx_word' id='word_1_167' title='bbox 1398 2494 1449 2538; x_wconf 87' lang='lat' dir='ltr'>nos</span> 
     </span>
     <span class='ocr_line' id='line_1_20' title="bbox 257 2581 976 2664; baseline -0.004 -16"><span class='ocrx_word' id='word_1_168' title='bbox 257 2604 386 2648; x_wconf 80' lang='lat' dir='ltr'>euocare</span> <span class='ocrx_word' id='word_1_169' title='bbox 402 2583 539 2654; x_wconf 86' lang='lat' dir='ltr'>voluerit,</span> <span class='ocrx_word' id='word_1_170' title='bbox 557 2602 623 2645; x_wconf 90' lang='lat' dir='ltr'>cum</span> <span class='ocrx_word' id='word_1_171' title='bbox 640 2581 749 2645; x_wconf 84' lang='lat' dir='ltr'>fiducia</span> <span class='ocrx_word' id='word_1_172' title='bbox 765 2582 976 2664; x_wconf 86' lang='lat' dir='ltr'>procedemus.</span> 
     </span>
    </p>
   </div>
   <div class='ocr_carea' id='block_1_3' title="bbox 256 2741 1453 3887">
    <p class='ocr_par' dir='ltr' id='par_1_3' title="bbox 256 2741 1453 3887">
     <span class='ocr_line' id='line_1_21' title="bbox 348 2741 1453 2814; baseline 0.002 -17"><span class='ocrx_word' id='word_1_173' title='bbox 348 2744 463 2797; x_wconf 85' lang='lat' dir='ltr'>Gerberl</span> <span class='ocrx_word' id='word_1_174' title='bbox 475 2743 542 2813; x_wconf 88' lang='lat' dir='ltr'>(ihm</span> <span class='ocrx_word' id='word_1_175' title='bbox 556 2743 625 2810; x_wconf 84' lang='lat' dir='ltr'>iolgt</span> <span class='ocrx_word' id='word_1_176' title='bbox 638 2744 777 2804; x_wconf 80' lang='lat' dir='ltr'>lloebmer,</span> <span class='ocrx_word' id='word_1_177' title='bbox 791 2743 855 2814; x_wconf 80' lang='lat' dir='ltr'>lieg.</span> <span class='ocrx_word' id='word_1_178' title='bbox 870 2743 952 2810; x_wconf 85' lang='lat' dir='ltr'>Greg.</span> <span class='ocrx_word' id='word_1_179' title='bbox 965 2744 1006 2804; x_wconf 82' lang='lat' dir='ltr'>X..</span> <span class='ocrx_word' id='word_1_180' title='bbox 1019 2760 1045 2812; x_wconf 92' lang='lat' dir='ltr'>p.</span> <span class='ocrx_word' id='word_1_181' title='bbox 1059 2741 1129 2813; x_wconf 80' lang='grc'>333)</span> <span class='ocrx_word' id='word_1_182' title='bbox 1143 2744 1233 2796; x_wconf 90' lang='lat' dir='ltr'>nimml</span> <span class='ocrx_word' id='word_1_183' title='bbox 1247 2762 1293 2811; x_wconf 90' lang='lat' dir='ltr'>an,</span> <span class='ocrx_word' id='word_1_184' title='bbox 1317 2747 1366 2801; x_wconf 85' lang='lat' dir='ltr'>dar</span> <span class='ocrx_word' id='word_1_185' title='bbox 1379 2747 1453 2802; x_wconf 85' lang='lat' dir='ltr'>Briet&#39;</span> 
     </span>
     <span class='ocr_line' id='line_1_22' title="bbox 258 2830 1450 2905; baseline 0.001 -16"><span class='ocrx_word' id='word_1_186' title='bbox 258 2836 297 2889; x_wconf 84' lang='lat' dir='ltr'>sci</span> <span class='ocrx_word' id='word_1_187' title='bbox 311 2850 359 2886; x_wconf 86' lang='lat' dir='ltr'>ron</span> <span class='ocrx_word' id='word_1_188' title='bbox 382 2834 485 2903; x_wconf 87' lang='lat' dir='ltr'>Gregor</span> <span class='ocrx_word' id='word_1_189' title='bbox 497 2834 527 2886; x_wconf 81' lang='grc' dir='ltr'>Χ,</span> <span class='ocrx_word' id='word_1_190' title='bbox 541 2850 574 2886; x_wconf 89' lang='lat' dir='ltr'>an</span> <span class='ocrx_word' id='word_1_191' title='bbox 588 2832 688 2887; x_wconf 86' lang='lat' dir='ltr'>Rudoll</span> <span class='ocrx_word' id='word_1_192' title='bbox 708 2832 897 2900; x_wconf 85' lang='lat' dir='ltr'>gesehrieben,</span> <span class='ocrx_word' id='word_1_193' title='bbox 921 2832 1040 2894; x_wconf 80' lang='lat' dir='ltr'>Canni,</span> <span class='ocrx_word' id='word_1_194' title='bbox 1066 2830 1158 2886; x_wconf 86' lang='lat' dir='ltr'>Codex</span> <span class='ocrx_word' id='word_1_195' title='bbox 1180 2834 1337 2889; x_wconf 83' lang='lat' dir='ltr'>lludolfluus</span> <span class='ocrx_word' id='word_1_196' title='bbox 1356 2854 1384 2905; x_wconf 88' lang='lat' dir='ltr'>p.</span> <span class='ocrx_word' id='word_1_197' title='bbox 1398 2837 1450 2890; x_wconf 75' lang='lat'>357</span> 
     </span>
     <span class='ocr_line' id='line_1_23' title="bbox 258 2920 1450 2994; baseline 0.004 -18"><span class='ocrx_word' id='word_1_198' title='bbox 258 2923 363 2993; x_wconf 85' lang='lat' dir='ltr'>spricbt</span> <span class='ocrx_word' id='word_1_199' title='bbox 384 2923 440 2975; x_wconf 82' lang='lat' dir='ltr'>sich</span> <span class='ocrx_word' id='word_1_200' title='bbox 462 2922 582 2993; x_wconf 69' lang='lat' dir='ltr'>dagrgen</span> <span class='ocrx_word' id='word_1_201' title='bbox 605 2939 668 2976; x_wconf 85' lang='lat' dir='ltr'>aus:</span> <span class='ocrx_word' id='word_1_202' title='bbox 689 2921 713 2974; x_wconf 89' lang='lat' dir='ltr'>l.</span> <span class='ocrx_word' id='word_1_203' title='bbox 729 2922 785 2974; x_wconf 84' lang='lat' dir='ltr'>weil</span> <span class='ocrx_word' id='word_1_204' title='bbox 808 2921 985 2989; x_wconf 80' lang='lat' dir='ltr'>Erlrranbung</span> <span class='ocrx_word' id='word_1_205' title='bbox 1008 2920 1100 2990; x_wconf 83' lang='lat' dir='ltr'>(Mitte</span> <span class='ocrx_word' id='word_1_206' title='bbox 1123 2923 1270 2977; x_wconf 83' lang='lat' dir='ltr'>December</span> <span class='ocrx_word' id='word_1_207' title='bbox 1290 2923 1375 2994; x_wconf 75' lang='lat' dir='ltr'>tero)</span> <span class='ocrx_word' id='word_1_208' title='bbox 1398 2928 1450 2981; x_wconf 88' lang='lat' dir='ltr'>aad</span> 
     </span>
     <span class='ocr_line' id='line_1_24' title="bbox 257 3010 1451 3082; baseline 0.003 -15"><span class='ocrx_word' id='word_1_209' title='bbox 257 3012 316 3067; x_wconf 82' lang='lat' dir='ltr'>&#39;l&#39;od</span> <span class='ocrx_word' id='word_1_210' title='bbox 330 3012 456 3082; x_wconf 84' lang='lat' dir='ltr'>Gregor’s</span> <span class='ocrx_word' id='word_1_211' title='bbox 466 3013 496 3065; x_wconf 77' lang='grc' dir='ltr'>Χ.</span> <span class='ocrx_word' id='word_1_212' title='bbox 510 3013 566 3079; x_wconf 84' lang='lat'>(10.</span> <span class='ocrx_word' id='word_1_213' title='bbox 577 3011 676 3065; x_wconf 85' lang='lat' dir='ltr'>Januar</span> <span class='ocrx_word' id='word_1_214' title='bbox 691 3010 775 3077; x_wconf 77' lang='lat' dir='ltr'>latu)</span> <span class='ocrx_word' id='word_1_215' title='bbox 788 3027 819 3063; x_wconf 87' lang='lat' dir='ltr'>so</span> <span class='ocrx_word' id='word_1_216' title='bbox 829 3010 933 3064; x_wconf 84' lang='lat' dir='ltr'>schnell</span> <span class='ocrx_word' id='word_1_217' title='bbox 947 3012 995 3064; x_wconf 81' lang='lat' dir='ltr'>auf</span> <span class='ocrx_word' id='word_1_218' title='bbox 1004 3010 1257 3079; x_wconf 81' lang='lat' dir='ltr'>einander&#39;folgtcn,</span> <span class='ocrx_word' id='word_1_219' title='bbox 1270 3015 1335 3071; x_wconf 77' lang='lat' dir='ltr'>dm</span> <span class='ocrx_word' id='word_1_220' title='bbox 1348 3015 1451 3070; x_wconf 80' lang='lat' dir='ltr'>Rudoli</span> 
     </span>
     <span class='ocr_line' id='line_1_25' title="bbox 257 3101 1447 3171; baseline 0.005 -16"><span class='ocrx_word' id='word_1_221' title='bbox 257 3121 309 3156; x_wconf 89' lang='lat' dir='ltr'>von</span> <span class='ocrx_word' id='word_1_222' title='bbox 321 3104 371 3156; x_wconf 92' lang='lat' dir='ltr'>der</span> <span class='ocrx_word' id='word_1_223' title='bbox 384 3107 504 3157; x_wconf 88' lang='lat' dir='ltr'>ersleren</span> <span class='ocrx_word' id='word_1_224' title='bbox 518 3103 661 3156; x_wconf 86' lang='lat' dir='ltr'>sicherlicb</span> <span class='ocrx_word' id='word_1_225' title='bbox 675 3101 748 3154; x_wconf 89' lang='lat' dir='ltr'>nicht</span> <span class='ocrx_word' id='word_1_226' title='bbox 761 3102 843 3171; x_wconf 81' lang='lat' dir='ltr'>zeitig</span> <span class='ocrx_word' id='word_1_227' title='bbox 856 3117 946 3171; x_wconf 87' lang='lat' dir='ltr'>genug</span> <span class='ocrx_word' id='word_1_228' title='bbox 959 3101 1171 3171; x_wconf 85' lang='lat' dir='ltr'>benachriebtigt</span> <span class='ocrx_word' id='word_1_229' title='bbox 1184 3102 1241 3155; x_wconf 85' lang='lat' dir='ltr'>sain</span> <span class='ocrx_word' id='word_1_230' title='bbox 1263 3104 1377 3168; x_wconf 81' lang='lat' dir='ltr'>boante,</span> <span class='ocrx_word' id='word_1_231' title='bbox 1405 3125 1447 3161; x_wconf 92' lang='lat' dir='ltr'>um</span> 
     </span>
     <span class='ocr_line' id='line_1_26' title="bbox 257 3190 1448 3259; baseline 0.003 -15"><span class='ocrx_word' id='word_1_232' title='bbox 257 3193 333 3245; x_wconf 88' lang='lat' dir='ltr'>einen</span> <span class='ocrx_word' id='word_1_233' title='bbox 346 3192 500 3245; x_wconf 79' lang='lat' dir='ltr'>&#39;l&#39;rostbriel</span> <span class='ocrx_word' id='word_1_234' title='bbox 510 3210 541 3244; x_wconf 83' lang='lat' dir='ltr'>zu</span> <span class='ocrx_word' id='word_1_235' title='bbox 555 3192 703 3253; x_wconf 89' lang='lat' dir='ltr'>schreibeu,</span> <span class='ocrx_word' id='word_1_236' title='bbox 718 3190 765 3243; x_wconf 86' lang='lat' dir='ltr'>aui</span> <span class='ocrx_word' id='word_1_237' title='bbox 785 3190 836 3243; x_wconf 91' lang='lat' dir='ltr'>den</span> <span class='ocrx_word' id='word_1_238' title='bbox 850 3190 898 3244; x_wconf 88' lang='lat' dir='ltr'>der</span> <span class='ocrx_word' id='word_1_239' title='bbox 910 3191 993 3259; x_wconf 85' lang='lat' dir='ltr'>Papst</span> <span class='ocrx_word' id='word_1_240' title='bbox 1010 3191 1078 3243; x_wconf 89' lang='lat' dir='ltr'>noch</span> <span class='ocrx_word' id='word_1_241' title='bbox 1098 3196 1260 3254; x_wconf 86' lang='lat' dir='ltr'>autwortete‚</span> <span class='ocrx_word' id='word_1_242' title='bbox 1280 3194 1334 3246; x_wconf 91' lang='lat' dir='ltr'>und</span> <span class='ocrx_word' id='word_1_243' title='bbox 1348 3196 1374 3249; x_wconf 79' lang='lat'>2.</span> <span class='ocrx_word' id='word_1_244' title='bbox 1389 3197 1448 3250; x_wconf 84' lang='lat' dir='ltr'>weil</span> 
     </span>
     <span class='ocr_line' id='line_1_27' title="bbox 256 3279 1448 3350; baseline 0.005 -17"><span class='ocrx_word' id='word_1_245' title='bbox 256 3280 359 3333; x_wconf 85' lang='lat' dir='ltr'>Rudoli</span> <span class='ocrx_word' id='word_1_246' title='bbox 374 3281 432 3334; x_wconf 88' lang='lat' dir='ltr'>bier</span> <span class='ocrx_word' id='word_1_247' title='bbox 451 3283 490 3333; x_wconf 88' lang='lat' dir='ltr'>als</span> <span class='ocrx_word' id='word_1_248' title='bbox 508 3282 601 3334; x_wconf 87' lang='lat' dir='ltr'>Kaiser</span> <span class='ocrx_word' id='word_1_249' title='bbox 619 3281 768 3350; x_wconf 87' lang='lat' dir='ltr'>angeredct</span> <span class='ocrx_word' id='word_1_250' title='bbox 786 3279 860 3333; x_wconf 84' lang='lat' dir='ltr'>wird.</span> <span class='ocrx_word' id='word_1_251' title='bbox 875 3309 911 3318; x_wconf 94' lang='lat'>—</span> <span class='ocrx_word' id='word_1_252' title='bbox 931 3280 966 3332; x_wconf 84' lang='lat' dir='ltr'>Es</span> <span class='ocrx_word' id='word_1_253' title='bbox 985 3280 1068 3333; x_wconf 85' lang='lat' dir='ltr'>bleibl</span> <span class='ocrx_word' id='word_1_254' title='bbox 1085 3281 1211 3335; x_wconf 86' lang='lat' dir='ltr'>iudesscn</span> <span class='ocrx_word' id='word_1_255' title='bbox 1229 3283 1361 3350; x_wconf 76' lang='lat' dir='ltr'>miglicb,</span> <span class='ocrx_word' id='word_1_256' title='bbox 1386 3286 1448 3341; x_wconf 82' lang='lat' dir='ltr'>dass</span> 
     </span>
     <span class='ocr_line' id='line_1_28' title="bbox 258 3368 1450 3440; baseline 0.004 -17"><span class='ocrx_word' id='word_1_257' title='bbox 258 3370 365 3440; x_wconf 85' lang='lat' dir='ltr'>Gregor</span> <span class='ocrx_word' id='word_1_258' title='bbox 382 3370 439 3423; x_wconf 90' lang='lat' dir='ltr'>sicb</span> <span class='ocrx_word' id='word_1_259' title='bbox 458 3372 543 3423; x_wconf 85' lang='lat' dir='ltr'>schoa</span> <span class='ocrx_word' id='word_1_260' title='bbox 562 3371 647 3424; x_wconf 81' lang='lat' dir='ltr'>lrranlr</span> <span class='ocrx_word' id='word_1_261' title='bbox 665 3386 716 3424; x_wconf 82' lang='lat' dir='ltr'>von</span> <span class='ocrx_word' id='word_1_262' title='bbox 734 3368 836 3423; x_wconf 75' lang='lat' dir='ltr'>liudolf</span> <span class='ocrx_word' id='word_1_263' title='bbox 850 3386 881 3421; x_wconf 86' lang='lat' dir='ltr'>zu</span> <span class='ocrx_word' id='word_1_264' title='bbox 900 3368 1039 3421; x_wconf 85' lang='lat' dir='ltr'>Lausanne</span> <span class='ocrx_word' id='word_1_265' title='bbox 1059 3368 1092 3420; x_wconf 90' lang='lat' dir='ltr'>im</span> <span class='ocrx_word' id='word_1_266' title='bbox 1107 3370 1226 3424; x_wconf 85' lang='lat' dir='ltr'>October</span> <span class='ocrx_word' id='word_1_267' title='bbox 1238 3370 1308 3425; x_wconf 73' lang='lat'>1275</span> <span class='ocrx_word' id='word_1_268' title='bbox 1327 3376 1450 3440; x_wconf 88' lang='lat' dir='ltr'>getrcunt</span> 
     </span>
     <span class='ocr_line' id='line_1_29' title="bbox 257 3457 1442 3535; baseline 0.004 -23"><span class='ocrx_word' id='word_1_269' title='bbox 257 3461 314 3521; x_wconf 85' lang='lat' dir='ltr'>bat,</span> <span class='ocrx_word' id='word_1_270' title='bbox 332 3460 385 3511; x_wconf 88' lang='lat' dir='ltr'>uad</span> <span class='ocrx_word' id='word_1_271' title='bbox 404 3459 437 3511; x_wconf 94' lang='lat' dir='ltr'>da</span> <span class='ocrx_word' id='word_1_272' title='bbox 451 3459 509 3513; x_wconf 85' lang='lat' dir='ltr'>Ton</span> <span class='ocrx_word' id='word_1_273' title='bbox 523 3459 576 3513; x_wconf 89' lang='lat' dir='ltr'>und</span> <span class='ocrx_word' id='word_1_274' title='bbox 598 3460 683 3513; x_wconf 85' lang='lat' dir='ltr'>lnball</span> <span class='ocrx_word' id='word_1_275' title='bbox 701 3459 749 3512; x_wconf 89' lang='lat' dir='ltr'>des</span> <span class='ocrx_word' id='word_1_276' title='bbox 764 3458 867 3512; x_wconf 86' lang='lat' dir='ltr'>Briefes</span> <span class='ocrx_word' id='word_1_277' title='bbox 890 3457 941 3510; x_wconf 89' lang='lat' dir='ltr'>don</span> <span class='ocrx_word' id='word_1_278' title='bbox 965 3457 1236 3514; x_wconf 81' lang='lat' dir='ltr'>ireundscltafllicben</span> <span class='ocrx_word' id='word_1_279' title='bbox 1258 3462 1442 3535; x_wconf 79' lang='lat' dir='ltr'>Beaielmngcu</span> 
     </span>
     <span class='ocr_line' id='line_1_30' title="bbox 258 3546 1446 3619; baseline 0.003 -17"><span class='ocrx_word' id='word_1_280' title='bbox 258 3549 389 3602; x_wconf 83' lang='lat' dir='ltr'>awiscben</span> <span class='ocrx_word' id='word_1_281' title='bbox 400 3548 506 3619; x_wconf 84' lang='lat' dir='ltr'>Gregor</span> <span class='ocrx_word' id='word_1_282' title='bbox 517 3552 548 3603; x_wconf 82' lang='lat' dir='ltr'>X.</span> <span class='ocrx_word' id='word_1_283' title='bbox 561 3552 613 3603; x_wconf 89' lang='lat' dir='ltr'>und</span> <span class='ocrx_word' id='word_1_284' title='bbox 624 3550 724 3604; x_wconf 83' lang='lat' dir='ltr'>Rudolf</span> <span class='ocrx_word' id='word_1_285' title='bbox 734 3550 870 3603; x_wconf 85' lang='lat' dir='ltr'>durchaus</span> <span class='ocrx_word' id='word_1_286' title='bbox 884 3553 990 3617; x_wconf 79' lang='lat' dir='ltr'>gemam</span> <span class='ocrx_word' id='word_1_287' title='bbox 1003 3546 1072 3611; x_wconf 87' lang='lat' dir='ltr'>sind,</span> <span class='ocrx_word' id='word_1_288' title='bbox 1085 3565 1115 3602; x_wconf 89' lang='lat' dir='ltr'>so</span> <span class='ocrx_word' id='word_1_289' title='bbox 1129 3549 1165 3602; x_wconf 87' lang='lat' dir='ltr'>ist</span> <span class='ocrx_word' id='word_1_290' title='bbox 1178 3550 1244 3603; x_wconf 85' lang='lat' dir='ltr'>auch</span> <span class='ocrx_word' id='word_1_291' title='bbox 1257 3550 1301 3604; x_wconf 88' lang='lat' dir='ltr'>die</span> <span class='ocrx_word' id='word_1_292' title='bbox 1311 3551 1446 3606; x_wconf 80' lang='lat' dir='ltr'>Aunahmc</span> 
     </span>
     <span class='ocr_line' id='line_1_31' title="bbox 258 3635 1446 3709; baseline 0.003 -18"><span class='ocrx_word' id='word_1_293' title='bbox 258 3642 404 3706; x_wconf 81' lang='lat' dir='ltr'>gestatlet,</span> <span class='ocrx_word' id='word_1_294' title='bbox 427 3639 471 3692; x_wconf 90' lang='lat' dir='ltr'>die</span> <span class='ocrx_word' id='word_1_295' title='bbox 484 3639 679 3709; x_wconf 82' lang='lat' dir='ltr'>Verwandlung</span> <span class='ocrx_word' id='word_1_296' title='bbox 691 3656 742 3693; x_wconf 84' lang='lat' dir='ltr'>voa</span> <span class='ocrx_word' id='word_1_297' title='bbox 763 3638 863 3707; x_wconf 86' lang='lat' dir='ltr'>regalis</span> <span class='ocrx_word' id='word_1_298' title='bbox 877 3637 903 3689; x_wconf 92' lang='lat' dir='ltr'>in</span> <span class='ocrx_word' id='word_1_299' title='bbox 916 3635 1059 3706; x_wconf 88' lang='lat' dir='ltr'>imperialis</span> <span class='ocrx_word' id='word_1_300' title='bbox 1072 3637 1171 3691; x_wconf 86' lang='lat' dir='ltr'>beruhe</span> <span class='ocrx_word' id='word_1_301' title='bbox 1191 3638 1239 3692; x_wconf 84' lang='lat' dir='ltr'>aui</span> <span class='ocrx_word' id='word_1_302' title='bbox 1249 3640 1322 3694; x_wconf 85' lang='lat' dir='ltr'>einer</span> <span class='ocrx_word' id='word_1_303' title='bbox 1335 3640 1446 3695; x_wconf 80' lang='lat' dir='ltr'>Willlrllr</span> 
     </span>
     <span class='ocr_line' id='line_1_32' title="bbox 257 3727 1443 3797; baseline 0.003 -17"><span class='ocrx_word' id='word_1_304' title='bbox 257 3728 306 3780; x_wconf 86' lang='lat' dir='ltr'>des</span> <span class='ocrx_word' id='word_1_305' title='bbox 318 3728 462 3781; x_wconf 72' lang='lat' dir='ltr'>Dictatore.</span> <span class='ocrx_word' id='word_1_306' title='bbox 487 3729 541 3782; x_wconf 82' lang='lat' dir='ltr'>llas</span> <span class='ocrx_word' id='word_1_307' title='bbox 558 3730 630 3783; x_wconf 83' lang='lat' dir='ltr'>steht</span> <span class='ocrx_word' id='word_1_308' title='bbox 648 3729 714 3791; x_wconf 84' lang='lat' dir='ltr'>lest,</span> <span class='ocrx_word' id='word_1_309' title='bbox 733 3727 796 3782; x_wconf 85' lang='lat' dir='ltr'>dass</span> <span class='ocrx_word' id='word_1_310' title='bbox 816 3728 923 3797; x_wconf 87' lang='lat' dir='ltr'>Gregor</span> <span class='ocrx_word' id='word_1_311' title='bbox 934 3728 964 3783; x_wconf 72' lang='lat' dir='ltr'>n</span> <span class='ocrx_word' id='word_1_312' title='bbox 980 3742 1067 3795; x_wconf 83' lang='lat' dir='ltr'>ganan</span> <span class='ocrx_word' id='word_1_313' title='bbox 1081 3744 1122 3791; x_wconf 88' lang='lat' dir='ltr'>so,</span> <span class='ocrx_word' id='word_1_314' title='bbox 1133 3728 1182 3781; x_wconf 81' lang='lat' dir='ltr'>wic</span> <span class='ocrx_word' id='word_1_315' title='bbox 1195 3728 1221 3781; x_wconf 88' lang='lat' dir='ltr'>in</span> <span class='ocrx_word' id='word_1_316' title='bbox 1236 3745 1342 3784; x_wconf 85' lang='lat' dir='ltr'>unserm</span> <span class='ocrx_word' id='word_1_317' title='bbox 1356 3731 1443 3787; x_wconf 82' lang='lat' dir='ltr'>Bricia</span> 
     </span>
     <span class='ocr_line' id='line_1_33' title="bbox 258 3817 955 3887; baseline 0 -19"><span class='ocrx_word' id='word_1_318' title='bbox 258 3817 407 3887; x_wconf 82' lang='lat' dir='ltr'>geschiebt,</span> <span class='ocrx_word' id='word_1_319' title='bbox 422 3833 454 3869; x_wconf 89' lang='lat' dir='ltr'>an</span> <span class='ocrx_word' id='word_1_320' title='bbox 467 3817 567 3871; x_wconf 84' lang='lat' dir='ltr'>lludoll</span> <span class='ocrx_word' id='word_1_321' title='bbox 577 3821 650 3871; x_wconf 78' lang='lat' dir='ltr'>batte</span> <span class='ocrx_word' id='word_1_322' title='bbox 664 3818 803 3872; x_wconf 85' lang='lat' dir='ltr'>schreibcn</span> <span class='ocrx_word' id='word_1_323' title='bbox 817 3818 855 3870; x_wconf 76' lang='lat' dir='ltr'>lad</span> <span class='ocrx_word' id='word_1_324' title='bbox 864 3832 955 3870; x_wconf 85' lang='lat' dir='ltr'>naen.</span> 
     </span>
    </p>
   </div>
   <div class='ocr_carea' id='block_1_4' title="bbox 348 3994 593 4060">
    <p class='ocr_par' dir='ltr' id='par_1_4' title="bbox 348 3994 593 4060">
     <span class='ocr_line' id='line_1_34' title="bbox 348 3994 593 4060; baseline 0 -11"><span class='ocrx_word' id='word_1_325' title='bbox 348 3994 382 4060; x_wconf 84' lang='lat' dir='ltr'>a)</span> <span class='ocrx_word' id='word_1_326' title='bbox 397 3997 559 4049; x_wconf 80' lang='lat' dir='ltr'>oblectemur</span> <span class='ocrx_word' id='word_1_327' title='bbox 573 3995 593 4049; x_wconf 81' lang='lat' dir='ltr'>V</span> 
     </span>
    </p>
   </div>
   <div class='ocr_carea' id='block_1_5' title="bbox 0 0 1618 5392">
    <p class='ocr_par' dir='ltr' id='par_1_5' title="bbox 0 0 1618 5392">
     <span class='ocr_line' id='line_1_35' title="bbox 0 0 1618 5392; baseline 0 0"><span class='ocrx_word' id='word_1_328' title='bbox 0 0 1618 5392; x_wconf 95' lang='lat' dir='ltr'> </span> 
     </span>
    </p>
   </div>
  </div>
 </body>
</html>
