3209 5392
1238 501 1311 582 183

698 678 761 756 26.

137 842 298 926 lpestolice
328 837 410 904 sedis
440 819 556 921 legatus
588 840 822 903 commissionem
853 837 928 903 noo
948 840 1176 923 predicantibus
1199 857 1314 905 crucem

620 957 626 968 “
651 953 793 1013 sanctem.

141 1143 146 1172 ,
533 1071 611 1164 lati,
626 1107 825 1169 Februarodar
837 1109 919 1168 um.

131 1237 181 1306 don
202 1252 250 1298 ooo
268 1235 456 1296 dumill-
478 1233 527 1294 aa
546 1235 595 1298 der
612 1236 762 1306 drumm
779 1234 1032 1307 cinnamomo
1050 1236 1258 1307 mliacensi
1269 1237 1316 1296 ir.

132 1325 293 1400 bonomonte
316 1324 427 1386 crudo
457 1324 576 1386 Witoeln
602 1342 651 1388 ooo
678 1326 766 1394 (aba
795 1345 852 1384 vom
879 1326 968 1386 Ordeo
992 1329 1042 1390 der
1066 1325 1317 1402 Prodamnomoe,

132 1416 231 1486 fordert
242 1417 391 1470 Jemanden
404 1414 463 1488 auf,
483 1414 527 1469 die
544 1414 727 1472 Gcietlc'clolceii
738 1417 794 1470 und
806 1417 856 1471 doc
876 1416 936 1470 Vollc
948 1417 977 1471 in
989 1416 1172 1480 Deutccbland
1183 1436 1215 1470 zu
1228 1416 1314 1471 circem

129 1508 276 1577 Kreuzzupe
294 1523 378 1577 papea
397 1507 507 1560 Konrcd
518 1506 563 1559 IV.
584 1507 640 1561 arod
655 1507 750 1560 dcccco
762 1504 905 1578 Anbdnper
922 1506 1087 1580 amuseoern
1099 1509 1156 1562 ond
1166 1505 1314 1580 vcrcpriclot

128 1596 172 1651 den
196 1595 330 1652 Streol‘em
351 1595 472 1667 patema
496 1594 585 1663 boin,
616 1595 666 1650 acie
691 1597 744 1650 den
766 1615 826 1651 zum
852 1595 966 1652 Saietae
995 1598 1043 1653 deo
1068 1595 1183 1670 beid’yen
1207 1598 1314 1653 Lancea

137 1701 143 1728 ι·
520 1738 524 1747 ,
617 1686 827 1742 mancionem

211 1833 244 1898 si
263 1814 385 1896 exordia
401 1833 552 1898 nascentis
570 1833 699 1898 ecclesie
716 1833 754 1896 ad
774 1832 948 1901 memoriam
971 1840 1162 1907 revocentur,
1185 1833 1431 1904 evidere-rmore.

129 1939 188 2005 cius
205 1940 374 2025 apparebit,
391 1941 480 2026 quod,
494 1942 572 2032 sicut
582 1939 614 2005 in
627 1942 819 2012 credentibus
833 1964 891 2006 una
904 1943 972 2006 olim
990 1949 1054 2007 erat
1065 1943 1140 2006 fides
1153 1941 1312 2022 mercium,

127 2047 213 2114 sicin
230 2050 347 2122 eisdem
365 2059 430 2122 erat
445 2072 504 2114 una
520 2051 617 2140 pietas
640 2051 807 2124 actionum,
835 2057 937 2138 utpote
960 2072 1085 2140 quorum
1102 2072 1155 2115 cor
1175 2072 1265 2120 unum
1283 2057 1313 2115 et

124 2153 216 2224 anima
248 2181 314 2232 una,
341 2161 375 2234 in
397 2136 525 2225 llomino
557 2160 714 2228 existebat.
754 2161 800 2225 Ob
833 2181 921 2245 quam
952 2160 1096 2225 unitatem
1127 2159 1319 2252 applaudens

129 2269 269 2341 ecclesie,
288 2287 414 2353 sponsus
432 2270 495 2338 eius
521 2290 598 2344 „una
616 2275 663 2332 est
680 2269 818 2336 colunoba
839 2281 925 2338 mea“
945 2269 1124 2336 decantabat
1146 2270 1176 2331 in
1193 2268 1319 2338 cantico

125 2379 309 2443 canticorum
330 2377 366 2467 ¹).
384 2379 468 2444 Hanc
484 2379 575 2466 igitur
591 2379 744 2452 unitatem,
756 2400 811 2464 per
824 2380 955 2443 tunicam
966 2379 1085 2444 Domini
1101 2361 1319 2444 inconsutilem

10 2501 11 2511 ¹
123 2486 319 2569 designatam,
336 2488 422 2551 matri
439 2487 568 2558 ecclesie
585 2508 739 2574 synagoga
756 2486 967 2572 prefigurabat.
986 2487 1050 2570 Quo
1064 2489 1137 2551 licet
1153 2507 1308 2574 synagoga

121 2597 258 2668 uidelicet
277 2597 308 2660 in
323 2597 389 2659 aliis
407 2596 574 2665 exhibuerit
591 2618 624 2659 se
641 2607 810 2670 novercam,
827 2597 858 2664 in
873 2597 1043 2666 hoctamen
1056 2598 1186 2666 ecclesie
1203 2605 1307 2661 sancte

124 2714 298 2778 reverenter
315 2707 419 2774 detulit
435 2714 465 2771 et
485 2708 638 2798 pepercit,
667 2707 757 2792 quod,
773 2707 890 2792 partitis
919 2705 977 2776 sibi
999 2705 1064 2774 aliis
1081 2706 1310 2772 Domini'resti-

125 2817 242 2889 mentis,
257 2814 392 2879 tunicam
408 2815 487 2878 illam
504 2816 714 2886 inconsutilem
730 2836 851 2880 servare
867 2814 961 2880 voluit
977 2814 1145 2888 indivisam,
1161 2825 1318 2882 venerans

126 2923 152 2986 in
177 2923 227 2986 illa
256 2922 388 2986 ecclesie
416 2923 573 3006 mysticam
599 2924 754 2997 unitatem,
783 2943 871 3007 quam
903 2923 953 2986 illa
979 2922 1200 2990 inconsutilitas
1229 2922 1313 2988 desi·

126 3031 234 3112 gnabat
253 3030 298 3117 ²),
313 3032 481 3113 ponendam
511 3052 629 3116 quoque
657 3033 690 3100 in
716 3031 885 3114 superbiam
913 3031 1081 3096 seculorum
1114 3038 1144 3094 et
1175 3019 1319 3096 mamillis

126 3162 227 3223 regum
245 3140 436 3212 nutriendam
451 3143 565 3230 pariter
582 3149 612 3208 et
627 3141 847 3230 laniandam).
863 3141 950 3204 Nunc
966 3146 1078 3213 antem,
1093 3140 1173 3228 quod
1189 3139 1315 3208 retierre

127 3247 238 3334 absque
253 3250 359 3313 dolore
372 3250 456 3333 gravi
470 3257 500 3314 et
509 3251 621 3336 gemitu
633 3271 692 3313 non
704 3249 846 3320 valemus,
864 3248 1083 3312 Chunradus
1100 3248 1217 3337 impius,
1233 3247 1316 3336 inpii

129 3355 175 3422 m.
194 3359 347 3444 quondam
363 3359 554 3444 imperatoris
570 3360 658 3433 filius,
674 3365 799 3447 paterne
816 3359 978 3443 impietatis
996 3365 1026 3423 et
1038 3357 1162 3421 sceleris
1174 3351 1319 3438 imitator,

131 3485 183 3532 nec
215 3490 279 3533 non
310 3470 442 3538 fautores
475 3459 538 3542 sui,
569 3469 657 3534 velud
685 3488 808 3556 squame
836 3467 892 3531 sibi
915 3467 1108 3532 vehementer
1129 3468 1167 3530 ad
1189 3467 1316 3534 invicem

128 3578 310 3650 coherentes
327 3578 368 3666 a)
385 3578 508 3647 senilem
526 3586 636 3643 etatem
653 3579 796 3651 ecclesie,
810 3578 980 3642 venerande
998 3578 1116 3641 scilicet
1139 3583 1316 3646 cunctorum

129 3683 257 3758 lidebum
276 3687 444 3768 genitricis
460 3687 550 3770 impie
567 3693 814 3772 contempnentes
831 3707 866 3749 oc
883 3671 1034 3750 sevientes
1051 3686 1081 3748 in
1099 3706 1164 3754 eam
1181 3685 1319 3752 seuerius.
1433 3691 1438 3700 ‘

131 3819 215 3894 quam
242 3797 350 3870 iudei,
378 3800 526 3868 unitatem¹
551 3797 662 3888 ipsius,
691 3804 796 3861 sancto
825 3797 931 3880 spiritu
958 3802 1187 3884 congregatam,
1215 3795 1319 3863 hostili

130 3907 301 3971 incursione
330 3907 444 3983 turbari
477 3907 596 3971 minime
627 3905 839 3978 reformidant,
871 3905 942 3989 quin
972 3906 1031 3976 imo
1063 3904 1138 3969 eollo
1157 3910 1315 3972 currentes

132 4007 230 4081 erecto
248 4017 289 4102 o)
306 4017 449 4080 adversus
467 4038 532 4081 earn
549 4023 579 4081 et
603 4017 746 4080 adversus
774 4016 924 4079 Christum
952 4014 1033 4088 eius,
1064 4014 1194 4085 tunicam
1220 4013 1318 4097 ipsius

132 4125 351 4199 inconsutilem,
367 4126 508 4190 videlicet
524 4127 688 4197 caritatem,
705 4131 847 4209 tanquam
858 4125 914 4188 viri
932 4123 1107 4195 scismatici,
1123 4122 1261 4190 scindere
1278 4144 1314 4191 aa

217 4289 252 4358 a)
269 4288 414 4343 corcbntes
425 4288 455 4342 V.
472 4318 503 4329 —
519 4289 550 4358 d)
566 4306 607 4343 arn
620 4288 711 4343 ltande
724 4288 807 4341 alius:
828 4289 946 4342 extento.
960 4281 966 4298 ’

133 4447 456 4478 ὗ-ιν-ιι-π--η-ο-α-η-φ-

153 4553 273 4634 ”ι)ὀηηι.
287 4579 344 4628 o‚o.
411 4539 420 4558 ⁴
535 4533 561 4593 ⁹

164 4656 185 4715 ¹)
202 4664 272 4705 ioan.
288 4661 323 4715 lo,
336 4664 375 4707 24.

166 4737 190 4800 ι)
207 4726 312 4798 nan‘oo,
327 4744 362 4788 ro.
379 4746 415 4790 ro.
