3209 5392
196 450 274 558 aso

193 620 297 703 gnavit
317 620 356 706 ¹),
372 625 417 681 tot
433 625 463 681 et
478 620 569 681 tantis
586 619 756 703 dampnosis
774 616 890 680 iniuriis
908 621 937 679 et
953 617 1107 698 probrosis
1125 618 1312 684 contumeliis
1329 639 1383 682 nos

192 728 356 812 inpellens,
385 726 465 809 quod
488 727 527 789 ad
544 731 653 788 statum
668 724 834 807 reipublice
858 724 1095 804 defendendum,
1124 726 1209 788 cuius
1231 727 1311 790 idem
1331 749 1384 790 rex

192 856 270 918 pene
287 833 451 897 suffoderat
465 833 673 905 fundamenta,
696 833 829 914 oportuit
845 832 950 894 saltem
971 852 1039 895 sero
1063 832 1154 914 gladii
1178 853 1194 895 a
1211 834 1275 914 Deo
1297 834 1384 897 nobis

193 941 344 1005 commissi
366 940 497 1003 educere
518 946 708 1022 potestatem.
741 941 835 1020 Igitur
856 939 887 1001 in
911 939 1082 1002 crastino
1100 940 1141 1024 a)
1171 940 1276 1004 beati
1298 942 1385 1003 Bar-

192 1047 374 1112 tholomei
398 1048 567 1129 apostoli
586 1048 615 1135 ³)
632 1068 688 1110 nos
705 1052 736 1110 et
756 1046 834 1108 lilius
857 1052 976 1117 noster,
1004 1067 1057 1109 ren
1078 1046 1228 1128 Ungarie,
1258 1068 1294 1110 eo
1315 1047 1383 1124 loco

192 1155 355 1218 locavimus
372 1158 472 1216 castra
488 1159 601 1225 nostra,
618 1154 669 1217 ubi
685 1153 723 1216 ab
740 1152 875 1233 exercitu
890 1152 973 1234 regis
988 1153 1119 1234 predicti
1135 1154 1183 1215 vix
1206 1154 1245 1216 ad
1267 1152 1384 1232 miliare

193 1260 639 1345 deutnnicumedistabamus3
655 1280 742 1323 mane
758 1279 829 1322 vero
847 1259 948 1322 ferie
965 1265 1074 1322 sexte
1091 1260 1384 1343 subsequentis,

193 1367 289 1431 eterni
305 1368 361 1430 Dei
377 1367 485 1429 auxilio
501 1366 650 1437 invocato,
666 1366 883 1447 processimus,
900 1364 1055 1448 signisque
1077 1366 1231 1449 belligeris
1248 1366 1385 1437 elevatis,

193 1496 229 1539 eo
249 1475 456 1556 pervenimus,
483 1473 534 1535 ubi
561 1494 613 1535 rex
634 1472 833 1536 bohemorum
855 1472 1010 1554 dispositis
1032 1473 1156 1536 aciebus
1179 1472 1269 1536 tinem
1296 1474 1382 1555 prelii

193 1580 382 1663 expectabat,
410 1581 472 1644 lllic
488 1580 597 1643 milites
614 1580 787 1664 utriusque,
817 1580 886 1642 dum
909 1580 996 1660 signa
1012 1579 1083 1643 binc
1099 1580 1169 1643 inde
1185 1581 1386 1666 prospiciunt,

192 1690 258 1752 lero
274 1689 386 1770 impetu
401 1688 606 1770 glomerantur
614 1692 648 1769 e)
661 1688 693 1749 in
705 1706 806 1759 unum,
819 1687 857 1749 de
869 1669 976 1752 virium
991 1687 1119 1768 paritate
1133 1689 1245 1752 strictis
1263 1689 1386 1752 ensibus

192 1796 388 1877 disputantes.
426 1795 540 1858 Tantus
573 1794 665 1876 igitur
696 1796 794 1858 inerat
830 1794 909 1876 parti
947 1794 1080 1857 utrilibet
1116 1795 1319 1877 triumphandi
1345 1797 1387 1881 d)

191 1900 328 1973 allectus,
356 1908 388 1965 ut
414 1908 510 1964 morte
536 1901 693 1965 victoriam
722 1909 897 1982 comparare
924 1907 961 1965 et·
984 1901 1106 1963 vincere
1133 1902 1289 1965 moriendo
1320 1924 1387 1966 rem

193 2010 314 2090 dignam
330 2014 360 2071 et
376 2009 508 2072 debitam
525 2008 649 2091 quilibet
671 2008 836 2071 estimaret.
868 2008 931 2070 lllic
952 2007 1062 2070 milites
1087 2009 1221 2071 strennui
1244 2028 1388 2091 equorum

77 2146 153 2189 serso
161 2146 182 2185 a.
192 2117 310 2198 ungulis
333 2116 581 2188 substernuntur,
609 2116 651 2178 ibi
673 2121 756 2181 tanto
784 2115 930 2196 sanguine
947 2115 1075 2178 humano
1091 2121 1172 2178 terra
1188 2116 1388 2197 pertunditur,

192 2228 224 2285 ut
240 2243 300 2286 non
316 2224 411 2287 solum
426 2222 641 2304 pugnantibus,
657 2222 712 2284 sed
724 2241 825 2303 pugne
838 2221 985 2285 duriciam
998 2221 1184 2285 intuentibus
1197 2224 1258 2285 vite
1274 2223 1389 2298 tedium

192 2350 261 2392 esse
277 2335 391 2412 posset.
424 2330 560 2391 Tandem
576 2349 649 2392 vero
666 2329 779 2390 milicia
795 2334 915 2400 nostra,
943 2348 1003 2390 non
1026 2348 1081 2391 sua
1105 2330 1160 2392 sed
1177 2329 1388 2411 omnipotentis

191 2437 247 2499 Dei
263 2437 372 2499 virtute
388 2435 556 2517 prevalens,
572 2435 682 2498 milites
698 2435 781 2515 regis
798 2434 996 2497 Bobemorum
1013 2434 1044 2497 in
1066 2435 1197 2498 vicinum
1219 2457 1337 2499 amnem
1356 2437 1386 2523 ⁸)

191 2543 313 2624 inpulit,
342 2542 394 2605 ubi
410 2542 475 2604 lere
493 2562 596 2605 omnes
615 2547 666 2605 aut
682 2542 782 2623 gladio
806 2542 995 2623 interempti,
1023 2547 1075 2604 aut
1096 2543 1217 2606 flumine
1234 2543 1385 2616 suffocati,

192 2654 244 2713 aut
260 2649 340 2730 capti
357 2648 394 2711 ab
410 2649 548 2714 hostibus
565 2649 753 2721 defecerunt,
769 2649 815 2711 sio
832 2649 911 2731 quod
927 2649 998 2730 lnge
1014 2649 1180 2731 presidium
1195 2652 1300 2733 paucis
1315 2672 1389 2734 pro-

192 2755 264 2826 luit;
288 2775 357 2818 nam
380 2756 445 2819 lere
469 2776 573 2819 omnes
597 2755 676 2838 apud
699 2776 755 2818 nos
779 2761 830 2817 aut
854 2756 934 2837 capti
958 2762 1010 2819 aut
1034 2757 1143 2821 mortui
1163 2763 1382 2829 remanserunt,

191 2861 280 2925 Licet
302 2866 402 2924 autem
423 2882 476 2924 rex
496 2860 650 2943 predictus
673 2860 798 2923 militurn
820 2881 943 2924 suorum
964 2863 1084 2942 agmina
1106 2862 1252 2945 dissipata
1269 2863 1389 2927 videret

193 2988 286 3053 seque
313 2968 378 3050 lere
399 2968 438 3031 ab
462 2967 598 3033 omnibus
622 2969 817 3039 derelictum,
845 2969 944 3032 adbuc
966 2974 1066 3032 tamen
1087 2970 1263 3034 victricibus
1291 2970 1391 3054 signis

192 3075 304 3140 nostris
321 3076 431 3138 cedere
447 3075 551 3147 noluit,
567 3075 623 3137 sed
639 3096 722 3140 more
741 3081 772 3138 et
788 3074 886 3139 animo
903 3082 1065 3157 gyganteo,
1082 3076 1192 3141 virtute
1208 3077 1337 3141 mirabili
1354 3099 1388 3140 se

194 3182 344 3253 defendit,
374 3182 471 3245 donee
493 3183 614 3265 quidam
636 3183 674 3245 de
696 3184 809 3254 nostris
831 3182 973 3253 militibus
990 3183 1087 3265 ipsum
1104 3185 1271 3250 mortaliter
1285 3186 1389 3248 vulne-

193 3293 290 3352 ratum
306 3307 364 3350 una
381 3307 449 3350 cum
464 3288 613 3352 dextrario
631 3288 816 3354 deiecerunt.
834 3289 919 3352 Tunc
937 3289 1055 3351 demum
1071 3290 1120 3353 ille
1143 3312 1196 3353 rex
1211 3291 1389 3373 magnificus

194 3414 262 3458 cum
277 3393 403 3456 victoria
418 3394 510 3457 vitam
524 3395 666 3476 perdidit,
683 3414 772 3477 quem
787 3416 848 3458 non
864 3400 966 3458 nostre
982 3397 1124 3477 potencie
1147 3397 1310 3470 fortitudo,
1334 3399 1390 3461 sed

193 3502 251 3565 Dei
267 3501 379 3564 excelsi
392 3501 524 3574 dextera,
538 3521 660 3565 causam
672 3510 806 3567 nostram
818 3502 1054 3567 misericorditer
1065 3503 1214 3575 iudicans,
1227 3504 1387 3570 interemit.

194 3608 258 3670 Nos
286 3607 380 3689 igitur
405 3607 465 3670 hec
489 3614 520 3671 et
542 3608 600 3670 alia
622 3607 771 3671 beneficia
795 3607 833 3670 ab
859 3629 912 3680 eo,
942 3608 993 3690 qui
1018 3609 1124 3671 eadem
1146 3610 1232 3673 nobis
1254 3610 1389 3681 contulit,

194 3713 344 3777 humiliter
371 3719 593 3806 cognoscentes
628 3720 660 3777 et
690 3716 728 3776 ad
756 3714 875 3777 laudeni
897 3714 960 3776 sive
988 3715 1115 3795 gloriam
1138 3715 1185 3778 sui
1207 3715 1390 3779 sanctissimi

195 3819 322 3884 nominis
351 3822 551 3892 reflorentes,
578 3820 617 3883 ad
645 3840 733 3884 omne
761 3821 850 3892 illud,
882 3822 962 3903 qnod
989 3831 1107 3901 gratum
1141 3822 1286 3885 altissimo
1312 3822 1390 3903 regi,

194 3925 255 3988 filio
276 3926 352 3990 lesu
368 3927 487 3990 Christo
511 3947 580 3989 esse
597 3926 774 3989 sciverimus
797 3932 958 4008 vestroque
980 3927 1203 4010 beneplacitum
1226 3928 1389 3998 sanctitati,

196 4033 351 4096 devociori
364 4034 598 4116 promptitudine
614 4041 752 4098 nostram
765 4035 996 4098 sollicitudinem
1013 4043 1233 4100 convertemus.

286 4163 320 4229 a)
336 4162 476 4215 crastinum
489 4137 564 4213 Ζζ-
578 4162 611 4226 d)
625 4161 677 4215 sic!
699 4190 731 4200 -
750 4162 782 4228 e)
803 4161 986 4231 glomorantur
1002 4162 1032 4215 V.
1052 4192 1089 4202 -
1107 4162 1142 4231 d)
1157 4162 1335 4232 triumphandi
1349 4178 1388 4213 om

196 4253 288 4305 Raude
302 4253 331 4305 V.

222 4448 247 4507 ¹)
264 4448 344 4505 vergi.
363 4450 439 4504 Kopp,
460 4450 479 4501 l,
497 4449 541 4493 251
561 4449 583 4492 ll'.
601 4463 624 4493 u.
642 4451 700 4494 bun.
718 4449 803 4494 Salieb.
822 4449 850 4492 ll.
869 4451 896 4493 G.
915 4449 931 4492 l.
949 4464 971 4495 c.
988 4452 1043 4496 802.

221 4525 304 4587 ¹125.
322 4532 419 4585 August.
438 4530 516 4588 Vergl.
533 4530 579 4574 deu
598 4529 810 4587 sorbergebenden
827 4530 894 4574 Briel
909 4531 955 4574 und
972 4532 1049 4588 Kopp,
1068 4534 1084 4574 l.
1101 4544 1123 4576 c.
1142 4531 1189 4576 256
1207 4530 1228 4574 Ε.

225 4610 248 4669 ⁸)
266 4610 308 4654 nie
325 4610 412 4654 lieven.
509 4665 510 4668 Ἴ
