3209 5392
1273 568 1354 642 397

153 728 225 794 tatis
250 724 351 790 divine
374 727 595 813 omnipotencia
618 728 783 791 discussuri
802 727 990 811 judicialiter
1012 733 1042 791 et
1058 726 1270 811 potencialiter
1284 747 1357 810 pro·

154 837 292 908 cessuri,
320 835 480 899 dummodo
496 834 654 918 legittimis
671 831 876 911 documentis,
904 841 937 901 ut
955 836 1060 907 decet,
1089 841 1120 900 et
1143 835 1356 900 verisimilibus

153 951 298 1031 appareat
315 946 514 1027 argumentis,
532 946 613 1029 quod
630 947 690 1009 sint
706 966 801 1029 super
816 946 988 1010 huiusmodi
1004 947 1154 1041 pravitape
1172 946 1303 1010 convicti
1327 949 1357 1010 et

152 1056 380 1122 sentencialiter
397 1055 620 1139 condempnati.
639 1057 707 1119 Dat.
727 1061 785 1120 etc.

245 1182 379 1235 Bodrnann
394 1200 420 1251 p.
437 1180 504 1234 148:
522 1181 680 1251 liudolphus
699 1184 729 1238 R.
749 1184 780 1237 R.
799 1183 828 1237 S.
848 1183 880 1237 Α.
899 1180 1043 1252 Religiosis
1057 1184 1086 1235 et
1098 1182 1277 1253 prudentibus
1291 1181 1357 1236 viris

153 1275 184 1328 N.
213 1276 240 1327 et
260 1272 291 1324 N.
314 1273 347 1327 dc
366 1271 458 1326 ordine
477 1273 591 1325 fratrum
620 1271 835 1343 predicatorum,
859 1272 1022 1344 apostolicae
1046 1273 1118 1326 sedis
1141 1272 1357 1342 inquisitoribus’

156 1366 253 1419 contra
271 1363 416 1416 hereticam
436 1362 598 1433 pravitatem
617 1362 734 1434 egregiis
753 1362 814 1418 fidei
834 1362 998 1418 orthodoxae
1022 1362 1156 1435 pugilibus
1174 1365 1224 1418 sibi
1239 1359 1357 1418 dilectis’

157 1455 269 1508 salutem
283 1457 312 1508 ct
325 1471 401 1508 omne
414 1455 518 1508 bonnm.
531 1453 621 1522 Vergl.
637 1454 754 1509 Gerbcrt
768 1453 795 1519 3,
809 1454 854 1507 24.

720 1641 782 1714 50.

544 1803 712 1884 lmperotor
728 1803 833 1866 scribit
849 1802 975 1866 lllsonls.
1369 1814 1413 1853 ru.
1423 1814 1475 1852 so..

156 1937 210 1991 Eia
226 1936 324 1991 Kas'ser
342 1933 458 1990 schreibt
477 1938 529 1990 deo
542 1936 683 1999 roanos,
702 1954 732 1989 cr
752 1934 819 1990 bobo
836 1933 914 1991 s'lrrco
930 1938 1081 1990 Geaoodteo
1100 1935 1217 1991 boldcoll
1229 1935 1360 2007 ooqebb're

157 2029 225 2095 und,
248 2027 275 2082 in
297 2028 348 2082 der
370 2025 479 2081 Absiclrt
500 2025 578 2081 ihren
605 2025 755 2082 Wztoaclren
778 2024 923 2097 Erfr'c'llony
945 2046 977 2081 au
999 2024 1179 2095 omacloffcn,
1205 2026 1282 2082 dureo
1305 2028 1361 2081 nard

357 2117 434 2173 einen
446 2116 626 2172 karberlicbeo
634 2118 793 2174 ‘Gesondteo
806 2135 842 2171 aa
854 2118 906 2172 deo
919 2120 1006 2190 Popst
1015 2115 1163 2189 perchtolt.

256 2263 380 2325 Gerbcrh
395 2261 420 2326 2,
434 2261 479 2315 25.

246 2391 428 2456 industrium
451 2391 547 2457 virum
569 2392 809 2457 ambassatorem
831 2395 976 2465 vestrum,
1000 2389 1040 2454 ad
1064 2391 1232 2454 maiestatis
1257 2395 1360 2454 nostre

155 2501 344 2586 presenciam
362 2521 459 2584 nuper
475 2502 657 2566 destinatum
681 2523 699 2565 a
720 2498 821 2575 vobis,
842 2501 975 2584 benigne
998 2500 1168 2587 recepimus
1186 2503 1216 2564 et
1231 2499 1362 2564 libenter

154 2610 321 2675 audivimus
349 2617 451 2676 vestra
478 2611 583 2683 verba,
610 2612 640 2675 in
664 2632 716 2675 ore
746 2632 800 2676 suo
825 2611 936 2695 posita,
966 2614 996 2675 et
1019 2609 1180 2674 commissa
1197 2608 1303 2673 diserti
1320 2606 1360 2694 a)

157 2720 306 2783 sermonis
320 2721 439 2804 eloquio
453 2719 613 2803 diligenter
626 2728 656 2785 et
669 2721 807 2805 legaliter
823 2720 1052 2804 proponentem.
1072 2720 1153 2785 Sane
1171 2719 1242 2804 quia
1258 2725 1362 2783 nostro

160 2829 248 2892 l'acile
265 2829 435 2912 applicatur
450 2830 572 2912 ingenio
596 2829 742 2914 quidquid
765 2832 795 2894 in
818 2836 920 2895 vestre
943 2828 1154 2912 generalItatis
1178 2827 1364 2913 etspeciali-

154 2940 225 3003 tatis
241 2944 437 3020 augmentum
461 2944 492 3002 et
513 2940 701 3004 commodum
724 2941 837 3024 poterit
858 2939 1045 3011 redundare,
1073 2936 1221 3019 peticioni
1248 2943 1361 3011 vestre,

160 3069 215 3132 per
232 3069 300 3111 eum
319 3053 422 3112 nostro
441 3047 563 3113 culmini
579 3054 730 3131 porrecte,
742 3048 908 3112 liberaliter
920 3053 951 3112 et
962 3049 1092 3113 libenter
1103 3070 1192 3114 aures
1208 3047 1362 3115 benivolas

160 3158 359 3227 inclinantes,
387 3158 530 3221 nuncium
553 3163 688 3221 nostrum
711 3157 749 3222 N.
767 3178 826 3221 una
850 3177 918 3222 cum
941 3162 1051 3227 nuncio
1074 3164 1176 3235 vestro
1193 3158 1232 3222 ad
1247 3159 1363 3222 curiam

161 3266 273 3330 domini
295 3287 374 3352 pape
397 3266 571 3350 dirigimus,
595 3273 628 3330 ut
651 3266 690 3331 de
713 3288 767 3331 suo
790 3267 982 3350 beneplacito
1008 3273 1039 3330 et
1056 3288 1208 3331 consensu
1225 3267 1363 3333 finalibus

162 3375 323 3439 desideriis
340 3376 449 3439 vestris
466 3377 556 3459 plene
573 3375 714 3440 satisfieri
731 3377 829 3441 valeat
853 3377 1024 3460 superbis,
1054 3397 1112 3461 que
1128 3381 1230 3440 vestra
1251 3378 1363 3460 peticio

164 3483 349 3548 continebat.
383 3485 482 3549 Parati
506 3484 585 3548 enim
609 3506 712 3550 sumus
742 3490 772 3548 et
800 3486 991 3570 experiemur
1012 3508 1030 3549 u
1052 3486 1138 3551 vobis
1167 3487 1297 3551 ultronei
1325 3487 1364 3551 ad

164 3615 361 3679 quecunque,
391 3612 461 3677 que,
489 3593 568 3656 iuxta
599 3595 709 3657 favoris
727 3596 885 3679 apostolici
901 3597 1047 3678 graciam,
1071 3594 1157 3662 vobis
1186 3596 1309 3661 honoris
1334 3601 1364 3659 et

166 3704 317 3769 commodi
334 3703 445 3766 cedere
462 3702 581 3765 valeant
597 3704 793 3768 incremento.

723 3909 786 3984 51.

164 4073 1365 4156 imperotsrsnppllcottollpundcurninnascenolsncprcbcndcsoepromoueot.

128 4194 132 4202 ¹
163 4218 219 4269 Der
239 4216 337 4271 Koiaer
356 4215 428 4271 ortes
448 4219 606 4279 Jemuoden,
626 4218 709 4272 einem
731 4215 903 4278 Geietlicbeo,
920 4219 971 4289 fdr
989 4182 1041 4272 deis
1060 4236 1091 4273 cr
1108 4219 1152 4274 oie
1169 4227 1258 4275 ersten
1277 4219 1366 4274 nissen

363 4306 504 4379 eirsqelept,
518 4326 566 4362 zur
581 4309 739 4379 llrlonpuoq
753 4310 802 4363 cler
816 4309 957 4363 Prdbende
971 4327 1001 4363 zu
1016 4307 1164 4380 verbelfen.

258 4416 379 4478 Gorbcrt,
394 4416 474 4478 1,49.
489 4418 598 4479 Stobbc,
613 4417 657 4471 m.

258 4526 345 4608 Quod
362 4528 504 4591 dilectum
529 4527 705 4590 familiarem
722 4532 753 4590 et
770 4528 913 4590 clericum
937 4534 1072 4591 nostrum
1096 4528 1257 4611 singularis
1280 4530 1367 4593 beni-

164 4636 301 4699 volencia
324 4636 475 4718 placidum
499 4639 703 4718 astringamus
727 4637 930 4719 amplexibus,
955 4637 1033 4719 quod
1058 4637 1096 4698 nd
1121 4638 1184 4700 eins
1210 4639 1366 4720 augendos

258 4802 292 4866 o)
307 4800 418 4855 discreti
433 4802 461 4854 V.
