3209 5392
1295 456 1345 526 17

142 629 262 695 domine
279 632 315 696 E.
335 632 444 696 dilecte
458 633 650 697 consortione
668 633 711 696 Al.
726 632 833 696 eadem
844 631 947 713 gracia
960 631 1019 694 dux
1032 631 1167 723 eiusdem
1180 637 1261 695 terre
1277 649 1346 694 curn

142 740 240 804 salute
247 741 445 805 indissolubili
458 742 624 827 dilectionis
638 743 844 806 constanciam
860 741 906 804 vel
923 741 1042 805 amoris.
1052 741 1104 805 Sic
1112 740 1225 803 eisdem
1234 740 1347 822 princi-

138 848 228 930 pibus
252 850 390 914 scribunt
405 871 513 914 rrxores
530 870 651 922 eorum;
668 850 752 914 verbi
769 850 890 932 gracia:
913 850 1017 913 inclito
1035 849 1164 932 principi
1181 855 1212 913 et
1227 848 1347 923 illustri,

142 956 303 1022 karissimo
332 965 363 1022 et
384 980 439 1042 pre
461 960 579 1024 conctis
600 958 775 1023 mortalibus
798 958 950 1040 diligendo
972 958 1091 1022 domino
1114 958 1273 1021 acmanto
1291 977 1345 1022 sno

141 1065 175 1129 0.
193 1067 255 1130 Dei
270 1069 375 1150 gracia
392 1069 590 1132 bohemorum
603 1069 670 1150 regi
682 1069 715 1131 E.
731 1067 837 1130 eadem
853 1067 957 1149 gracia
973 1066 1107 1130 eiusdem
1123 1067 1210 1148 regni
1227 1066 1346 1129 domina

139 1194 273 1239 necnon
288 1174 461 1240 fidelissima
473 1196 598 1240 consors
612 1196 666 1240 sua
679 1196 747 1240 eum
764 1176 931 1239 omnimoda
947 1174 1112 1238 devocione
1124 1152 1346 1238 'subiectionem

139 1288 201 1347 tam
217 1284 363 1348 bnmilem
380 1305 468 1370 quarn
485 1285 674 1367 condignam.

231 1393 392 1457 inferiores
426 1394 560 1467 nobiles,
598 1400 632 1458 ut
660 1395 784 1458 comites
819 1399 850 1457 et
883 1393 1013 1457 barones
1043 1395 1196 1476 ceterique
1229 1391 1345 1456 nobiles

139 1500 177 1564 ad
194 1521 307 1565 uxores
325 1523 406 1577 suas,
431 1509 463 1566 et
485 1523 664 1567 econverso
687 1523 795 1565 uxores
819 1501 858 1566 ad
881 1504 959 1575 illos,
982 1502 1168 1566 humiliorem
1191 1500 1346 1565 habebunt

138 1609 254 1683 stilum,
276 1611 442 1675 secundum
459 1613 665 1695 cuiuscunque
683 1611 890 1675 condicionem
907 1617 938 1675 et
953 1610 1139 1693 dignitatem.

235 1721 414 1785 Humiliores
439 1742 527 1795 vero,
555 1727 589 1786 ut
617 1722 699 1785 cives
729 1721 830 1785 etalii
853 1722 942 1804 layci,
965 1720 1256 1785 scribantuxoribus
1280 1722 1345 1785 suis

138 1829 329 1912 simpliciter,
346 1831 426 1896 sicut
440 1836 512 1895 tunc
529 1831 620 1894 luerit
636 1836 823 1893 consuetum.

234 1956 399 2022 Saintocio
414 1959 555 2043 filiorum
567 1956 782 2042 adparentes,
800 1954 885 2017 verbi
901 1956 1020 2037 gracia:
1037 1956 1220 2019 Reverendis
1232 1962 1262 2019 et
1273 1976 1345 2038 pre-

138 2065 261 2128 cnnctis
284 2065 458 2140 mortalibus
482 2065 640 2147 diligendis
662 2064 987 2146 detonantibus
1011 2067 1073 2129 suis
1090 2067 1123 2129 F.
1143 2084 1245 2128 eorum
1266 2064 1344 2129 filius

140 2173 190 2236 rel
219 2171 280 2237 iilia
309 2194 378 2237 cnm
394 2172 590 2264 subiectione·
604 2173 772 2239 omnimoda
789 2173 926 2245 salntem,
948 2174 995 2236 vel
1018 2174 1161 2257 quicquid
1182 2175 1214 2236 in
1234 2174 1344 2265 mundo

136 2282 302 2346 iucundius
327 2289 374 2347 est
390 2282 504 2353 salute,
528 2281 590 2344 vel:
621 2280 747 2344 salutem
775 2286 806 2344 et
834 2280 976 2364 quioquid
1003 2282 1074 2345 boni
1101 2282 1216 2365 loseph
1246 2282 1343 2346 Jacob

134 2390 261 2474 prebuit
277 2391 366 2473 patri,
383 2396 414 2455 ot
429 2390 522 2453 multa
539 2388 654 2452 similia.

235 2519 403 2583 Solotocio
432 2523 605 2605 parentum
642 2517 687 2581 cd
718 2517 821 2601 filice:
860 2517 934 2579 Filio
971 2517 1153 2598 preamando
1185 2519 1218 2581 A.
1245 2523 1276 2581 et
1305 2520 1341 2585 Ε.

134 2632 280 2711 parentes
303 2627 350 2689 sui
378 2626 504 2689 salutem
521 2631 552 2688 et
567 2624 710 2708 quicquid
726 2625 825 2687 Ysaae
840 2625 936 2688 Jacob
954 2626 1088 2699 contulit,
1104 2627 1150 2689 vel
1168 2627 1294 2691 salutem
1311 2634 1342 2692 et

134 2736 287 2800 bonorum
303 2735 461 2799 consorcia
476 2734 595 2805 imitari,
611 2733 658 2795 vel
675 2733 801 2797 salutem
819 2739 849 2797 et
864 2732 951 2796 bonis
968 2734 1101 2798 moribus
1118 2724 1281 2800 informari.
1299 2777 1343 2788 -

133 2845 209 2922 item
239 2843 277 2907 dc
304 2843 421 2907 filiabus
443 2848 544 2924 potest
566 2841 659 2904 scribi
679 2841 738 2905 boc
755 2842 793 2905 ad
818 2848 959 2923 parentes
984 2848 1014 2907 et
1036 2865 1053 2906 o
1078 2864 1242 2920 converso,
1270 2867 1343 2910 sexu

136 2959 242 3018 tamen
258 2953 401 3016 discreto.

228 3062 394 3128 Snlntncio
406 3066 581 3148 parentum
608 3060 653 3124 nd
673 3059 853 3124 adulterum
873 3060 994 3145 pilium:
1019 3059 1052 3122 C.
1077 3062 1188 3124 utinam
1206 3065 1342 3127 vocando

136 3171 195 3234 lilio
211 3172 246 3233 Α.
264 3171 297 3232 Β.
315 3175 456 3252 parentes
474 3169 520 3231 sui
536 3188 590 3251 pro
608 3169 703 3231 salute
716 3168 898 3249 angustiam,
914 3169 960 3232 vel
972 3189 1026 3251 pro
1040 3173 1135 3235 salute
1149 3171 1342 3255 obprobrium

139 3279 363 3362 sempiternum.

230 3406 396 3470 Solotocio
409 3405 549 3490 filiorum
566 3405 611 3468 od
625 3405 723 3468 duros
734 3411 908 3490 parentes:
935 3405 1108 3470 Karissimis
1133 3413 1163 3472 et
1186 3410 1342 3490 precordi-

136 3514 234 3579 alibns
250 3516 285 3576 Α.
304 3519 334 3577 et
349 3515 382 3575 B.
400 3512 574 3595 parentibus
592 3512 655 3575 suis
669 3512 716 3584 H„
731 3513 793 3575 solo
807 3514 925 3576 nomine
943 3534 1046 3578 eorum
1063 3516 1152 3590 filius,
1169 3520 1342 3585 salutemet

135 3623 255 3706 aperire
284 3628 410 3704 paterna
432 3621 551 3684 viscera
573 3621 744 3702 indigencie
771 3620 865 3694 filiali,
893 3624 956 3686 vel:
982 3624 1108 3689 salntem
1137 3632 1168 3690 et
1189 3629 1340 3710 propriam

136 3752 258 3794 carnem
276 3750 334 3793 non
352 3730 452 3800 odire,
474 3730 537 3791 rel:
566 3728 691 3792 salutem
709 3736 739 3791 et
755 3729 856 3791 cordis
874 3730 1020 3794 duriciam
1035 3752 1090 3815 per
1104 3734 1226 3816 pietatis
1243 3744 1341 3802 mate·

135 3841 208 3903 riam
227 3858 393 3901 removere.
426 3838 508 3901 Idem
525 3829 629 3899 teneas
647 3838 684 3899 de
701 3836 829 3900 liliabus.

225 3965 393 4030 Salntncr'o
413 3966 556 4048 srntrnnn
584 3964 670 4027 inter
685 3986 736 4027 ae:
771 3964 954 4029 Dulcissimo
971 3985 1114 4048 germano
1132 3990 1187 4035 suo
1204 3972 1238 4036 C.
1257 3980 1288 4038 et
1300 3974 1339 4061 a]

134 4093 296 4156 germanus
310 4094 394 4144 suus,
407 4072 534 4135 salutem
548 4076 578 4134 et
591 4072 721 4134 fraterne
739 4071 908 4136 dilectionis
925 4078 1131 4143 constanciam
1144 4085 1175 4145 et
1187 4081 1339 4152 allectum,

133 4184 178 4245 uel
195 4183 324 4245 salutem
341 4186 372 4244 et
388 4198 454 4243 eam
478 4199 566 4261 quam
589 4179 647 4242 sibi
671 4180 825 4244 desiderat
847 4183 1033 4265 sospitatem.
1066 4188 1147 4253 idem
1170 4195 1274 4256 teneas
1300 4195 1337 4258 de

134 4289 469 4354 sororibus-Verum
485 4289 511 4350 si
526 4288 635 4371 aliquis
652 4308 755 4352 eorum
772 4290 865 4353 estin
883 4292 1028 4374 dignitate
1045 4298 1171 4378 positus,
1187 4303 1337 4369 scribetur

133 4400 189 4463 sibi
197 4400 364 4463 seeundum
377 4398 658 4479 dignitatemsu'am,
666 4418 725 4461 non
733 4398 872 4464 obstante
881 4404 1065 4468 connexione
1072 4409 1279 4477 fraternitatis.
1291 4455 1330 4464 -
1346 4432 1391 4473 ra.
1402 4434 1423 4471 n
1438 4446 1456 4473 e.

131 4508 173 4571 Ex
199 4508 346 4590 predictis
376 4506 484 4588 collige
512 4507 642 4589 qualiter
663 4530 769 4573 omnen
791 4514 1032 4600 consanguinei,
1057 4535 1236 4604 quacunque
1252 4522 1331 4593 linea

222 4671 256 4740 a)
276 4671 337 4741 ipae
357 4686 388 4720 nu
402 4674 539 4739 crgdnren.

208 4770 556 4820 conteeantuucacuxv.
1105 4769 1123 4824 2
