3209 5392
832 726 896 798 44.

700 902 798 971 lltcrn
814 906 1025 973 dltldnelsrls.

356 1064 501 1130 lludollus
516 1067 573 1131 Dei
586 1068 691 1150 grecia
707 1073 766 1132 etc.
783 1114 792 1132 .
811 1117 818 1132 .
838 1069 914 1134 Duci
930 1069 1056 1134 Bovario
1071 1070 1292 1155 indignacionis
1315 1071 1451 1156 spiritum

265 1193 319 1257 pro
336 1174 443 1238 salute.
462 1174 538 1259 Quia
553 1196 646 1259 super
660 1177 776 1241 iniuriis
793 1182 824 1241 et
839 1177 1074 1262 gravaminibus,
1096 1179 1207 1263 quibus
1223 1200 1280 1245 nos
1303 1187 1334 1246 et
1354 1187 1453 1246 terras

266 1287 385 1347 nostras
401 1282 486 1348 vobis
503 1287 662 1368 contiguas
677 1305 837 1370 perperam
858 1286 1010 1352 lacessitis
1033 1308 1090 1351 nec
1112 1288 1258 1354 lacessire
1275 1289 1411 1354 desinitis
1426 1290 1454 1354 in

266 1391 359 1455 nostri
370 1392 493 1457 honoris
501 1392 690 1477 dispendium
700 1401 730 1459 et
737 1396 894 1469 iacturam,
903 1396 1060 1480 hucusque
1073 1397 1227 1463 incudis
1241 1398 1455 1482 quodammodo

265 1499 452 1584 pacienciam
468 1502 684 1585 pretendimus.
701 1525 780 1570 nunc
797 1511 899 1569 antem
916 1506 954 1570 ad
970 1495 1168 1571 redibendam
1179 1507 1289 1572 vestris
1300 1506 1457 1573 insultibus

267 1609 482 1695 quantamlibet
493 1612 633 1674 talionem
646 1613 730 1677 mall
739 1612 772 1676 ei
789 1612 920 1678 officium
932 1633 1109 1698 presumere
1121 1615 1329 1700 disponentes,
1343 1615 1382 1680 ad
1393 1635 1459 1700 pro-

265 1722 436 1805 pellendum
460 1727 562 1786 vestra
583 1720 703 1786 hostilia
726 1722 885 1787 conamina
907 1724 986 1786 vires
1011 1729 1042 1788 et
1063 1726 1178 1791 animos
1203 1745 1348 1790 acuemus
1365 1731 1394 1790 et
1409 1745 1458 1809 pro

266 1832 401 1896 eiusdem
423 1838 526 1897 nostre
548 1832 728 1897 intensionis
752 1833 874 1915 publico
897 1838 1073 1917 argumento
1095 1854 1149 1900 vos
1176 1839 1319 1919 tanquam
1348 1835 1460 1899 hostem

265 1942 430 2013 notorium,
460 1947 602 2024 quantum
626 1941 663 2005 nd
684 1960 845 2024 personam
867 1947 1017 2015 vestram,
1045 1948 1173 2017 terram,
1201 1943 1341 2008 homines
1364 1948 1394 2007 et
1414 1963 1459 2007 res

264 2056 380 2115 vestras
392 2051 583 2134 presentibus
594 2050 777 2124 diffidamus,
791 2051 823 2115 in
838 2051 1002 2134 campestri
1019 2052 1161 2116 condictu
1178 2056 1322 2125 nostram,
1343 2058 1377 2116 ut
1393 2073 1460 2135 spe-

264 2180 377 2232 ramns,
392 2161 561 2244 potenciam
577 2162 608 2225 in
623 2162 759 2244 proximo
775 2161 941 2244 probaturi.

836 2342 898 2416 lt.

734 2521 837 2585 lorus
852 2521 889 2584 cd
905 2521 990 2584 lden.

356 2679 531 2754 liudricus,
560 2700 661 2746 eomes
684 2680 722 2743 de
745 2678 887 2745 llardelrlr
904 2727 911 2741 .
930 2728 937 2743 .
958 2728 964 2743 .
984 2679 1021 2742 de
1038 2679 1168 2761 blessou
1184 2674 1312 2742 ulcionis
1328 2674 1458 2758 gladium

265 2810 318 2874 pro
335 2793 442 2855 salute.
467 2791 513 2855 Ne
529 2790 704 2855 iniuriarum
719 2789 792 2853 milri
808 2810 864 2874 per
875 2808 928 2854 vos
944 2789 1093 2852 illatarum
1109 2785 1285 2870 gravamina
1297 2783 1460 2849 conniven-

265 2901 346 2966 tibus
363 2901 470 2966 videar
484 2901 579 2965 oculis
596 2902 792 2986 pertransire,
809 2921 885 2965 neve
901 2898 1103 2963 temeritatum
1120 2901 1288 2961 vestrarum
1303 2893 1462 2977 impunitas

265 3013 451 3077 temeritates
478 3013 509 3075 in
536 3010 623 3074 nobis
647 3010 784 3074 ammodo
814 3010 946 3073 cumulet
973 3007 1152 3090 puniendas,
1179 3005 1218 3068 ad
1240 3001 1462 3086 rependendam

265 3122 351 3188 vobis
367 3121 552 3205 promeritis
569 3120 723 3192 talionem,
741 3118 942 3182 diffidacicnis
959 3117 1131 3189 obiectum,
1160 3133 1249 3199 quem
1272 3112 1311 3177 ad
1334 3129 1461 3195 persone

266 3237 367 3296 vestre
395 3229 585 3315 dispendium
612 3229 745 3313 speciale
773 3246 810 3292 ac
839 3228 869 3291 in
896 3226 1043 3290 bonorum
1066 3244 1103 3288 ac
1127 3223 1280 3287 hominum
1296 3226 1461 3285 vestrorum

150 3342 433 3425 rnnmpmiculum
450 3341 592 3422 generale
609 3361 645 3403 ex
661 3344 747 3425 parte
763 3357 831 3401 mea
847 3337 932 3400 vobis
950 3354 1066 3400 exnunc
1090 3332 1299 3398 transmissum
1321 3327 1461 3394 noveritis

268 3453 299 3518 in
314 3449 374 3514 biis
391 3450 521 3536 scriptis.

433 3895 562 3977 regendo
579 3897 613 3957 ut
629 3889 810 3955 nnnnlnlter
825 3887 856 3948 la
873 3905 939 3950 enm
954 3889 1024 3949 vota
1040 3903 1094 3949 sca
1110 3883 1296 3947 convertunt.

362 4056 527 4140 Gregorius
544 4057 602 4116 eto.
620 4052 707 4116 Licet
723 4069 760 4111 ex
776 4048 906 4111 decessu
928 4082 972 4093 -
995 4045 1139 4126 erigatur.
1165 4034 1396 4106 Gleichlautend
1411 4030 1461 4095 mit

272 4168 341 4235 dem
360 4166 526 4249 exemplum
541 4160 680 4246 petitorie
695 4159 726 4221 in
743 4155 878 4222 secunda
894 4154 997 4237 specie
1013 4152 1092 4218 oben
1109 4153 1142 4217 S.
1157 4150 1209 4216 36.

836 4323 900 4397 47.

506 4475 585 4557 laps
599 4473 719 4538 mundat
735 4471 868 4553 aliquem
886 4467 979 4549 reclpl
995 4467 1027 4528 ln
1044 4463 1227 4528 canonlcum.

363 4605 398 4669 Ε.
416 4602 614 4666 miseracione
634 4596 736 4661 divina
758 4594 828 4658 talis
850 4592 939 4678 tytuli
960 4587 1113 4673 presbiter
1134 4581 1296 4650 cardinalis
1318 4629 1326 4642 .
1351 4627 1358 4642 .
1382 4576 1457 4642 ,tali

271 4714 502 4803 archiepiscopo
530 4710 665 4789 salutem.
693 4706 827 4769 Romane
855 4701 936 4766 sedis
965 4696 1129 4763 clemencia
1150 4733 1194 4743 —
1216 4691 1389 4757 mandamns
1405 4691 1457 4750 etc.

1591 3174 1592 3215 l

1591 3224 1592 3291 l

1591 3450 1592 3537 l

832 3620 882 3689 46

271 3790 347 3873 dape
363 3786 547 3852 conciunt
563 3785 734 3867 cplscopnn
750 3780 923 3844 defunctam
937 3795 973 3840 ac
984 3774 1170 3858 prepositura
1180 3773 1218 3838 de
1230 3789 1306 3835 rm
1323 3770 1457 3840 electu,
