3209 5392
296 457 370 529 llo

290 631 388 715 ipsam
403 636 539 696 sanctam
555 629 714 695 ecclesiam
729 637 791 696 tarn
813 607 1050 717 provide'quas'n
1072 629 1232 695 salubriter
1252 628 1463 712 gubernarunt*

292 739 438 824 Equidem
453 738 512 803 hiis
529 738 573 826 α)
590 738 708 811 diebus,
723 739 821 804 felicis
844 739 1067 805 recordacionis
1083 738 1235 803 Urbano
1250 757 1339 821 papa,
1360 737 1458 820 prede-

244 843 247 854 *
291 869 414 913 cessure
445 855 547 913 nostro
560 847 618 935 li),
650 848 727 912 viam
754 850 894 913 univers'e
925 848 1025 913 carnis
1056 848 1214 930 ingresso,
1247 852 1295 919 et,
1326 847 1401 910 siout
1428 838 1470 909 de

292 956 463 1039 largissima
477 955 534 1020 Dei
550 957 663 1039 pietate
679 954 867 1031 conlidimur,
881 962 951 1040 post
972 957 1090 1022 labores
1112 956 1151 1020 ad
1172 955 1319 1039 premium
1341 961 1461 1027 evocato,

289 1065 364 1128 tanti
379 1064 472 1146 patris
490 1063 624 1128 defuncti
640 1084 779 1148 corpore,
794 1070 883 1148 prout
899 1065 991 1130 moris
1007 1071 1054 1129 est
1070 1072 1101 1129 et
1121 1064 1208 1136 iuris,
1229 1083 1299 1127 cum
1314 1063 1421 1126 honore
1436 1068 1463 1126 et

290 1171 466 1236 reverencia
489 1171 698 1237 ecclesiastice
725 1172 835 1237 hadita
867 1174 1035 1257 sepulture:
1070 1171 1223 1256 episcopi,
1253 1170 1412 1254 presbiteri
1439 1176 1465 1235 et

290 1279 417 1363 dyaconi
436 1278 623 1352 cardinales,
649 1278 753 1345 habito
777 1289 869 1364 super
888 1281 982 1345 futuri
1004 1278 1153 1364 pontilicis
1170 1279 1319 1344 electione
1334 1285 1462 1351 tractam,

294 1387 325 1450 in
341 1406 395 1450 nos
411 1386 549 1474 tandemj,
565 1386 637 1451 licet
652 1388 816 1453 immeritos
832 1393 869 1472 a)
886 1388 941 1475 p),
957 1373 1148 1452 suosoculoa
1170 1386 1351 1458 iniecerunt,
1370 1407 1421 1450 uos
1441 1387 1466 1449 in

289 1496 420 1559 Romane
455 1494 584 1557 ecclesie
617 1494 788 1577 pontificem
822 1496 980 1580 eligentes.
1031 1495 1164 1581 Cumque
1188 1496 1228 1583 δ)
1259 1494 1466 1559 insufficiencie

293 1610 397 1667 nostre
414 1603 583 1687 multiplicis
599 1625 658 1668 non
675 1604 785 1688 ignari,
801 1611 862 1670 tarn
883 1606 1072 1689 inportabilia
1095 1607 1195 1669 oneris
1223 1606 1375 1670 sarcinam
1399 1607 1468 1669 serre

1577 137 1583 278 l

1577 339 1581 482 l

1578 505 1582 728 l

1575 835 1583 1286 l

293 1720 414 1797 tamque
451 1713 607 1778 eminentis
651 1714 772 1779 honoris
808 1713 847 1801 b)
878 1716 1032 1799 fastigium
1074 1717 1264 1789 timeremus,
1304 1716 1404 1780 ultimo
1437 1715 1469 1780 ad
1580 1719 1581 1738 ¹

298 1822 477 1886 concordem
515 1822 717 1905 predictorum
749 1828 919 1889 nostrorum
942 1823 980 1908 a)
1012 1825 1137 1889 fratrum
1167 1823 1367 1894 instanciam,
1399 1829 1470 1887 tanto

302 1930 512 2012 supposuimus
541 1930 625 1993 oneri
646 1929 786 1995 humeros
803 1930 976 2004 inbecilles,
1005 1932 1234 1996 sollicitudinem
1249 1937 1385 1995 nostram
1405 1931 1474 2014 proi·

299 2039 415 2103 cientes
428 2039 458 2100 in
471 2058 539 2102 eum
552 2044 583 2102 et
594 2038 626 2100 in
637 2038 685 2103 illo
701 2037 829 2122 figentes
836 2040 877 2127 d)
885 2040 1046 2104 anchoram
1064 2040 1129 2124 spei
1142 2045 1257 2112 nostre,
1271 2040 1324 2124 qui
1341 2040 1393 2104 dat
1406 2040 1473 2103 lasso

293 2148 498 2214 fortitudinem
511 2156 541 2213 et
553 2148 701 2213 debilibus
714 2149 808 2214 robur
819 2149 1007 2233 multiplicat,
1024 2149 1140 2214 infirma
1155 2150 1258 2213 mundi
1274 2168 1475 2235 nonnunquam

295 2258 411 2340 eligens
429 2263 459 2320 et
475 2257 512 2320 ad
529 2258 577 2321 sui
593 2258 721 2321 nominis
738 2258 864 2342 gloriam
879 2259 976 2323 forcia
992 2258 1222 2341 preconfuudat.

383 2366 533 2448 Rogamus
560 2366 660 2450 itaque
688 2368 879 2432 serenitatem
906 2374 988 2432 tuam
1015 2374 1045 2431 et
1076 2387 1131 2449 per
1157 2366 1215 2430 Dei
1246 2367 1473 2432 misericordiam

296 2475 504 2547 obsecramus,
521 2479 679 2558 qnatenus,
695 2482 821 2558 pensato
838 2476 1012 2561 prudenter,
1030 2476 1110 2560 quod
1127 2474 1182 2541 tihi
1198 2481 1229 2540 et
1243 2475 1343 2539 laudis
1360 2477 1475 2540 humane

297 2582 472 2668 preconium
499 2587 530 2645 et
556 2602 684 2665 superne
712 2584 864 2650 felicitatis
891 2586 1037 2668 premium
1060 2583 1242 2668 acquiritur,
1264 2584 1291 2647 si
1314 2605 1333 2648 a
1356 2591 1388 2649 te
1404 2584 1475 2648 circa

299 2713 370 2765 nos,
399 2691 510 2779 divina*
527 2692 728 2775 disposicione
756 2693 932 2758 universalis
961 2694 1090 2759 ecclesie
1117 2694 1257 2776 regimini
1285 2693 1476 2777 presidentes,

297 2803 384 2885 plene
406 2801 574 2866 allectionis
591 2802 722 2866 studium
739 2809 912 2887 exponatur,
929 2803 956 2866 si
972 2824 1026 2867 cor
1041 2808 1176 2867 nostrum
1197 2802 1295 2866 filialis
1313 2802 1476 2868 devocionis

299 2910 485 2975 exhibicione
511 2909 638 2974 letifices
667 2918 697 2976 et
722 2914 864 2995 potencie
885 2918 935 2976 tue
952 2911 1086 2976 subsidio
1108 2912 1140 2976 in
1167 2911 1242 2985 hiis,
1271 2905 1331 2995 que
1360 2909 1477 2977 suntad

300 3018 390 3082 robur
407 3018 614 3082 ecclesiastice
630 3018 788 3093 libertatis,
805 3021 930 3088 iniuncti
946 3019 1032 3085 nohis
1050 3020 1172 3085 allodes
1188 3021 1288 3084 oneris
1304 3027 1477 3104 potestatem

304 3147 357 3190 seu
374 3127 469 3189 eciam
487 3126 681 3208 gravitatem,
710 3134 742 3193 ut
765 3130 872 3193 exinde
888 3129 969 3211 apud
991 3134 1125 3193 eternum
1147 3148 1250 3211 regern
1267 3135 1298 3194 et
1313 3128 1477 3213 temporalis

301 3234 507 3318 prosperitatis
535 3242 726 3318 augmentum
753 3243 784 3301 et
811 3237 952 3320 perennis
980 3257 1120 3301 coronam
1142 3237 1180 3325 e)
1203 3237 1298 3320 glorie
1332 3236 1479 3307 merearis,

304 3361 419 3425 nosque
446 3344 477 3405 in
503 3349 533 3406 te
561 3345 727 3425 gaudentes
755 3345 973 3430 benedictionis
1002 3345 1095 3409 filiurn
1123 3351 1153 3410 et
1181 3346 1287 3411 salutis
1314 3346 1478 3430 repperisse

303 3450 478 3523 ministrum,
492 3451 542 3534 qui
555 3454 719 3517 secundum
731 3455 826 3518 Deum
838 3455 892 3518 tihi
904 3455 943 3519 ad
955 3454 1099 3519 honorem
1112 3454 1279 3519 redundare
1294 3455 1480 3523 senserimus.

305 3559 439 3643 paternis
455 3558 613 3625 affectibus
629 3543 845 3647 prosequamur
860 3563 907 3651 ε).

395 3794 429 3863 a)
444 3794 574 3851 immerito
580 3796 609 3853 V.
618 3796 690 3865 -b)
703 3799 792 3854 oneris
805 3797 835 3852 V.
846 3828 879 3839 -
893 3799 926 3868 e)
941 3802 1090 3855 nostrorum
1102 3817 1142 3854 am
1155 3796 1252 3854 hande.
1265 3827 1301 3838 -
1313 3798 1350 3869 d)
1361 3789 1485 3866 fingentes

307 3886 338 3940 V.
353 3914 388 3923 -
398 3884 429 3954 e)
446 3901 569 3940 coronam
583 3904 623 3941 ans
636 3888 736 3945 hande.

302 4084 305 4090 '
398 4076 593 4149 Vergleiehung
612 4073 658 4127 mit
671 4073 789 4144 lisynald
807 4074 841 4129 sd
860 4092 884 4130 s.
906 4075 985 4140 1265,
1004 4093 1047 4131 no.
1067 4075 1095 4129 l.
1116 4106 1149 4115 -
1162 4075 1196 4148 α)
1216 4076 1265 4130 ldit
1276 4073 1327 4128 hiis
1341 4073 1426 4129 disbh.
1438 4072 1480 4123 hs·

309 4172 384 4242 plant
400 4171 484 4243 Rayn.
499 4199 532 4208 -
545 4165 579 4239 β)
593 4164 826 4221 viunnoense.
840 4196 876 4207 -·
887 4167 920 4238 p)
934 4167 967 4221 de
983 4167 1128 4240 legatione,
1147 4184 1225 4239 quarn
1243 4179 1442 4238 susceperamus
1457 4159 1480 4212 ln

311 4260 444 4333 Anglism‚
468 4260 613 4318 redeuntes
631 4261 659 4312 at
676 4272 725 4328 par
737 4257 827 4329 aliqas
840 4261 971 4312 terrarum
984 4258 1069 4329 spatis
1082 4260 1115 4312 sb
1128 4258 1276 4329 apostolica
1289 4256 1354 4311 sede
1366 4257 1479 4309 remotos.

314 4351 345 4424 h)
360 4350 462 4405 demum
476 4349 610 4404 Perusiam
623 4346 784 4402 venissemus
798 4350 835 4401 et.
848 4346 875 4415 s)
888 4348 947 4402 nst.
961 4348 1064 4402 Perusii
1078 4347 1131 4401 lllll
1145 4348 1203 4402 Kal.
1215 4346 1302 4401 Martii
1314 4361 1379 4400 suno
1392 4345 1424 4398 1⁰.

231 4476 233 4479 ι
407 4440 497 4510 Vergl.
518 4439 585 4495 noch
600 4437 665 4493 Cod.
685 4438 765 4493 Wilb.
778 4439 809 4493 A.
823 4438 867 4493 39.
881 4439 958 4493 Perta
970 4439 1073 4494 Archiv
1090 4437 1194 4502 ’1,895.
1213 4436 1335 4494 Clemens
1352 4435 1481 4508 episeopus

312 4530 369 4599 regi
382 4527 547 4584 llitsehardo.
