3209 5392
880 828 942 902 15.

490 1010 566 1090 laps
589 1009 731 1091 episeopo
748 1008 777 1072 ll.
794 1026 887 1093 super
902 1009 1110 1074 erumnam
1126 1010 1313 1075 rbltettssls.

726 1167 805 1222 naar.
820 1168 873 1224 uuor
887 1167 929 1223 rs.
943 1153 1070 1240 anagnu.

316 1335 419 1409 (ἔτερον
436 1335 480 1390 IX.
497 1334 605 1407 fordere
625 1331 703 1388 einer
720 1330 837 1405 Botrbof
850 1333 901 1387 der
916 1332 1078 1390 bombardes'
1097 1341 1175 1389 nater
1193 1331 1354 1405 Asdrubaap
1372 1340 1474 1404 ποτερα

307 1425 403 1498 Strofe
414 1424 480 1496 osef,
499 1424 541 1481 bei
551 1422 608 1481 ried
621 1424 789 1499 ocfonpcnd,
807 1434 885 1481 anter
897 1425 957 1481 dem
969 1426 1106 1499 Περιιὼν·
1117 1426 1174 1481 aad
1186 1425 1389 1480 Sdcalorcleruc
1399 1425 1474 1479 rainer
1576 1461 1578 1476 ι

306 1515 421 1571 Discere
436 1525 542 1587 arenga
555 1512 746 1570 reclamem
763 1533 795 1569 aa
811 1513 984 1582 landisbere,
1002 1516 1060 1571 und
1076 1514 1161 1571 daret
1174 1514 1419 1573 Korebeom'm'totioo
1430 1516 1474 1569 ruod

304 1606 416 1676 Predipt
427 1607 472 1661 die
484 1603 568 1661 duret
580 1606 704 1661 Ketrerer'
713 1604 839 1661 tedrodte
849 1604 971 1663 lleindeit
982 1607 1030 1661 des
1046 1605 1178 1663 Gluulens
1191 1607 1294 1664 wieder
1305 1606 1472 1662 benustetlen.

393 1788 475 1852 Eece
496 1788 578 1854 venit
592 1788 674 1852 Deus
695 1788 895 1872 sempiternus
913 1794 943 1853 et
954 1788 1116 1863 Dominus,
1132 1789 1183 1874 qui
1199 1789 1336 1853 lundavit
1350 1787 1476 1853 terminos

303 1896 384 1961 orbis
401 1901 497 1970 terre,
514 1897 610 1961 citans
626 1918 681 1960 nos
698 1898 727 1959 in
743 1916 818 1961 voce
834 1897 1007 1981 archangeli
1030 1905 1060 1963 et
1082 1899 1112 1961 in
1133 1898 1204 1962 moa
1226 1899 1428 1981 norissima1)
1446 1895 1476 1958 ad

305 2007 463 2071 concilium
480 2007 632 2089 generale,
647 2005 726 2072 labia
743 2007 808 2071 eius
824 2007 1035 2090 indignacione
1052 2013 1121 2073 sunt
1132 2010 1220 2091 plena
1236 2015 1267 2073 et
1281 2010 1384 2093 lingua
1398 2007 1478 2090 ipsius

304 2116 388 2201 quasi
395 2116 473 2200 ignis
486 2116 633 2184 devorans
641 2117 682 2205 Β).
693 2115 849 2198 Quomodo
862 2116 953 2200 igitur
965 2116 1147 2182 dormientes
1158 2124 1191 2182 et
1202 2123 1338 2183 amantes
1350 2117 1479 2200 sompnia,
1577 2197 1578 2200 Ἴ

303 2226 436 2291 iacentes
452 2226 482 2291 in
497 2227 585 2291 lectis
602 2225 743 2290 eburneis
760 2232 791 2290 et
806 2225 998 2290 lascivientes
1013 2226 1044 2290 iu
1066 2226 1213 2291 cubilibus
1235 2226 1316 2300 suis,
1345 2224 1479 2312 quomodo
1577 2209 1578 2212 ¹

303 2335 381 2400 diem
398 2337 543 2400 adventus
567 2334 631 2399 eius
648 2334 824 2418 cogitabunt
839 2342 890 2400 aut
905 2336 1055 2420 quomodo
1072 2342 1153 2401 stare
1168 2342 1312 2420 poterunt
1327 2336 1366 2401 ad
1386 2337 1478 2400 rideo·

302 2445 371 2510 dum
393 2446 482 2510 euml
517 2444 591 2510 Cum
618 2443 830 2509 revelabuntur
857 2445 955 2509 omnia
976 2444 1154 2510 abscondita
1176 2446 1370 2511 tenebrarum
1390 2443 1478 2508 infelix

301 2555 458 2639 impiorum
474 2554 594 2619 nuditas
610 2554 781 2637 apparebit,
805 2575 863 2618 non
880 2551 937 2619 erit
957 2555 1059 2628 locus,
1081 2554 1132 2619 ubi
1147 2556 1261 2620 lateant
1275 2555 1398 2629 miseri,
1418 2552 1478 2617 nudi

302 2670 416 2728 stames
433 2671 502 2729 ante
518 2663 647 2728 tribunal
659 2662 787 2735 Christi,
816 2669 849 2726 ut
864 2662 986 2727 audiant
999 2683 1105 2728 uocem
1120 2664 1241 2737 iudicii,
1265 2664 1317 2749 qui
1334 2665 1481 2729 advocent

302 2772 516 2837 obturaverunt
538 2771 654 2836 consilii
675 2790 764 2835 aures
786 2791 867 2836 suas.
894 2772 939 2837 Ad
967 2773 1173 2837 contusionem
1201 2773 1295 2855 igitur
1316 2780 1478 2859 perpetuam

301 2882 467 2946 evitandam
484 2887 515 2945 et
536 2881 660 2945 ardores
684 2879 883 2963 sempiternos
906 2881 1118 2954 declinandos,
1145 2888 1265 2964 oportet
1288 2904 1412 2956 omnes,
1437 2880 1480 2965 qui

299 2991 444 3075 assumpti
472 2990 605 3055 suntad
632 3008 738 3072 agrum
766 2989 946 3053 dominicum
973 2991 1186 3063 excolendum,
1214 3010 1343 3074 ganum
1365 2992 1480 3075 apulea
1577 2969 1578 3056 l

300 3102 400 3167 debite
427 3102 545 3185 tlagello
572 3100 770 3164 correctionis
787 3107 927 3164 excutere
955 3107 986 3164 et
1007 3099 1151 3163 zizaniam
1178 3120 1196 3163 a
1223 3101 1312 3184 fruge
1342 3100 1481 3168 dominica
1577 3123 1578 3164 t

301 3230 460 3295 separare,
488 3230 526 3273 ne
548 3208 719 3293 contagium
735 3213 818 3273 tante
846 3208 1050 3293 corrupcionis
1079 3209 1192 3273 eleetos
1221 3209 1335 3275 inliciat
1363 3217 1393 3275 et
1412 3210 1480 3274 lilios
1577 3205 1578 3276 l

300 3322 357 3386 Dei
385 3340 452 3385 cum
482 3317 549 3383 tiliis
583 3317 671 3382 huius
704 3318 807 3382 mundi
834 3318 908 3382 bora
938 3318 1096 3402 repentine
1127 3320 1306 3385 calamitatis
1338 3321 1481 3386 involvere

301 3431 524 3514 compellantur.
557 3428 706 3513 Quocirca
722 3429 901 3494 fraternitati
923 3436 974 3494 tue
994 3429 1186 3512 manchmus,
1214 3435 1380 3515 quatenus,
1407 3427 1480 3496 omni

299 3561 382 3606 mora
399 3547 430 3605 et
446 3539 606 3605 occasione
621 3539 817 3624 postpositis,
844 3539 939 3623 primo
961 3539 1107 3623 incipiens
1123 3559 1141 3604 a
1156 3545 1186 3604 te
1202 3540 1268 3623 ipso
1285 3546 1317 3605 et
1338 3546 1481 3625 torporem

297 3650 467 3718 omnimode
484 3650 601 3715 desidie
617 3649 812 3736 deponendo,
837 3671 874 3714 ne
889 3650 976 3714 bouis
992 3656 1127 3715 stercore
1143 3650 1276 3715 leuatum
1292 3650 1334 3736 a)
1345 3650 1480 3716 Dominus
1575 3685 1576 3688 =

299 3783 335 3826 ex
351 3783 404 3827 ore
421 3783 476 3827 suo
492 3761 616 3845 incipiat
635 3766 666 3826 te
685 3780 841 3834 evomere,
856 3760 982 3826 viriliter
995 3780 1077 3825 arma
1093 3760 1272 3844 spiritualia,
1302 3761 1434 3845 gladium
1454 3764 1480 3822 ot

296 3873 399 3958 ignem
427 3893 601 3946 assumens,
627 3872 754 3956 incipias
776 3872 921 3955 parietem
942 3868 1065 3944 fodere,
1093 3881 1126 3937 ut
1144 3878 1309 3954 appareant
1336 3870 1478 3956 genimina

294 3985 483 4069 vipperarum
506 3991 536 4047 et
556 3982 658 4047 radius
680 3982 756 4046 lueis
778 3981 913 4047 vibretur
938 3981 1081 4056 interius,
1109 3987 1143 4047 ut
1170 4003 1231 4046 non
1258 3982 1296 4046 ad
1323 3982 1478 4046 vindictum

294 4096 394 4177 exigat
423 4094 550 4158 animam
581 4093 684 4158 umbra
718 4092 832 4157 mortis.
882 4091 1044 4164 Moniales,
1092 4077 1274 4165 monachos,
1322 4090 1477 4157 canonicos

294 4203 451 4288 regulares
480 4210 511 4269 et
537 4203 689 4268 seculares
713 4210 752 4291 b)
775 4209 806 4267 et
829 4201 903 4266 alios
931 4202 1059 4267 clericos
1086 4211 1137 4269 tue
1160 4203 1291 4269 diocesis
1318 4201 1478 4268 efficaciter
1575 4231 1576 4268 1

385 4404 418 4475 o)
432 4403 550 4460 fedatum
562 4421 603 4459 ara
616 4402 715 4461 Rauda.
730 4433 762 4445 -
775 4403 809 4473 t)
822 4408 850 4461 et
861 4367 1014 4463 amunte.

324 4696 348 4757 ¹)
367 4698 431 4745 Pauli
442 4698 471 4742 ad
483 4696 564 4744 Tbess.
579 4698 597 4751 l,
607 4697 632 4753 t,
645 4696 682 4743 15.

322 4777 344 4841 ²)
362 4777 435 4836 lsnjaa
446 4777 486 4864 30Ξ
497 4779 536 4825 27.
