3209 5392
850 682 912 754 37.

617 857 783 940 Episcopus
799 855 831 920 ll.
850 858 1047 923 renonum
1063 863 1137 943 regi.

754 1015 825 1071 raab
840 1016 906 1071 oder
920 1017 1001 1072 12⁷6.
1048 1088 1052 1096 q

273 1158 436 1231 Bnlsbcbof
444 1158 586 1215 maceries
604 1177 655 1214 ooo
669 1159 799 1232 Solaturp
812 1159 884 1214 diuet
898 1161 950 1216 deu
964 1161 1051 1234 Konig
1063 1162 1168 1234 Rudolf
1177 1160 1223 1216 die
1235 1161 1468 1234 oiuercpenuiqen

273 1251 488 1318 Mino'stcrialcn,
520 1250 566 1308 die
589 1270 620 1306 er
645 1252 867 1308 excommunicirt
890 1254 948 1308 und
971 1252 1036 1308 θῦεν
1061 1257 1145 1309 deren
1171 1254 1345 1324 Recitaungeu
1370 1269 1402 1306 cr
1425 1253 1472 1306 dos

323 1342 452 1397 interdici
464 1340 688 1416 auagecprocluen,
700 1343 853 1399 acinerscitc
865 1341 939 1398 ihrer
955 1345 1039 1399 Gottcr
1048 1344 1098 1416 fiir
1110 1343 1245 1416 ucrluatip
1253 1360 1285 1396 zu
1298 1341 1431 1397 crlrldreu.

363 1488 507 1549 Rodmann,
521 1504 546 1557 p.
562 1487 597 1540 32
612 1487 828 1558 salisburgensis
843 1486 959 1559 archiep.
974 1488 1006 1542 ad
1022 1488 1164 1544 liudolfum
1177 1489 1208 1542 a.
1222 1488 1253 1542 R.

364 1632 457 1695 Error
472 1632 698 1714 incorrigibilis,
715 1632 875 1714 desperata
891 1633 1009 1696 malicia
1026 1638 1057 1696 et
1072 1633 1242 1697 inflexibilis
1255 1633 1294 1696 ad
1311 1632 1465 1695 emendam

276 1741 418 1824 iniquitas
436 1740 468 1804 C.
488 1747 518 1804 et
534 1743 582 1813 Η.,
599 1741 748 1824 quondam
774 1740 905 1804 ecclesie
934 1748 1037 1806 nostre
1065 1741 1320 1813 ministerialium,
1348 1746 1473 1822 urgente

275 1850 395 1913 iusticia
412 1869 467 1912 rues
484 1848 677 1933 compellunt,
692 1856 839 1912 uteorum
856 1835 983 1932 peccata
1000 1852 1117 1914 notoria
1131 1857 1161 1915 et
1174 1851 1290 1914 scelera
1303 1849 1474 1919 manifesta,

274 1977 405 2041 quorum
422 1963 557 2020 veterata
573 1957 732 2039 putredine
748 1957 859 2020 vicinia
881 1964 945 2021 tota
969 1959 1083 2030 sordet,
1105 1959 1184 2022 iusto
1200 1959 1257 2022 Dei
1274 1958 1389 2021 iudicio
1406 1976 1475 2039 per·

273 2086 451 2150 sequamur,
468 2071 559 2148 utque
578 2085 647 2138 eos,
670 2086 746 2148 quos
764 2067 995 2148 exspectacione
1012 2087 1132 2131 morosa
1150 2074 1180 2131 et
1197 2066 1325 2151 quodam
1343 2066 1475 2147 irrepre-

273 2174 411 2239 sentabili
429 2174 537 2256 spiritu
550 2176 590 2261 a)
607 2175 728 2256 pietatis
745 2174 941 2238 sustinuimus
958 2175 1118 2247 hactonus,
1135 2174 1359 2256 incorrigibiles
1378 2174 1474 2237 animo

274 2289 305 2348 et
320 2284 460 2365 indignos
478 2282 564 2345 venia
580 2283 783 2366 relinquamus
800 2283 900 2345 divino
916 2283 1106 2366 humanoque
1131 2284 1243 2347 iudicio
1266 2302 1321 2365 pro
1338 2281 1474 2365 peccatis

272 2393 401 2476 propriis
418 2392 595 2474 puniendos.
629 2393 732 2475 Nuper
749 2390 839 2463 enim,
858 2391 1007 2453 universis
1026 2392 1156 2454 ecclesie
1180 2398 1284 2455 nostre
1309 2391 1474 2455 ministeri-

276 2503 372 2567 alibus
395 2501 587 2573 convocatis,
616 2508 734 2564 serrato
757 2501 830 2563 iuris
853 2500 958 2564 ordine
975 2505 1006 2564 et
1022 2499 1173 2587 prioribus
1189 2500 1353 2564 sentenciis
1371 2500 1403 2562 in
1421 2520 1471 2562 eos

275 2609 365 2673 editis
404 2609 612 2673 ordinabiliter
651 2629 753 2672 coram
792 2609 855 2671 suis
887 2608 1012 2692 paribus
1044 2610 1074 2672 in
1106 2609 1217 2674 iudicio
1249 2609 1389 2692 repetitis
1422 2610 1471 2692 b),

277 2720 314 2783 de
346 2719 494 2782 communi
527 2739 678 2782 consensu
712 2724 742 2781 et
774 2719 929 2782 sentencia
959 2719 1144 2800 singulorum
1173 2720 1256 2801 ipsos
1289 2717 1472 2781 infidelitatis

182 2834 183 2837 ’
275 2834 305 2891 et
331 2827 455 2911 periurii
484 2826 609 2889 crimine
637 2827 771 2891 irretitos
800 2834 830 2891 et
857 2829 920 2891 veri
950 2828 995 2890 sui
1019 2827 1130 2891 domini
1152 2827 1256 2890 hostes
1279 2824 1420 2908 publicos
1446 2830 1475 2887 et

274 2936 434 3000 malevolos
451 2935 621 3017 proditores
639 2956 708 2999 esse
731 2942 762 3000 et
779 2938 829 3000 diu
846 2936 941 3000 fuisse
958 2937 1239 3020 pronunciauimus,
1264 2942 1348 2999 etex
1370 2934 1420 2997 his
1446 2939 1475 2997 et

275 3046 341 3108 aliis
359 3044 472 3114 causis,
488 3043 592 3106 iudicii
607 3050 744 3126 tempore
762 3044 934 3118 declaratis,
952 3046 1079 3107 inl'amcs
1096 3065 1149 3107 eos
1167 3044 1376 3116 iudicauimus,
1404 3064 1474 3106 eos·

274 3176 333 3237 que
356 3156 485 3217 omnium
511 3153 673 3225 bonorum,
696 3155 820 3227 lorium,
852 3161 882 3219 et
898 3156 1092 3238 dignitatum,
1117 3175 1174 3239 que
1192 3175 1208 3217 a
1226 3159 1328 3217 nostra
1346 3152 1477 3216 ecclesia

273 3264 419 3327 hacteuus
436 3267 605 3333 tenuerant,
635 3263 762 3325 fecimus
787 3263 964 3326 exheredes.
997 3263 1036 3326 ut
1059 3263 1198 3344 quoniam
1221 3262 1311 3324 iidem
1339 3261 1477 3324 homines

273 3371 425 3434 inhumani
442 3370 541 3452 longis
557 3376 639 3434 retro
656 3371 842 3453 temporibus
860 3393 914 3453 pro
931 3371 1045 3454 rapinis
1069 3377 1099 3434 et
1123 3370 1229 3453 predis
1251 3369 1400 3453 publicis,
1425 3390 1477 3451 pro

274 3478 429 3540 nocturnis
463 3485 493 3540 et
517 3476 630 3540 diurnis
655 3476 903 3559 aggressionibus
923 3484 952 3541 et
972 3478 1038 3540 aliis
1056 3479 1156 3541 multis
1175 3477 1331 3541 maleficiis
1360 3496 1480 3540 excom·

272 3586 488 3649 municacionis
502 3586 674 3649 sentencias
688 3586 718 3647 in
732 3606 783 3648 eos
799 3587 857 3650 rite
869 3587 945 3649 latas
958 3586 1173 3668 perbiennium
1190 3586 1358 3669 etamplius
1374 3587 1479 3667 damp-

273 3695 415 3758 nabiliter
437 3700 693 3776 contempserunt,
717 3695 871 3777 predictas
894 3695 1217 3758 excommunicacionis
1241 3695 1417 3758 sentencias
1435 3695 1478 3756 sic

276 3804 414 3866 duximus
432 3804 653 3885 aggravandas,
672 3805 741 3866 dum
758 3804 857 3867 omnia
873 3804 952 3866 bona
970 3824 1027 3888 que
1044 3804 1143 3867 adhuc
1160 3810 1275 3877 tenent,
1292 3804 1477 3868 subiecimus

277 3914 488 3978 ecclesiastico
524 3913 701 3985 interdicto,
740 3934 922 3998 omnesque,
961 3916 1011 3999 qui
1046 3914 1170 3978 consilio
1207 3920 1237 3978 et
1265 3914 1373 3978 auxilio
1405 3912 1479 3995 ipsis

276 4023 438 4094 assistunt,
467 4023 511 4085 eis
533 4023 751 4106 participantes
774 4024 805 4086 in
828 4024 953 4087 crimine
977 4025 1139 4087 criminoso
1162 4024 1251 4086 simili
1274 4022 1476 4087 excommuni-

276 4131 409 4196 cacionis
432 4133 587 4195 sentencia
616 4132 751 4195 duximus
780 4132 978 4195 innodandos.
1021 4133 1132 4196 Verum
1165 4153 1231 4195 cum
1260 4130 1391 4194 ecclesia
1419 4151 1478 4192 non

275 4240 387 4303 babeat
402 4239 489 4311 ultra,
507 4240 579 4322 quid
601 4240 703 4312 saciat,
727 4241 785 4303 nisi
808 4247 840 4328 ut
862 4240 1001 4304 auxilium
1024 4240 1142 4302 brachii
1166 4239 1310 4303 secularis
1327 4239 1476 4304 adversus.

283 4373 335 4415 eos
358 4353 487 4423 excitet,
516 4353 567 4434 qui
590 4353 688 4416 divina
718 4353 830 4417 iudicia
852 4358 1115 4436 contempserunt,
1145 4352 1338 4415 serenitatem
1364 4350 1476 4432 regiam

280 4461 396 4525 devotis
424 4460 566 4542 precibus
593 4462 793 4544 inploramus,
829 4468 976 4546 quatenus
1000 4462 1193 4544 pro'honore
1214 4460 1270 4523 [lei
1300 4465 1330 4523 ct
1357 4458 1475 4540 imperii

371 4587 405 4656 a)
425 4585 539 4657 quadam
558 4587 782 4657 irreprehensibili
801 4590 893 4660 specie
907 4588 935 4642 Z.
954 4589 1006 4642 und
1026 4587 1118 4642 Bodm.
1134 4617 1167 4627 —
1182 4587 1213 4652 d)
1227 4585 1253 4640 io
1280 4603 1327 4639 eos
1351 4585 1429 4640 editis
1442 4611 1477 4623 -

276 4677 399 4749 repetitis
412 4678 461 4732 auf
470 4677 556 4732 Rasur
568 4677 598 4732 v.
