3209 5392
1330 503 1353 571 7

239 670 458 761 Imperatores
472 672 521 738 sic
538 671 683 739 scribant
701 692 800 760 pape.
834 672 1033 739 sanctissime
1057 680 1115 739 ete.
1133 675 1167 739 Il.
1186 674 1235 738 dei
1256 677 1356 758 gratia

146 780 531 864 Romanemmimpmatcr
546 785 578 847 et
594 798 715 862 semper
735 787 883 862 augustus
907 789 938 847 et
960 784 1063 847 Sicilie
1085 805 1149 857 rer,
1167 804 1235 848 cum
1253 764 1370 849 debite

147 887 347 957 subiectionis
364 890 533 954 reverentia
550 894 688 972 paratum
702 889 742 952 ad
759 892 857 953 amnia
874 892 1048 956 famulatum
1071 900 1102 957 et
1123 893 1234 976 pedum
1251 884 1356 958 cs‘cnla

147 997 319 1063 beaterum.
353 1036 398 1049 --
430 999 483 1067 Sic
515 997 621 1061 scribit
659 998 1008 1081 Constantinopolitsnus
1038 1002 1218 1083 imperator,
1251 1005 1362 1085 pcsitc.

145 1107 271 1189 proprie
298 1107 435 1179 nemine,
462 1107 557 1190 tytulo
585 1105 752 1188 dignitatis.
770 1145 815 1157 -
832 1107 885 1171 Sic
913 1106 1051 1173 scribunt
1072 1129 1174 1173 omnes
1196 1112 1354 1194 principes

145 1216 317 1289 seculares,
347 1236 449 1279 ornnes
471 1236 601 1299 persone
630 1215 783 1279 seculares
807 1234 825 1278 a
847 1214 1011 1279 maioribus
1034 1237 1131 1301 nsque
1153 1219 1191 1281 ad
1209 1220 1354 1295 minares,

146 1322 255 1406 pcsitis
278 1345 338 1409 que
359 1325 499 1408 paneada
522 1330 602 1397 sunt,
624 1330 765 1406 utsupra
780 1323 957 1391 visumest.
976 1325 1075 1395 -Et
1090 1328 1254 1392 notandum
1271 1328 1352 1412 qnod

148 1452 284 1516 ccngme
304 1435 414 1523 scribit
436 1436 534 1505 durus
558 1433 676 1499 dominc
699 1453 777 1516 pape
800 1439 831 1497 et
852 1454 956 1501 amnes
983 1456 1114 1518 persone
1142 1435 1353 1501 ecclesiastice

144 1542 441 1636 „obedientiam“,et
455 1544 534 1627 layci
551 1543 761 1609 universaliter
779 1543 979 1627 „obsequium
996 1551 1027 1608 et
1043 1545 1249 1609 lamulatnm“.

432 1778 435 1782 ·
452 1766 496 1833 be
511 1765 766 1833 secanda-tabula
782 1766 998 1832 salutationum
1014 1762 1066 1852 a),
1097 1757 1099 1760 ’

232 1914 306 2009 Visb
324 1944 453 2031 qualiter
469 1943 606 2009 dominus
624 1963 702 2026 papa
720 1963 823 2006 amnes
841 1945 951 2008 salutat
968 1950 998 2008 et
1010 1945 1141 2027 qualiter
1156 1943 1194 2008 ab
1212 1944 1352 2012 amnibus

140 2034 303 2126 salutetur*
321 2059 352 2120 et
361 2040 425 2149 'bac'
441 2073 497 2139 per
514 2053 750 2135 experimentum
767 2053 863 2137 prime
885 2053 1004 2126 tabule,
1027 2074 1107 2118 nunc
1123 2054 1287 2119 videndum
1304 2062 1352 2120 est

142 2159 180 2223 de
196 2162 334 2226 secunda
356 2162 474 2235 tabula,
497 2161 603 2245 inqua
622 2162 750 2255 docetur
765 2163 802 2225 de
820 2142 1000 2243 salutatione
1021 2164 1253 2246 imperatarum,
1276 2185 1352 2249 quc-

141 2268 229 2332 mcdc
263 2270 382 2334 scilicet
413 2271 578 2354 imperator
609 2290 712 2333 omnes
744 2272 775 2333 in
808 2256 888 2335 clerb
916 2279 1020 2355 preter
1045 2258 1156 2355 papam
1183 2273 1293 2337 salutet
1321 2282 1352 2338 et

143 2378 274 2460 qualiter
299 2380 367 2462 ipse
395 2380 560 2465 imperatur
587 2378 735 2444 salutetur
762 2379 801 2442 ab
830 2380 985 2455 amnibus,
1019 2387 1080 2444 tam
1107 2402 1125 2444 a
1153 2378 1233 2445 clerc
1262 2403 1351 2471 quam

141 2487 347 2553 secularibus.

233 2599 448 2666 Patriarcbas
475 2600 525 2665 cic
551 2600 691 2691 salutat:
721 2599 754 2662 F.
778 2599 835 2661 Dei
864 2599 962 2680 gralia
984 2599 1068 2662 Ram.
1098 2619 1151 2662 rex
1179 2605 1210 2663 et
1231 2619 1352 2682 semper

142 2713 303 2788 angustus,
320 2710 366 2771 vel
382 2709 582 2772 Romanarum
600 2707 765 2790 imperator
779 2708 826 2770 vel
842 2709 875 2771 Α.
892 2708 950 2771 Dei
966 2707 1064 2789 gratia
1086 2709 1176 2790 regni
1199 2711 1351 2774 Constan-

140 2816 330 2899 tinopolitani
348 2816 534 2903 gubernatur
555 2816 721 2878 reverendo
743 2817 775 2879 in
791 2816 912 2881 Christe
935 2818 1015 2900 patri
1038 2823 1069 2880 et
1085 2817 1204 2880 dominc
1222 2839 1277 2902 per
1293 2820 1351 2883 Dei

142 2925 271 3007 gratiam
304 2906 548 2989 ierosolimitana
578 2926 752 3008 patriarche
780 2927 908 2990 salutem
937 2946 1005 2989 cnm
1033 2927 1221 3008 plenitudine
1253 2928 1350 2991 amnis

142 3032 222 3096 boni.
274 3035 328 3099 Sic
368 3034 476 3113 scribit
521 3034 659 3097 amnibus
699 3034 900 3117 patriarchis,
947 3036 1196 3100 convenientibus
1240 3034 1350 3119 positis

144 3143 314 3207 adiectivis.
512 3214 514 3219 ,

234 3254 434 3319 Presditeres
450 3255 635 3320 cardinales
651 3235 699 3319 sic
714 3257 854 3320 salutat:
870 3255 903 3316 F.
921 3244 978 3317 Dei
995 3254 1105 3336 gratia,
1122 3259 1156 3317 ut
1172 3274 1264 3337 supra
1279 3274 1348 3318 ren.

141 3362 171 3424 in
184 3360 305 3424 Cbristc
320 3363 399 3443 patri
412 3362 531 3425 dominc
548 3363 626 3426 tituli
643 3363 741 3426 sancti
757 3362 919 3427 Clementis
937 3363 982 3425 vel
999 3364 1123 3427 alterius
1141 3363 1350 3448 cuiuscunque

142 3474 312 3556 presbitero
330 3472 475 3538 cardinali
492 3473 619 3536 salntem
636 3478 667 3536 et
682 3492 769 3534 omne
785 3473 906 3536 bonum.
941 3473 994 3537 Sic
1012 3473 1102 3536 etiam
1119 3474 1231 3537 salutat
1247 3494 1350 3537 cmnes

142 3583 298 3668 principes
316 3581 541 3646 ecclesiastices
559 3601 723 3665 amnesque
735 3582 868 3665 prelatus
886 3582 1014 3645 maiores
1033 3582 1113 3644 sicut
1129 3588 1214 3645 sunt:
1231 3583 1351 3664 regales
1388 3582 1391 3585 ’

143 3692 287 3766 abbates,
311 3692 363 3775 qni
379 3712 439 3755 nen
455 3690 585 3755 subsunt
601 3691 705 3754 diticni
726 3692 860 3774 imperii;
888 3691 940 3774 qui
962 3696 1062 3754 antem
1079 3690 1208 3755 subsunt
1224 3691 1351 3774 imperia

143 3803 188 3865 sic
205 3801 330 3866 scribit:
355 3803 388 3864 F.
407 3801 457 3864 dei
473 3799 589 3882 gratia,
611 3804 769 3882 utsupra,
787 3800 897 3863 dilecto
919 3799 1038 3883 imperii
1061 3799 1141 3862 fideli
1164 3799 1272 3862 derctc
1296 3820 1351 3863 suc

143 3910 308 3974 venerabili
321 3911 400 3994 patri
411 3913 445 3973 A.
459 3910 517 3974 Dei
529 3909 627 3991 gratia
640 3909 871 3993 archiepiscopo
886 3907 1112 3989 Salisburgensi
1125 3908 1254 3989 gratiam
1267 3928 1352 3972 suam

144 4026 174 4084 et
202 4041 290 4085 amne
311 4022 432 4085 benum.
458 4020 516 4086 sie
533 4019 644 4083 salutat
660 4040 762 4083 amnes
778 4019 934 4102 principes
952 4017 1179 4097 ecclesiasticos
1196 4016 1352 4081 subiectus

143 4131 280 4216 imperio.
310 4128 315 4137 ’
1373 4124 1379 4133 ’

236 4242 398 4323 mamerto
417 4240 566 4329 prelatas
587 4238 837 4323 inferierec‚'at
857 4240 988 4305 abbates
1014 4246 1046 4303 et
1068 4245 1192 4304 eeteros
1214 4239 1249 4303 in
1265 4240 1353 4305 clero

143 4353 271 4417 salutet.
297 4350 432 4413 Prelatcs
455 4347 615 4411 inferiores
640 4347 803 4412 existentes
832 4348 987 4431 principes
1017 4348 1063 4411 sic
1091 4348 1217 4411 salutat:
1241 4347 1274 4409 F.
1293 4347 1351 4411 Dei

145 4460 259 4542 gratia,
282 4466 446 4541 utsupra,
470 4457 580 4521 dilecto
605 4457 712 4521 devota
735 4477 789 4523 suc
813 4456 876 4531 vire
899 4456 1054 4539 religiosa,
1072 4457 1098 4518 si
1115 4462 1163 4519 est
1178 4454 1353 4537 religiosus,

143 4568 309 4634 venerabili
330 4568 484 4653 preposita
507 4566 637 4667 gratiam
666 4586 752 4630 suam
774 4572 806 4630 et
822 4585 909 4649 omne
930 4565 1052 4630 benum.
1085 4566 1118 4629 ln
1133 4566 1214 4629 bunc
1231 4563 1352 4633 medum

236 4729 270 4799 a)
283 4723 431 4782 Distinctic
445 4725 491 4789 111,
504 4742 546 4780 tm
559 4724 652 4778 bande
665 4723 696 4780 11.
710 4722 739 4781 ll.
754 4723 808 4778 und
820 4725 847 4780 Z.
