3209 5392
1237 495 1288 568 65

128 688 166 731 me
178 667 341 730 hereditario
359 673 389 731 et
410 674 533 750 paterno
555 686 676 730 munere
704 669 895 732 devenerunt.
927 669 1030 733 Ottoni
1046 668 1085 751 a)
1107 673 1204 732 autem
1231 668 1291 732 tilio

126 795 180 837 mco
202 779 264 837 natu
289 775 438 846 secundo,
467 774 516 858 qui
544 774 641 838 adhuc
664 775 720 838 sub
741 775 838 858 patria
859 783 1008 858 potestate
1031 786 1077 842 est
1092 777 1148 861 l),
1181 778 1219 839 do
1240 778 1291 840 XL

126 883 276 946 talentorum
292 882 438 954 redditus,
455 903 579 966 quorum
596 883 701 947 decem
716 885 827 949 talenta
844 885 883 969 ο)
900 885 930 948 in
952 886 1003 949 tali
1028 887 1093 949 loco
1110 886 1148 948 ad
1164 905 1211 948 me
1227 885 1291 948 iure

126 991 260 1073 emptionis
280 989 376 1053 libere
399 991 536 1054 devoluta
560 991 589 1054 in
615 990 660 1054 ius
683 992 759 1055 traxi
774 993 983 1075 proprietatis,
1006 994 1064 1057 alia
1080 1013 1150 1076 vero
1168 993 1291 1074 triginta

125 1099 216 1162 talenta
241 1099 270 1161 in
300 1099 658 1185 Neunchirchend)
702 1102 850 1183 quondam
896 1101 951 1165 sub
999 1102 1095 1185 tytulo
1145 1101 1225 1163 feodi
1275 1121 1292 1164 a

125 1207 223 1270 domino
237 1209 269 1271 L.
288 1208 325 1270 de
342 1207 581 1297 Qhunringf)
595 1207 772 1296 possedit),
786 1209 840 1271 sed
853 1210 972 1272 tandem
989 1210 1026 1273 ab
1042 1231 1077 1273 eo
1094 1209 1140 1271 ins
1156 1209 1293 1291 proprie·

123 1315 179 1378 uos
199 1334 248 1397 pro
271 1315 319 1378 cu
335 1296 455 1378 dranus
469 1314 510 1398 o)
531 1312 622 1376 mrem
645 1313 675 1376 m
692 1314 806 1377 ornnem
822 1315 990 1378 reunitum
1018 1321 1189 1399 conparavi.
1222 1317 1295 1380 rost

123 1422 169 1485 bec
181 1423 330 1486 Friderico
347 1420 387 1505 b)
403 1421 461 1484 lilio
474 1442 540 1484 meo
557 1427 627 1485 natu
634 1423 722 1485 tertio
736 1423 841 1485 ordino
854 1429 884 1486 et
897 1424 934 1486 do
949 1425 1122 1506 dignitatem
1141 1429 1219 1491 illam
1237 1426 1296 1509 rpre'

124 1533 196 1614 mlgo
218 1532 523 1620 buospenoczocbult
540 1532 660 1600 dicitur,
680 1551 766 1615 quam
791 1532 882 1594 michi
894 1539 980 1614 pater
1002 1554 1085 1597 meus
1099 1536 1162 1599 iure
1174 1535 1294 1598 heredi-

34 1700 37 1707 ,
122 1640 184 1703 tario
195 1640 359 1724 dereliquit.
372 1639 541 1722 Unicuique
554 1646 652 1703 antem
667 1639 792 1703 filiarum
806 1660 947 1714 mearum,
961 1662 1018 1725 que
1030 1645 1157 1707 necdum
1173 1651 1293 1727 experte

122 1755 177 1812 sunl
190 1748 317 1832 nuptias,
332 1749 435 1812 ordino
450 1754 480 1812 et
499 1749 536 1811 do
551 1749 597 1817 CC
610 1768 727 1828 marcas
740 1749 868 1830 argenti,
882 1756 912 1812 et
923 1769 976 1832 pro
990 1751 1178 1816 celebrandis
1193 1753 1293 1816 cuius-

120 1855 180 1935 libet
194 1877 293 1921 earum
311 1857 421 1940 nuptiis
437 1858 489 1920 LX
505 1856 617 1920 talenta
633 1857 821 1920 denariorum
849 1865 879 1921 et
898 1860 950 1922 XX
968 1859 1079 1923 talenta
1092 1881 1146 1943 pro
1163 1860 1295 1926 vestibus

121 1964 228 2047 adipsas
236 1965 356 2049 nuptias
364 1965 573 2047 comparandis.
581 1964 791 2029 Filiabusvero
799 1965 874 2028 meis
882 1967 916 2029 L.
927 1969 996 2030 etll.
1013 1966 1295 2059 Qquejambabere

121 2076 511 2149 nirosnoscnntur‚Ctalenta
529 2075 716 2138 denariorum
726 2075 830 2138 ordino
845 2077 1016 2159 etdispono.
1026 2078 1167 2162 Quitquid
1182 2079 1296 2142 veroin

121 2187 239 2265 gemmis,
254 2186 394 2257 auro,uel
407 2190 532 2266 argento
548 2189 579 2247 et
591 2183 621 2246 in
635 2183 769 2246 vestibus
785 2188 859 2246 meis
874 2184 915 2268 lc)
930 2193 1078 2267 repertum
1090 2188 1190 2259 fuerit,
1201 2192 1296 2251 totum

121 2291 233 2358 dandum
249 2300 299 2359 est
316 2293 348 2381 l]
364 2291 530 2374 collegiatis
547 2290 696 2379 ecclesiis,
712 2291 790 2355 utin
806 2299 892 2355 usum
907 2295 1119 2358 monachorum
1136 2301 1166 2359 et
1181 2296 1295 2359 monia-

119 2399 178 2464 lium
188 2405 233 2491 m)
249 2404 353 2475 cedat,
368 2401 434 2484 pari
458 2422 513 2484 per
529 2402 625 2465 omnia
642 2402 778 2484 portione
793 2402 843 2485 a),
859 2402 900 2466 ita
916 2409 949 2467 ut
964 2402 1002 2485 0)
1018 2403 1177 2486 unicuique
1193 2424 1298 2467 mona-

119 2510 302 2576 sterioXXad
310 2511 407 2575 minus
414 2510 525 2574 talenta
534 2511 722 2573 denariorum
734 2510 864 2593 persolvi
878 2510 1007 2574 debeant
1023 2511 1181 2576 sinemora.
1205 2511 1297 2576 Huius

118 2616 204 2702 itaque
217 2619 393 2685 testamenti
408 2619 467 2682 mei
483 2621 540 2682 rite
564 2625 596 2681 et
616 2618 840 2682 racionabiliter
855 2619 927 2681 facti
951 2628 1125 2684 executores
1148 2626 1246 2684 statuo
1268 2626 1299 2684 et

116 2732 227 2793 statutos
256 2729 424 2813 pronuncio
454 2727 602 2790 dominum
630 2727 667 2790 N.
685 2727 727 2810 p)
754 2727 876 2790 militem
910 2728 1005 2791 ciuem
1030 2729 1229 2795 Winnensem
1267 2736 1299 2792 et

114 2835 144 2900 N.
158 2839 286 2903 iudicem
302 2839 426 2910 ibidem,
444 2838 518 2900 dans
535 2837 579 2899 eis
595 2836 713 2918 plenam
728 2836 900 2899 facultatem
917 2837 1016 2900 omnia
1037 2858 1094 2920 que
1116 2838 1298 2920 prediximus

115 2959 241 3032 tanquam
254 2953 281 3014 si
294 2970 351 3033 per
363 2968 411 3011 me
423 2946 645 3031 presentialiter
660 2946 960 3032 lierentfflaciendi.
978 2947 1117 3010 Ceterum
1133 2969 1170 3011 ne
1186 2948 1245 3012 nlla
1261 2949 1298 3011 de

117 3076 193 3123 causa
220 3059 372 3124 ordinatio
389 3077 466 3138 ⁸mea
494 3056 620 3120 convelli
646 3056 693 3119 uel
715 3055 853 3138 impediri
877 3056 989 3138 possit,
1016 3063 1173 3139 presentes
1195 3056 1298 3121 literas
1401 3124 1405 3131 ,

116 3169 315 3234 testamentum
337 3188 435 3231 meum
459 3166 647 3229 continentes
663 3165 809 3247 predictis
827 3166 1036 3229 executoribus
1053 3166 1187 3229 eiusdem
1203 3172 1297 3230 testa-

114 3279 194 3341 menti
209 3277 335 3350 tradidi,
353 3275 442 3359 sigilli
457 3275 516 3338 mei
533 3274 693 3337 munimine
710 3273 878 3346 roboratas,
895 3273 1023 3337 testibus
1040 3275 1164 3356 ydoneis
1186 3275 1298 3339 subno-

113 3385 182 3458 tatis,
199 3407 328 3471 quorum
343 3385 401 3448 hec
419 3384 537 3447 nomina
553 3389 623 3447 sunt
638 3388 697 3446 etc.

191 3496 224 3560 Si
240 3516 316 3560 uero
332 3493 464 3557 breviter
480 3492 614 3556 scribere
631 3492 771 3564 volueris,
789 3493 834 3554 sic
852 3491 986 3554 scribes:

113 3686 116 3693 μ
190 3605 255 3688 Ego
273 3605 346 3669 Otto
361 3587 437 3665 civis
464 3600 671 3665 Linzensis
687 3601 727 3684 r)
753 3600 837 3682 graui
856 3600 1025 3701 egritudine
1054 3599 1208 3671 detentus,
1225 3620 1298 3663 sane

114 3714 212 3776 mentis
229 3720 261 3778 et
278 3713 337 3777 alia
354 3712 450 3775 omnia
467 3710 582 3773 habens
600 3715 630 3772 et
645 3710 762 3772 iaciens
780 3729 838 3792 que
855 3706 1017 3789 legittimus
1040 3704 1167 3771 testator
1186 3708 1299 3771 babere

112 3824 138 3881 et
156 3822 257 3885 lacere
283 3820 374 3886 debet
396 3819 497 3882 ultime
522 3817 698 3890 voluntatis,
720 3817 830 3880 iustum
846 3815 904 3878 hoc
920 3835 1018 3877 meum
1034 3820 1244 3880 testamentum
1260 3819 1299 3881 ad

25 3966 26 3995 2
113 3928 233 3992 omnium
249 3929 393 3993 noticiam
409 3927 565 4010 pervenire
581 3925 648 3988 uolo
664 3926 848 4008 presentium
864 3925 999 3987 veritate.
1032 3923 1178 4006 Inprimis
1196 3927 1414 4009 itaquep,.‚1⁸1„

109 4033 142 4096 do
156 4035 195 4098 illi
211 4037 270 4101 hoc
287 4038 335 4100 nel
357 4037 428 4099 hoc¹
439 4041 497 4098 etc.
520 4033 559 4096 ut
573 4040 644 4097 tunc
661 4053 720 4096 non
737 4039 784 4096 est
800 4053 875 4115 opus
891 4039 924 4095 ut
951 4031 1101 4095 scribatur
1119 4033 1197 4095 unde
1223 4054 1299 4118 que-

24 4120 26 4169 l
110 4138 384 4228 libetpossessioad
396 4143 760 4225 testatorempervenerit,
774 4142 821 4205 vel
835 4161 892 4225 quo
906 4142 971 4205 iure
989 4161 1054 4204 eam
1066 4144 1205 4204 tenuerit.
1236 4144 1298 4206 Sed

24 4382 26 4417 3
198 4347 233 4415 a)
253 4346 298 4401 0t.
315 4344 427 4414 V.—b)
442 4348 483 4397 est
495 4342 565 4398 fehlt
576 4341 604 4395 V.
620 4370 654 4381 -
667 4341 698 4411 c)
711 4357 822 4411 quorum
836 4340 994 4394 talentorum
1006 4337 1115 4410 (decem
1128 4326 1298 4411 sufflando),

24 4456 25 4463 ¹
108 4430 136 4485 V.
157 4437 233 4505 -d)
256 4435 437 4508 quw—e)
451 4435 480 4487 L.
496 4435 529 4487 dc
555 4472 562 4486 .
590 4471 599 4486 .
636 4432 666 4486 V.
686 4461 720 4470 —
731 4430 763 4501 f)
779 4429 965 4501 possidendam
978 4429 1101 4500 Z.-9)
1120 4430 1181 4484 talis
1195 4432 1298 4487 denarii

24 4516 26 4571 ὲ
111 4522 137 4578 z.
155 4554 189 4565 -
207 4525 243 4595 u)
263 4523 425 4594 mu-b
446 4526 468 4580 o
486 4528 513 4576 et
533 4523 556 4577 n
574 4523 602 4576 n.
621 4550 657 4560 -
675 4521 710 4589 u)
730 4522 795 4574 mers
818 4521 886 4574 feno
905 4519 933 4573 u.
967 4550 994 4558 -
1017 4520 1042 4588 r)
1063 4525 1104 4571 est
1122 4521 1234 4576 renutu.
1263 4553 1298 4563 -

109 4616 147 4683 m)
166 4622 193 4670 et
210 4600 283 4673 mo'n.
305 4619 370 4672 fehlt
381 4617 412 4671 V.
432 4647 464 4656 -
485 4616 519 4684 n)
539 4614 742 4686 participatione
756 4613 784 4667 V.
806 4643 841 4651 —-
859 4612 892 4681 o)
912 4611 983 4682 quod
1002 4609 1032 4663 V.
1056 4640 1090 4648 -
1108 4612 1145 4682 p)
1165 4614 1192 4665 H.
1213 4613 1242 4667 V.
1264 4643 1297 4653 -

111 4706 143 4775 q)
162 4708 262 4762 luerint
275 4709 306 4763 V.
327 4738 357 4748 -
379 4709 411 4778 r)
433 4707 519 4760 θεῖν.
539 4706 600 4758 talis
619 4705 650 4759 V.

168 4801 516 4847 roote·.al›th.1r.uo.xxv.
744 4784 747 4791 '
1066 4791 1082 4841 5
