3209 5392
1234 545 1336 643 'aar

141 725 222 776 tanen
241 708 424 786 chrscbriit,
448 722 496 777 dus
516 740 548 779 an
571 722 622 776 den
643 722 801 777 Erebiscboi
825 740 876 776 von
890 720 954 777 corn
968 724 1130 791 gericbtetc,
1154 726 1213 781 dom
1227 725 1276 781 nir
1288 726 1338 781 da·

144 813 196 867 ber
216 815 413 868 unbedcoklicb
436 814 485 867 das
503 814 598 870 Datum
621 814 669 869 dos
692 830 725 869 au
746 814 777 872 u.
792 813 909 871 Richard
932 816 1101 885 gerichtetco
1120 816 1225 872 bricius
1249 818 1337 890 geben

140 907 259 961 kdnncu.
322 913 325 916 '

723 1226 783 1298 12.

509 1446 585 1529 laps
601 1447 766 1530 apostolice
783 1445 864 1508 sella
879 1443 989 1522 legato.

710 1622 789 1677 1250.

143 1781 287 1846 Ianoceuz'
305 1790 352 1844 IV.
374 1789 532 1863 Kluqedrief
549 1791 614 1846 dher
634 1792 686 1845 deo
713 1792 818 1847 Verluat
838 1808 888 1846 aon
911 1792 1040 1846 Damiette
1060 1790 1117 1845 aad
1144 1788 1341 1859 Aufforderunp

144 1900 181 1936 an
201 1882 281 1937 emen
299 1882 432 1954 Lepores,
454 1882 483 1937 in
500 1883 571 1937 olleo
589 1881 706 1938 Kirchen
730 1882 820 1938 seiner
837 1884 949 1938 Procius
964 1882 1014 1954 fur
1030 1880 1143 1952 Ludwig
1160 1880 1205 1933 ΙΧ.
1225 1879 1282 1933 und
1298 1879 1344 1934 die

389 1973 502 2046 Rettuup
515 1974 563 2029 dec
575 1970 692 2046 heiligen
703 1974 811 2029 Laudes
826 1976 921 2034 Gebete
933 1973 1108 2028 cncuordnen.

241 2119 392 2181 Ducbccna,
405 2119 467 2177 hiat.
481 2113 607 2176 Francor.
620 2121 715 2192 script
728 2121 757 2186 a,
766 2120 830 2175 415.
901 2099 905 2105 ’

241 2286 434 2370 Propinatum
466 2286 552 2350 nobis
583 2286 622 2350 ab
655 2288 770 2352 oriente
798 2286 863 2352 dire
891 2286 1095 2351 amaritudinis
1123 2286 1247 2351 calicem
1275 2295 1458 2348 eumad-2¹¹»

145 2395 284 2460 lacrimis
307 2396 491 2468 haurientes,
513 2394 544 2459 in
560 2416 660 2460 amara
677 2397 764 2460 nimis
793 2404 824 2462 et
840 2396 936 2461 tristia
952 2416 1146 2481 prorumpere
1162 2396 1297 2478 cogimur
1314 2399 1344 2457 et

146 2505 353 2588 potissimum,
370 2524 459 2590 quem
474 2524 596 2588 grauem
614 2506 693 2570 intus
710 2506 867 2579 sentimus,
884 2507 1036 2570 insinuare
1053 2505 1198 2569 dolorem.
1238 2504 1277 2569 ut
1292 2502 1342 2567 ubi

147 2615 344 2679 mestitudine
361 2621 443 2679 tanta
461 2615 664 2699 deprimimur,
682 2615 831 2698 quomodo
843 2603 992 2700 possimus
1005 2635 1174 2679 sermonem
1185 2613 1343 2696 lugubrem

152 2747 215 2790 non
242 2725 400 2808 preferre?
435 2727 515 2809 Sepe
544 2725 665 2809 quidem
693 2725 742 2789 illa
771 2724 924 2790 orientalis
951 2725 1036 2808 regio
1064 2724 1207 2789 absinthii
1234 2724 1342 2808 poculo

149 2835 265 2899 Christi
289 2834 462 2898 amaricavit
490 2834 667 2908 ecclesiam,
695 2855 767 2919 sepe
794 2835 877 2917 pauit
904 2836 999 2918 ipsam
1024 2854 1093 2898 esca
1116 2834 1206 2907 fellis,
1223 2840 1253 2897 et
1269 2834 1343 2897 dure

152 2943 363 3010 tribulacionis
385 2950 532 3027 punctura
560 2944 711 3016 confodit3
747 2944 802 3007 sed
831 2963 910 3008 nunc
943 2946 971 3007 ei
991 2945 1220 3008 amarissimam
1246 2942 1345 3008 intulit

150 3054 329 3137 pocionem,
357 3073 436 3116 nunc
454 3053 543 3116 etiam
560 3072 626 3115 eam
647 3053 793 3116 immense
815 3052 943 3117 tristicie
965 3055 1079 3117 ferculo
1103 3053 1228 3117 saciavit
1251 3056 1281 3116 et
1298 3052 1343 3115 sui

151 3162 261 3226 luroris
278 3162 379 3244 gladio
396 3163 542 3225 acerrime
559 3164 686 3247 pupugit
702 3168 733 3226 et
748 3161 890 3245 perfodit.
923 3162 1006 3227 Illato
1028 3163 1129 3247 itaque
1152 3161 1343 3226 adversitatis

147 3272 303 3355 inopinate
333 3271 419 3334 calici
436 3270 734 3357 a)'supersundimus
757 3290 858 3334 acrem
875 3272 987 3345 fletum,
1005 3279 1035 3337 et
1049 3275 1132 3356 potui
1155 3279 1215 3337 tam
1232 3270 1342 3336 acerbo

148 3382 275 3446 uberem
289 3381 479 3444 lacrimarum
495 3380 624 3463 pluviam
639 3381 850 3445 immiscemus.
879 3382 989 3466 Liquet
1005 3383 1083 3446 enim
1100 3381 1248 3455 omnibus,
1264 3381 1343 3465 quod

132 3490 326 3584 'karissimus
339 3488 495 3553 ianristo
509 3487 585 3552 filius
602 3495 714 3562 noster,
730 3509 783 3553 rex
794 3490 922 3554 Francia
938 3492 1071 3563 illustria,
1087 3511 1141 3575 pro
1158 3489 1342 3555 liberacione

149 3608 233 3665 terre
251 3605 373 3673 sancte,
402 3619 508 3682 quam,
536 3599 567 3663 in
584 3605 786 3683 contemptum
803 3600 914 3665 Christi
938 3607 968 3664 et
990 3601 1120 3664 fidelium
1144 3601 1208 3664 eius
1232 3599 1343 3683 obpro·
1380 3615 1384 3622 '

147 3711 259 3783 briam,
267 3714 443 3791 occupatam
450 3709 762 3798 detinentrlppcroui,
776 3710 875 3773 crucis
888 3709 957 3773 olim
970 3709 1342 3793 suscepitd)signaculum

149 3827 181 3884 et
198 3840 266 3884 cum
283 3822 405 3903 copiosa
422 3820 579 3892 comitum,
606 3817 767 3891 baronum,
783 3818 926 3883 nobilium
950 3825 980 3883 et
1001 3819 1126 3884 aliorum
1144 3819 1341 3891 multitudine,

149 3941 291 4015 tanquam
317 3927 444 3993 ulcionis
469 3930 642 3994 iniuriarum
658 3930 776 3993 Domini
793 3929 916 4006 anxius,
944 3931 1013 3994 illuc
1041 3930 1167 3995 ferventi
1191 3929 1341 3993 desiderio

149 4038 366 4106 transfretavit.
401 4037 464 4105 Sub
493 4040 578 4103 cuius
606 4039 741 4103 studioso
767 4040 876 4104 ducatu
906 4025 1123 4125 sicprospere
1145 4040 1238 4122 ipsius
1260 4045 1340 4103 terre

149 4150 311 4234 negocium
329 4150 459 4232 dirigere
477 4149 557 4231 cepit
573 4148 746 4222 altissimus,
764 4150 844 4233 quod
860 4172 912 4214 rex
926 4151 994 4234 ipse
1011 4150 1161 4215 civitatem
1177 4151 1342 4216 Dummio·

147 4272 223 4334 tom,
242 4282 300 4345 que
317 4268 365 4326 est
380 4259 530 4332 introitus,
549 4260 628 4323 sicut
645 4261 750 4334 scitur,
766 4261 889 4344 Egypti
916 4266 1058 4346 tanquam
1075 4282 1171 4324 seram
1190 4261 1341 4325 difficilem

146 4374 317 4455 fortemque
352 4370 466 4434 clavim
486 4370 576 4434 multo
605 4367 714 4433 robore
738 4369 899 4434 stabilitam
916 4391 1064 4455 -quam
1089 4371 1198 4434 dudum
1215 4372 1341 4456 populus

149 4480 339 4546 Christianus
367 4501 426 4543 non
460 4478 575 4562 absque
603 4498 712 4560 magna
740 4479 786 4542 sui
814 4480 969 4563 sanguinis
995 4479 1139 4543 etlusione
1163 4480 1290 4545 obtinuit
1311 4487 1342 4544 et
1434 4536 1445 4554 ‚

145 4593 269 4656 tandem
303 4597 411 4655 euentu
445 4590 566 4654 sinistro
594 4589 725 4671 perdidit
755 4629 799 4639 -
832 4611 899 4655 mox
927 4597 959 4655 ut
993 4590 1029 4654 ad
1065 4591 1160 4673 ipsam
1194 4591 1339 4676 applicuit

244 4829 278 4900 a)
292 4829 384 4885 calicis
397 4830 427 4885 V.
442 4859 476 4869 -
490 4828 522 4899 b)
536 4831 656 4903 suscepit
668 4829 735 4884 fehlt
748 4830 780 4885 V.
