3209 5392
256 575 334 648 398

254 749 384 816 bonores
402 757 433 815 et
448 758 606 820 commoda
623 760 829 840 promovenda
846 759 1004 823 sublimius
1020 760 1125 843 pronis
1143 778 1340 842 assurgamus
1357 758 1456 822 affec-

250 859 332 925 tibus
354 865 385 924 et
411 864 598 928 ferventibus
628 866 787 932 desideriis
817 867 1026 938 intendamus,
1055 888 1116 932 nou
1146 870 1243 932 solum
1270 868 1301 930 id
1328 868 1453 953 proprie

249 970 426 1054 probitatis,
451 973 505 1036 sed
523 981 650 1058 accepta
669 982 795 1059 paterne
817 998 872 1041 neo
890 998 949 1042 non
963 978 1042 1041 avite
1067 979 1277 1042 strennuitatis
1301 979 1450 1064 obsequia

249 1086 433 1144 meruerunt.
464 1081 538 1145 Cum
555 1084 649 1166 igitur
664 1085 695 1148 in
711 1086 762 1148 tali
780 1087 912 1149 ecclesia
929 1106 1020 1171 super
1035 1086 1131 1169 ipsius
1147 1087 1320 1169 provisione
1336 1088 1452 1168 prima-

249 1188 310 1254 rias
327 1189 491 1253 fuderimus
507 1212 614 1274 preces
628 1200 760 1266 nostras,
774 1195 949 1259 fidelitatem
960 1201 1043 1260 tuam
1055 1196 1237 1280 requirimus
1251 1201 1283 1260 et
1296 1217 1450 1280 rogamus,

250 1303 398 1383 quatenus
428 1298 465 1361 ad
502 1298 549 1374 id,
583 1302 664 1386 quod
697 1303 853 1387 predictus
883 1303 919 1366 N.
945 1323 1037 1389 super
1065 1305 1265 1383 assecucione
1292 1307 1451 1387 prebende

249 1412 403 1490 speratum
421 1409 601 1473 intencionis
619 1431 672 1475 sue
688 1412 876 1495 propositum
893 1418 1108 1497 consequatur,
1130 1434 1186 1495 pro
1210 1414 1312 1477 divina
1328 1421 1452 1479 nostra·

249 1537 307 1601 que
324 1518 500 1582 reverencia
517 1540 606 1584 curas
621 1521 754 1585 fervidas
777 1525 808 1584 et
829 1521 976 1585 sollicitas
999 1541 1109 1604 operas
1132 1523 1258 1586 studeas
1281 1521 1451 1587 efficaciter

250 1628 415 1711 applicare,
432 1627 473 1691 ita
492 1630 572 1713 quod
588 1631 638 1694 ille
656 1631 794 1696 sincerus
812 1630 951 1703 allectus,
968 1650 1058 1715 quem
1075 1649 1149 1713 erga
1166 1632 1295 1695 eundem
1312 1633 1451 1714 gerimus
1507 1667 1510 1672 ·

248 1737 568 1808 incessanter,nullum
579 1760 703 1823 prorsus
721 1740 873 1805 delectum
889 1742 920 1804 in
936 1740 1047 1805 effectu
1060 1740 1224 1814 contineat,
1238 1741 1292 1804 sed
1306 1742 1452 1806 exuberet

249 1844 356 1927 pocius
380 1846 419 1909 ad
439 1848 617 1928 protectum.
652 1849 779 1932 Propter
801 1849 883 1934 quod
905 1850 936 1911 in
958 1848 1018 1911 tuis
1041 1855 1071 1912 et
1093 1855 1213 1914 tuorum
1240 1852 1366 1932 agendis
1391 1874 1447 1915 nos

250 1975 371 2040 semper
386 1957 550 2041 experieris
567 1957 720 2022 ultroneos
738 1956 841 2048 etfper
856 1963 954 2024 omnia
971 1959 1128 2024 benivolos
1144 1960 1367 2044 comprobabis.

824 2164 887 2237 aa.
973 2109 978 2121 ’

426 2306 594 2386 luperotor
608 2305 734 2367 resunll
750 2312 780 2369 et
796 2310 919 2370 revocat
935 2308 973 2368 ab
991 2305 1085 2369 culli·
1103 2305 1278 2387 relegatum.

252 2465 332 2519 dicer
349 2466 400 2520 der
418 2463 508 2519 suane
528 2464 695 2520 Friedricb'a
713 2467 747 2519 ll.
769 2465 897 2534 (Courod
914 2465 931 2517 1
934 2466 961 2518 V.
981 2466 1048 2520 oder
1065 2463 1211 2536 Manfred)
1229 2464 1290 2519 aaut
1306 2467 1352 2521 die
1362 2483 1451 2537 papea

252 2557 318 2611 ποσί
330 2557 443 2609 Getreue
456 2573 505 2610 oon
518 2556 620 2611 aeinem
642 2557 720 2610 litter
733 2555 877 2626 vcrbdnpte
893 2555 988 2627 Strafe
1001 2557 1050 2610 der
1071 2556 1259 2630 lbrbannung
1273 2558 1321 2611 dea
1337 2557 1458 2630 Gefdcq·

611 2647 699 2703 niaacs
711 2649 768 2702 aad
780 2649 830 2701 der
843 2644 1023 2717 Ebrloaiplceit
1035 2646 1091 2717 auf.

348 2794 421 2847 Patr.
436 2792 471 2846 de
484 2792 541 2847 Vin.
556 2792 582 2854 6,
597 2793 639 2846 13.

343 2941 425 3006 Satis
442 2940 529 3004 nobis
547 2940 629 3004 cedit
646 2942 684 3004 ad
700 2941 827 3023 gloriam
843 2946 874 3005 et
889 2941 1035 3005 honorem
1058 2941 1231 3025 nostrisque
1255 2939 1393 3005 fidelibus
1410 2942 1458 3005 ad

251 3054 437 3135 proiectum,
460 3051 486 3112 si
502 3057 600 3115 motus
618 3056 755 3121 nostros,
772 3070 849 3134 quos
867 3056 964 3115 armat
979 3050 1140 3133 potencia,
1157 3050 1201 3113 sic
1220 3050 1453 3115 mansuetudine

251 3168 472 3243 temperemus,
494 3165 528 3223 ut
542 3179 620 3242 pene
638 3159 802 3231 duriciam,
831 3179 920 3244 quam
936 3159 1021 3241 rigor
1037 3158 1158 3221 iusticie
1175 3157 1271 3224 dictat
1290 3161 1320 3223 in
1339 3160 1455 3231 noxios,

253 3274 384 3352 ungento
412 3272 515 3331 nostre
542 3267 708 3331 clemencie
736 3267 921 3340 molliamus,
949 3272 982 3330 ut
1004 3271 1126 3330 crescat
1149 3267 1180 3330 in
1209 3266 1337 3332 subditis
1366 3268 1456 3349 rigor

251 3379 427 3445 obediencie
444 3381 485 3448 et,
502 3396 571 3440 cum
588 3377 763 3441 devotorum
786 3376 955 3440 succrescit
978 3377 1127 3449 cumulus,
1145 3377 1270 3441 honoris
1288 3378 1384 3442 nostri
1400 3397 1458 3460 per

250 3510 440 3573 consequeus
468 3486 582 3570 tytulus
610 3491 764 3568 augeatur.
799 3486 864 3549 llac
892 3485 985 3568 igitur
1012 3484 1263 3550 consideracione
1293 3486 1398 3550 moniti
1422 3492 1457 3548 et

250 3598 381 3671 inducti,
412 3604 518 3661 tenore
549 3595 740 3678 presencium
772 3593 1032 3680 notumlaeimus
1061 3592 1232 3665 universis,
1262 3595 1354 3678 quod,
1382 3593 1456 3657 licet

252 3711 322 3773 olim
339 3710 413 3773 tales
427 3708 467 3797 a)
481 3706 584 3770 fideles
599 3705 693 3770 nostri
711 3705 749 3768 ob
767 3710 853 3768 notas
867 3703 995 3787 aliquas,
1018 3704 1127 3789 quibus
1141 3724 1194 3766 eos
1208 3706 1275 3789 plus
1289 3705 1457 3788 aliquorum

132 3849 239 3889 suaso.
252 3819 456 3901 calumpuiosa
479 3814 645 3886 detractio,
672 3834 762 3897 quam
785 3814 860 3877 lacti
885 3813 1014 3875 alieuius
1032 3812 1189 3876 evidencia
1206 3813 1280 3876 lecit
1297 3813 1455 3886 obnoxios,

252 3931 290 3992 de
317 3928 458 3991 mandato
487 3924 547 3988 divi
571 3923 708 4007 Augusti,
737 3921 836 3985 lelicis
857 3919 1083 3985 recordacionis
1109 3920 1220 3983 domini
1243 3921 1388 3984 Friderici
1404 3921 1455 4003 b),

250 4036 397 4122 genitoris
414 4034 519 4107 nostri,
537 4033 576 4097 ad
591 4034 683 4097 talem
698 4031 829 4095 insulam
847 4030 885 4117 e)
903 4029 991 4093 exilio
1008 4028 1121 4093 luerint
1136 4028 1265 4112 relegati
1283 4035 1314 4093 et
1329 4035 1456 4115 propter

251 4149 310 4211 lroc
327 4145 383 4207 visi
401 4144 512 4207 luerint
527 4148 615 4206 notas
639 4140 761 4204 inl'amie
778 4138 970 4215 incurrisse,
985 4136 1182 4201 humanitatis
1201 4136 1288 4200 nobis
1306 4137 1453 4201 suadente

253 4254 419 4319 clemencia
435 4251 507 4316 victi
524 4272 637 4322 sumus,
654 4250 797 4334 ipsosque
815 4269 833 4311 a
849 4268 984 4320 carcere,
1007 4267 1067 4331 quo
1084 4247 1276 4319 tenebantur,
1293 4247 1407 4310 absolvi
1424 4254 1455 4310 et

253 4363 291 4427 ab
309 4363 396 4426 exilio
413 4361 540 4425 lecimus
557 4359 706 4432 revocari,
725 4359 872 4421 offensam
889 4378 943 4420 seu
956 4362 1058 4420 notam
1074 4356 1208 4428 infamio,
1226 4375 1316 4440 quam
1332 4362 1456 4439 propter

255 4475 315 4538 boc
337 4469 525 4536 contraxisse
540 4467 737 4541 videbantur,
765 4446 900 4552 plenarie
923 4465 1131 4537 remittentes,
1160 4466 1229 4547 lege
1245 4467 1292 4529 vel
1309 4466 1458 4530 constitu-

258 4585 345 4648 cione
361 4580 463 4664 aliqua
478 4599 538 4642 uon
555 4578 706 4651 obstante,
723 4578 830 4641 harum
846 4574 1019 4640 testimonio
1037 4575 1200 4638 literarum.
1218 4574 1286 4639 Dat.

351 4713 384 4783 a)
403 4710 434 4766 (l.
453 4715 480 4763 et
499 4710 531 4764 0.
549 4711 620 4764 Petr.
641 4707 676 4761 de
694 4707 751 4760 Vin.
765 4735 801 4745 —
815 4705 847 4774 b)
862 4706 904 4757 Fr.
925 4704 993 4758 fehlt
1012 4704 1053 4758 bei
1073 4704 1146 4757 Patr.
1160 4703 1192 4757 de
1206 4702 1262 4757 Vin.
1282 4734 1304 4741 -
1325 4702 1454 4772 e)ldalce

262 4807 315 4876 leg.
328 4805 422 4859 Malae.
438 4804 519 4857 ldcm.
