3209 5392
245 477 323 550 310

242 653 353 716 involvi
369 651 410 739 a)
433 652 573 716 tluetibus
601 651 708 715 bellice
735 652 934 734 tempestatis.
974 650 1060 712 Luna
1091 648 1229 732 quidem,
1263 644 1315 708 diu
1347 644 1436 728 quasi

243 761 360 825 sublata
377 761 414 824 de
430 761 512 833 celo,
536 760 720 824 condensata
742 759 936 823 tenebrarum
958 757 1099 821 umbrosa
1116 754 1263 838 caligine,
1280 755 1363 816 facta
1378 753 1438 815 fuit

243 889 299 932 nox
315 869 415 951 gravis
433 876 463 931 et
479 867 566 951 plena
582 869 744 951 periculis,
773 868 804 929 in
827 886 885 951 qua
913 866 1099 930 transierunt
1122 864 1197 928 silve
1218 862 1318 926 bestie
1335 853 1439 924 cater-

241 980 342 1052 vatim,
358 978 477 1043 leonum
500 978 589 1043 catuli
612 980 767 1060 rugientes
788 977 827 1065 ¹),
844 982 877 1039 ut
898 982 1041 1057 raperent
1057 976 1243 1038 innocentes.
1285 973 1318 1034 ln
1334 969 1436 1034 medio

241 1094 342 1153 autem
352 1089 473 1172 Egypti,
486 1090 593 1171 spiritu
606 1089 696 1154 mixto
708 1087 864 1170 vertiginis
875 1085 917 1173 2),
933 1087 964 1148 in
978 1086 1156 1149 oblivionem
1172 1084 1283 1147 veritas
1301 1087 1437 1151 venerat,

240 1197 340 1261 claves
356 1199 436 1261 Petri
465 1197 684 1281 quodammodo
712 1198 817 1280 lapsae
839 1197 960 1259 fuerant
976 1195 1007 1258 in
1029 1197 1251 1276 contemptum,
1279 1191 1437 1254 libertates

241 1305 371 1368 ecclesie
387 1311 636 1388 contorpuerant,
664 1302 1006 1387 furibunda‘tyrannide
1023 1302 1209 1366 conculcate.
1245 1300 1307 1365 Sed
1323 1298 1380 1363 Dei
1405 1303 1438 1361 et

239 1414 391 1477 bominum
407 1415 554 1478 mediator
570 1415 742 1486 altissimus,
767 1413 818 1496 qui
835 1413 865 1474 in
881 1412 926 1475 ira
942 1413 1097 1476 continere
1114 1408 1352 1473 misericordiam
1376 1428 1437 1471 non

240 1524 406 1596 consuevit,
429 1529 497 1606 post
513 1523 695 1605 multiplices
713 1524 776 1586 dire
793 1522 1020 1607 persecucionis
1038 1519 1207 1604 angustias,
1225 1518 1334 1603 quibus
1352 1516 1435 1579 orbis

239 1631 358 1695 attritus
381 1636 542 1704 emarcuit,
571 1632 680 1716 quibus
703 1632 867 1695 christiane
889 1631 1076 1714 compaginis
1100 1637 1147 1694 est
1168 1629 1267 1693 soluta
1283 1629 1435 1698 iunctura,

240 1739 372 1802 scissure
389 1740 554 1823 dispendiis
572 1741 697 1823 agitata,
710 1741 754 1803 sic
767 1741 948 1804 afflictorum
960 1738 1131 1802 miserande
1148 1738 1269 1801 miserie
1282 1736 1436 1808 misertus,

239 1850 298 1912 iam
314 1849 396 1913 visus
413 1856 461 1913 est
475 1847 605 1912 fidelium
621 1850 760 1911 lacrimas
778 1849 901 1912 dextera
918 1850 1057 1932 graciose
1075 1846 1296 1912 consolacionis
1314 1845 1437 1909 abster-

239 1976 324 2039 gere,
343 1963 373 2022 et
385 1958 640 2040 singultuosorum
655 1957 784 2020 lamenta
799 1956 940 2039 lugubria
956 1956 1109 2020 cohibere.
1133 1955 1290 2038 Disposuit
1306 1954 1385 2018 enim
1402 1954 1434 2015 in

239 2066 434 2148 apostolicam
449 2067 553 2130 sedem
570 2066 610 2151 β)
628 2066 721 2130 virum
740 2066 905 2130 secundum
923 2086 976 2129 cor
992 2085 1090 2137 suurn,
1114 2063 1204 2127 uelud
1221 2062 1434 2146 splendidissi-

240 2193 320 2238 mum
337 2175 433 2239 solare
450 2177 544 2248 sidus,
561 2175 763 2258 precelleucia
775 2175 904 2249 virtutis,
923 2175 1091 2239 sanctitatis
1108 2173 1250 2256 operibus
1268 2179 1298 2237 et
1314 2172 1436 2236 iusticie

239 2282 332 2347 radiis
359 2286 588 2369 prefulgentern.
633 2285 667 2348 ln
695 2291 799 2349 nostra
816 2285 855 2369 b)
882 2284 977 2348 eciam
995 2283 1034 2371 c)
1063 2283 1278 2348 sublimacione
1306 2280 1436 2345 mirabili

238 2390 379 2456 arbitrari
396 2393 522 2475 quilibet
537 2392 613 2456 lidus
631 2399 661 2456 et
678 2413 773 2478 equus
795 2395 944 2476 interpres
968 2399 1087 2476 potest,
1116 2392 1196 2477 quod
1225 2397 1300 2455 nutu
1322 2390 1436 2462 divino,

236 2500 348 2563 lunaris
375 2500 458 2584 globi
485 2502 596 2565 lumine
627 2509 782 2585 reparato,
815 2503 968 2586 fluctivagi
996 2501 1143 2566 hactenus
1170 2501 1290 2584 imperii
1322 2505 1433 2570 status,

235 2608 344 2671 nebula
366 2609 503 2674 nubilosa
527 2612 662 2683 detersa,
685 2612 846 2675 universali
871 2612 1095 2693 exspectacioni
1118 2610 1249 2674 lideliurn
1273 2610 1434 2692 utriusque

233 2717 386 2782 luminaris
407 2719 536 2784 iocunda
557 2721 704 2785 serenitas
727 2720 836 2784 amodo
860 2721 969 2785 clarius
994 2726 1025 2784 et
1047 2720 1248 2784 irradianoius
1271 2718 1432 2790 illucescit,

234 2831 267 2890 ut
282 2827 457 2892 restituatur
472 2829 650 2902 Jerusalem,
667 2829 747 2894 sicut
762 2831 862 2894 suerat
881 2832 912 2894 in
935 2829 1042 2894 diebus
1060 2829 1210 2913 antiquis,
1233 2825 1264 2892 et
1279 2833 1431 2912 ponantur

232 2935 328 3018 ipsius
346 2938 465 3001 deserta
482 2940 568 3021 quasi
585 2938 704 3009 delicie,
718 2944 748 3002 et
764 2938 935 3004 solitudinis
951 2937 1031 3003 invia
1048 2938 1127 3003 sicut
1143 2938 1250 3002 hortus
1270 2936 1310 3024 8).

324 3099 405 3154 Dtese
428 3101 578 3173 Einleituug
604 3102 699 3170 genart
724 3121 757 3156 zu
783 3103 831 3157 der
857 3102 925 3156 oben
950 3120 977 3173 p.
1003 3099 1066 3162 262,
1097 3117 1139 3155 no.
1166 3098 1201 3152 49
1227 3099 1423 3171 mitgetheilten

233 3188 346 3242 llormel.
360 3220 394 3229 -
408 3191 524 3247 Gerbert
539 3192 593 3255 l‚5
609 3207 662 3245 nar
675 3192 718 3257 dio
731 3209 781 3246 von
794 3192 953 3246 Franciscus
967 3191 1095 3264 Pippinus
1110 3191 1285 3261 mitgetbeilte
1299 3189 1430 3246 Urlrunde

232 3279 390 3341 unbekannt,
404 3297 433 3339 or
446 3281 539 3335 deutet
552 3282 593 3336 die
606 3282 711 3336 Formel
724 3282 808 3337 daber
821 3282 916 3336 falsob.

322 3389 516 3459 Erganzungeu
541 3408 588 3444 aus
614 3391 673 3445 dem
698 3390 795 3446 Chron.
822 3391 956 3445 Francisei
981 3388 1099 3462 Pippiui:
1125 3389 1252 3445 Muratori
1273 3389 1430 3460 Scriptores

232 3476 257 3536 9,
274 3477 337 3559 729.
362 3479 396 3549 α)
413 3480 568 3551 Rodnlpbus
589 3482 636 3535 Dei
654 3483 741 3553 gratia
760 3483 935 3536 Rornanorum
956 3498 1002 3536 rex
1015 3497 1122 3552 semper
1135 3486 1277 3553 augustus,
1297 3479 1429 3535 Vicarius

231 3570 299 3624 sacri
317 3570 426 3633 Romani
443 3569 553 3642 imperii.
579 3571 713 3626 llidelibus
732 3589 781 3644 per
800 3574 899 3627 ltaliam
918 3571 1086 3636 constitutis,
1109 3571 1142 3626 ad
1162 3588 1275 3644 quorum
1289 3571 1413 3625 noticiam

230 3665 386 3743 praesentes
411 3661 501 3715 lileras
526 3662 616 3715 venire
646 3663 822 3733 contingerit,
857 3662 970 3733 gratiam
1003 3680 1077 3718 suam
1103 3665 1130 3718 et
1154 3676 1236 3718 *omne
1262 3664 1366 3717 bouum.
1395 3690 1429 3700 -

230 3747 265 3821 β)
280 3750 447 3821 Gregorium.

321 3895 355 3964 a)
369 3896 438 3951 volui
452 3896 478 3948 Z.
494 3928 527 3937 -
541 3898 572 3968 b)
585 3903 674 3953 restra
686 3898 708 3952 V
721 3898 773 3950 und
787 3900 815 3952 Z.
843 3930 870 3940 -
887 3899 918 3970 r)
935 3901 1003 3955 euim
1017 3900 1044 3954 Z.

258 4187 282 4246 1)
299 4189 347 4232 Cir.
359 4187 431 4245 lsajae
443 4188 467 4241 ὅ,
479 4188 518 4233 29,
531 4190 570 4234 30.

253 4266 278 4327 ¹)
297 4269 367 4326 lsajae
381 4271 420 4325 19,
434 4271 470 4316 lt.

253 4349 276 4409 ³)
293 4349 366 4404 lsaJae
383 4351 421 4404 5¹,
439 4352 464 4396 3,
