3209 5392
852 802 915 872 29.

188 1027 192 1041 .
280 975 446 1057 lmpereter
470 975 613 1039 fratribus
636 977 750 1041 erdlnls
772 978 1011 1043 lerosollmltenl
1040 947 1201 1061 privilegle
1226 997 1280 1044 sm
1308 981 1465 1044 eonlrnat.

647 1134 726 1190 tatu.
739 1135 885 1191 December
898 1137 923 1189 b.
937 1136 1101 1208 Nurenberg.

279 1279 310 1333 K.
333 1279 438 1350 liudolf
458 1279 580 1352 bertdtipt
604 1281 664 1336 dem
686 1279 928 1337 Jobanniterorden
956 1264 1108 1338 olleceine
1130 1284 1343 1355 pepenwdrtipen
1365 1284 1424 1339 und
1441 1284 1466 1339 in

279 1369 576 1441 Zulrunftrecbtmdeeip
588 1370 812 1427 commendenden
818 1371 994 1445 Besitaunpen
1006 1375 1063 1429 und
1074 1373 1119 1429 die
1131 1391 1180 1430 oon
1191 1375 1284 1430 omnen
1302 1376 1466 1446 Vorpdnpem

675 1458 728 1516 alim
738 1460 893 1534 peaodrten
906 1462 1078 1536 Pmbilepo'en.

370 1605 495 1668 Gerberl,
508 1605 535 1668 f,
549 1605 591 1661 13.

368 1750 478 1815 Etside
489 1752 601 1836 regalis
613 1752 757 1836 procedat
767 1751 976 1818 benivolencia
988 1753 1139 1837 largitate,
1152 1753 1309 1817 universos
1321 1751 1467 1837 regularis

275 1860 471 1927 observancie
487 1863 676 1945 professores
692 1862 779 1926 solite
795 1864 992 1946 protectionis
1014 1869 1045 1926 et
1067 1863 1170 1946 gracie
1191 1863 1359 1947 patrocinio
1388 1881 1466 1926 com·

275 1971 401 2042 munire,
419 1972 610 2037 honorabiles
632 1975 733 2036 tamen
754 1972 863 2036 fratres
889 1972 1002 2036 ordinis
1024 1972 1182 2056 hospitalis
1204 1974 1301 2038 sancti
1323 1971 1468 2038 dohanuis

273 2081 526 2153 Jerusalemitani
544 2080 604 2166 qui,
621 2086 722 2164 spreta
739 2081 868 2145 seculari
881 2081 1001 2154 milicia,
1015 2086 1118 2146 contra
1131 2082 1279 2166 paganice
1291 2082 1467 2167 pestilencie

274 2190 394 2273 agmina
415 2190 618 2272 producentes
639 2190 788 2274 intrepide
811 2190 918 2254 vexilla
945 2190 1070 2254 victorie
1087 2191 1267 2263 Christiane,
1295 2211 1350 2256 sue
1374 2193 1467 2255 eciam

155 2297 362 2380 mnesigna
378 2299 488 2362 milicie
504 2298 693 2362 rubricantes
709 2299 904 2382 insanguine
928 2300 1051 2383 gloriosi
1074 2301 1199 2365 martirii
1221 2306 1365 2365 strennue
1383 2301 1467 2365 dimi·

274 2408 370 2471 candc
388 2428 456 2472 cum
472 2408 610 2472 barbaris
627 2408 814 2480 nacionibus,
830 2410 969 2491 preciose
985 2410 1073 2474 morti
1096 2430 1129 2474 se
1152 2411 1272 2475 tradere
1289 2431 1349 2475 non
1366 2411 1467 2475 formi-

273 2515 362 2589 dant,
391 2535 408 2579 a
431 2517 516 2598 regie
539 2516 725 2580 celsitudinis
747 2516 872 2580 brachio
894 2520 978 2580 tanto
1001 2519 1113 2582 debent
1133 2520 1283 2583 attencius
1305 2518 1466 2588 confoveri,

272 2631 415 2709 tantoque
428 2625 584 2689 sublimius
596 2624 747 2697 honorari,
761 2629 873 2710 quanto
885 2627 1055 2691 fervencius
1067 2648 1122 2711 pro
1131 2628 1307 2692 defensione
1319 2628 1467 2692 katholico

272 2733 343 2798 fidei
367 2739 531 2797 noscuntur
554 2733 585 2796 in
609 2734 716 2797 castris
741 2734 899 2798 dominicis
915 2735 1053 2799 militare.
1089 2737 1166 2820 Quia
1182 2739 1274 2820 igitur
1288 2738 1468 2821 prelibatum

273 2843 408 2906 ordinem
423 2843 548 2906 fratrum
563 2842 721 2926 hospitalis
737 2843 912 2926 supradicti,
930 2845 1014 2908 cuius
1031 2845 1133 2931 utique
1150 2846 1319 2910 sanctitatis
1336 2848 1420 2918 odor,
1437 2850 1467 2908 ut

273 2952 347 3015 odor
361 2952 427 3034 agri
441 2951 533 3034 pleni,
556 2952 604 3014 cui
627 2951 772 3015 Dominus
793 2951 957 3024 benedixit,
983 2953 1138 3018 suavitatis
1161 2955 1381 3019 oblectamento
1398 2976 1467 3041 pre-

273 3060 445 3125 cordialiter
460 3079 515 3122 ncs
530 3059 648 3131 refecit,
664 3061 856 3142 prerogativa
877 3061 989 3124 favoris
1011 3063 1219 3145 amplectimur
1241 3065 1413 3148 singularis,
1438 3071 1467 3128 et

273 3169 413 3254 quoniam
435 3170 516 3232 idern
532 3168 605 3231 ordo
624 3168 790 3232 dinuscitur
803 3169 906 3253 tytulis
923 3169 961 3233 ab
979 3171 1100 3256 antiquo
1117 3172 1224 3237 florere
1241 3175 1414 3258 conspicuis
1430 3195 1464 3238 ac

271 3279 418 3344 honorum
434 3283 465 3340 et
479 3262 650 3341 libertatum
666 3277 782 3341 eximiis
799 3278 919 3342 dotibus
935 3279 1089 3362 insigniri:
1115 3302 1169 3346 nos
1191 3282 1294 3347 intimo
1316 3284 1465 3348 desiderio

273 3390 440 3474 cupientes,
459 3387 538 3472 quod
555 3388 601 3450 sui
617 3387 725 3450 famosi
742 3387 871 3451 nominis
889 3394 1019 3472 nequeat
1036 3390 1204 3456 obnubilari
1226 3393 1386 3465 serenitas,
1412 3413 1465 3456 nec

273 3502 368 3561 status
390 3496 437 3560 sui
462 3495 647 3579 prosperitas
670 3495 821 3559 laceretur
841 3497 873 3558 in
895 3497 1011 3579 aliquo,
1041 3500 1088 3562 vel
1106 3480 1300 3584 dispendiose
1315 3507 1464 3586 tangatur,

275 3606 390 3670 devotis
412 3624 514 3668 eorum
540 3602 815 3686 supplicaciunibus
836 3604 989 3677 inclinati,
1017 3608 1145 3690 predicti
1169 3609 1281 3675 ordinis
1303 3610 1414 3676 fratres
1437 3615 1466 3673 at

274 3736 377 3780 omnes
403 3713 611 3801 possessiones
639 3733 743 3777 eurum
766 3718 797 3776 et
819 3714 913 3786 bona,
944 3734 1002 3799 que
1025 3718 1055 3780 in
1070 3720 1295 3801 presenciarum
1311 3722 1466 3805 possident

272 3825 375 3890 autin
397 3828 551 3908 posterum
567 3823 654 3886 iustis
676 3823 773 3887 modis
793 3824 1007 3907 possidebunt,
1037 3827 1075 3889 ad
1101 3828 1305 3892 imitacionem
1332 3829 1465 3893 divorum
1493 3900 1496 3905 ¹

272 3935 496 4018 imperatorum,
513 3933 763 4015 predecessorum
779 3938 960 4005 nostrorum,
983 3940 1014 3997 et
1033 3954 1142 4018 regum
1163 3937 1374 4012 Romanorum,
1397 3958 1466 4023 pre-

273 4044 353 4109 dicta
369 4042 538 4126 privilegia,
554 4046 642 4124 prout
658 4041 797 4125 superius
810 4045 884 4105 ‘sunt
896 4046 1048 4122 annotata,
1066 4048 1096 4106 et
1112 4045 1268 4111 universus
1287 4053 1317 4111 et
1332 4048 1466 4132 singulos
1592 4020 1593 4041 Χ

271 4153 413 4219 articulos
428 4173 510 4224 snus,
525 4170 628 4215 omnes
644 4150 768 4234 insuper
783 4152 977 4224 donaciones,
992 4153 1211 4237 indulgencias,
1227 4157 1358 4239 gracias,
1374 4158 1465 4222 liber-

271 4267 351 4327 tates
379 4266 409 4324 et
435 4261 499 4324 iura
520 4259 630 4343 prefati
651 4260 765 4323 ordinis
787 4260 932 4326 fratribus
954 4281 972 4325 a
996 4263 1132 4345 preclare
1154 4266 1297 4331 memorie
1313 4267 1465 4332 Friderico
1586 4301 1587 4304 ¹

274 4377 455 4461 imperatore
471 4375 585 4446 ultimo,
607 4373 825 4458 predecessore
848 4375 1021 4464 nostroe),
1039 4379 1109 4440 ante
1130 4376 1220 4441 latam
1241 4378 1273 4442 in
1289 4399 1357 4443 eum
1373 4379 1465 4461 depo·

277 4486 401 4551 sicionis
417 4483 613 4556 sentenciam,
630 4487 661 4546 et
676 4502 694 4546 a
711 4482 773 4547 suis
788 4484 1044 4558 antecessoribus,
1059 4487 1290 4572 imperatoribus
1303 4494 1333 4552 et
1344 4489 1465 4572 regibus

277 4597 489 4667 Romanorum,
505 4593 563 4658 rite
579 4612 616 4656 ac
630 4593 755 4676 provide
772 4592 882 4657 tradita
898 4599 929 4657 et
945 4615 1101 4668 concessa,
1118 4616 1154 4660 ac
1177 4597 1203 4660 si
1217 4598 1355 4680 predicta
1370 4595 1465 4661 omnia

367 4742 399 4810 a)
413 4739 485 4797 Frid.
499 4741 590 4796 ultimo
604 4740 772 4810 imperatore,
785 4742 893 4814 predec.
906 4748 1000 4799 nostm
1013 4744 1039 4798 Ζ.
