3209 5392
178 669 400 746 extorquentur.
434 664 497 727 Nos
526 669 644 737 autem,
673 664 724 746 qui
752 663 934 727 horrendam
962 660 1162 723 extorsionem
1193 660 1380 731 huiusmodi,

178 771 267 835 immo
282 772 542 853 conspiracionem
556 773 775 856 dampnabilem
788 773 995 841 abhorremus,
1005 770 1084 851 apud
1096 789 1200 852 regern
1213 770 1382 853 predictum

177 878 277 942 locum
293 880 381 942 venie
399 881 534 943 invenire
549 903 608 944 non
620 902 793 963 possumus,
807 881 862 943 sed
875 879 1069 962 presentibus
1083 879 1238 960 graviores
1255 878 1382 942 iniurias

178 1006 232 1069 pro
259 976 494 1050 conservacione
524 989 647 1050 iusticie
669 987 877 1069 prestolamur.
910 986 949 1049 Et
969 987 1041 1048 licet
1064 986 1275 1049 incumbencia
1296 984 1383 1048 nohis

180 1096 239 1157 ista
261 1097 412 1176 pericula,
443 1117 501 1178 que
525 1096 563 1159 ad
587 1097 815 1159 subversionem
833 1095 1032 1157 ecclesiarum
1050 1099 1219 1158 nostrarum
1237 1101 1268 1158 et
1283 1093 1380 1157 nostri

179 1206 331 1268 interitum
361 1206 550 1286 diriguntur,
579 1206 696 1268 timoris
724 1205 839 1287 pariter
867 1210 897 1268 et
921 1203 1033 1267 doloris
1063 1203 1264 1269 sufficientem
1292 1202 1379 1265 nohis

179 1314 335 1376 materiam
354 1314 601 1386 subministrent,
624 1316 734 1377 euhoe
750 1319 852 1378 tamen
868 1313 1028 1377 crueneius
1046 1313 1234 1386 cruciamur,
1261 1313 1341 1396 quod
1366 1333 1383 1375 a

175 1424 368 1505 promocione
386 1423 515 1487 subsidii
532 1428 613 1486 terre
637 1429 743 1487 sancte
760 1444 796 1486 ac
813 1423 1027 1505 predicacione
1045 1425 1144 1485 crucis
1170 1423 1326 1486 salutifere
1344 1442 1380 1484 ac

176 1531 395 1611 prosecucione
425 1531 521 1595 sancti
549 1532 686 1613 negocii,
715 1532 746 1593 in
774 1551 832 1613 quo
862 1536 959 1594 status
987 1528 1057 1592 fidei
1085 1530 1250 1593 christiane
1282 1529 1383 1610 agitur

177 1639 271 1701 omnis
289 1640 497 1711 communiter,
512 1645 653 1722 pretextu
671 1641 744 1702 dicti
762 1638 946 1701 discriminis
963 1638 1159 1719 prohibemur
1179 1638 1216 1726 1).

271 1748 406 1830 Aspiciat
427 1748 520 1831 igitur
542 1749 580 1812 ah
602 1750 758 1814 altitudine
782 1749 864 1812 sedis
887 1748 1053 1830 apostolice
1076 1752 1178 1811 vestra
1201 1748 1380 1820 clemencia,

179 1861 267 1936 pater
295 1863 416 1928 sancte,
446 1876 504 1940 que
528 1863 564 1939 a)
588 1857 803 1922 tribulaciones
827 1863 946 1920 nostras
969 1856 1115 1939 respiciat
1137 1856 1222 1919 etde
1239 1856 1378 1919 manibus

181 1963 351 2027 tribulantis
369 1967 478 2029 iniuste
495 1987 550 2029 nos
570 1972 656 2029 eruat
672 1967 841 2037 tribulatos
859 1966 1060 2048 digneturque
1083 1971 1184 2028 vestra
1206 1964 1381 2046 benignitas

184 2073 370 2136 serenissimi
395 2074 508 2137 domini
531 2076 627 2139 nostri
649 2076 773 2138 Romani
801 2075 884 2155 regis
907 2075 1078 2155 potenciam
1101 2073 1140 2135 ad
1161 2073 1384 2155 redempcionis

183 2188 286 2246 nostre
303 2183 471 2246 subsidium
489 2189 518 2247 et
545 2184 583 2247 ad
607 2185 654 2248 sui
676 2184 772 2267 ipsius
795 2185 933 2246 iniuriam
956 2174 1206 2265 propulsandam,
1224 2202 1299 2265 quas
1328 2203 1383 2245 nos

182 2312 236 2374 pro
264 2292 330 2373 ipso
353 2293 502 2374 patimur,
532 2293 675 2355 excitare.
709 2293 776 2357 Nisi
800 2294 879 2356 enim
907 2296 1044 2373 prompto
1072 2291 1159 2354 nobis
1189 2287 1384 2355 succurratur

184 2400 301 2472 auxilio,
320 2401 449 2464 ecclesie
466 2402 628 2474 nostre,·in
645 2401 810 2484 precipicio
826 2401 936 2481 posite,
955 2398 1175 2465 subvertentur.

760 2609 823 2677 12.

319 2787 458 2869 lrlneeps
474 2787 506 2850 11.
523 2804 614 2868 super
630 2787 888 2850 commendacione
905 2806 983 2868 pope
1003 2791 1032 2850 et
1048 2788 1252 2869 lmperatorls.

606 2945 686 3000 aaut.
700 2946 754 3001 uni
769 2945 813 3000 ro.
827 2946 957 3017 vauregr.

212 3089 363 3162 Eialeitonp
375 3108 408 3144 zu
421 3090 505 3145 einem
519 3089 668 3146 Schneiden
682 3093 712 3145 K.
727 3091 852 3162 liudolfo
864 3110 899 3145 aa
911 3090 956 3145 die
967 3089 1189 3163 Reiehopetrcuen
1203 3089 1231 3145 in
1245 3090 1351 3146 Idalien.

278 3235 392 3291 Gerbert
407 3237 432 3300 1,
445 3237 470 3290 5.

279 3382 409 3462 Superni
427 3386 467 3466 α)
484 3383 602 3446 consilii
624 3383 794 3464 sapiencia,
823 3403 880 3466 que
903 3388 1055 3447 secretum
1077 3384 1182 3468 utique
1200 3385 1257 3447 celi
1273 3402 1380 3466 gyrum

190 3489 252 3552 sola
276 3489 384 3554 circuit
393 3490 421 3577 ²)
440 3492 586 3564 increata,
608 3490 696 3573 primi
717 3491 851 3575 parentis
874 3492 906 3553 in
926 3497 1064 3572 posteros
1088 3492 1228 3556 senciens
1252 3491 1383 3554 derivari

190 3598 379 3670 discrimina,
408 3604 438 3662 et
460 3621 496 3661 ex
512 3599 559 3662 sui
576 3599 729 3680 plasmatis
748 3579 986 3672 exorbitacione,
1017 3600 1096 3684 quod
1118 3601 1286 3665 naturalem
1309 3621 1386 3685 quo-

190 3706 347 3769 dammodo
375 3728 507 3771 normam
534 3709 784 3791 transgressionis
819 3709 1024 3791 amplectitur,
1055 3710 1171 3774 irritata
1201 3710 1381 3793 plerumque

190 3816 312 3879 humani
328 3816 449 3897 generis
464 3817 577 3899 patitur
593 3816 827 3881 imbecillitatem
850 3837 930 3880 nunc
946 3824 1050 3901 peste,
1079 3838 1159 3881 nunc
1177 3818 1280 3890 clade,
1307 3836 1386 3881 nunc

282 3962 315 4020 a)
331 3961 376 4032 qui
389 3961 421 4015 V.

219 4142 243 4202 1)
260 4144 310 4189 Alie
321 4143 386 4188 disse
398 4144 544 4191 ‘l'batsaobon
556 4145 651 4190 werden
665 4146 690 4189 in
704 4146 756 4190 dem
767 4146 856 4201 opiter,
867 4157 945 4203 gagen
956 4147 1021 4192 Ende
1032 4146 1073 4191 des
1084 4146 1167 4191 Jabres
1179 4145 1242 4192 1276
1262 4144 1388 4206 geoobrie·

256 4225 330 4271 honen
342 4226 433 4280 Briafe,
450 4228 522 4271 unten
534 4227 598 4272 Seite
609 4227 656 4272 323
669 4240 711 4271 no.
728 4225 770 4281 30,
792 4226 933 4272 wiederbolt
945 4229 990 4272 und
1007 4241 1058 4272 uum
1075 4228 1139 4273 Theil
1156 4228 1274 4272 suchans
1291 4227 1387 4284 gleich-

257 4308 358 4366 zeitigen
382 4310 486 4354 nnnaten
507 4309 634 4353 beriohtet.
659 4308 727 4353 Cant.
751 4308 884 4353 vindobon.
904 4310 932 4352 ad
954 4322 974 4353 a.
995 4309 1102 4355 127111.
1121 4310 1204 4354 1183.
1223 4309 1247 4363 9,
1259 4308 1314 4353 7115.
1328 4311 1386 4353 Anu.

256 4389 341 4434 salisb.
353 4390 380 4433 ad
392 4405 412 4434 a.
426 4390 528 4435 127311).
545 4391 600 4435 801.
617 4391 735 4434 lohannes
748 4389 908 4443 historiando,
921 4391 1128 4434 BoebmerFontes
1140 4390 1162 4443 1,
1174 4390 1231 4435 3117.
1247 4388 1388 4447 Vargleiobe

258 4471 370 4532 subrigens
387 4473 449 4517 noch
460 4472 505 4516 den
517 4472 704 4529 merkwirrdigan
721 4473 788 4516 Bricl
801 4471 844 4516 des
860 4472 1012 4516 Erabloobols
1029 4471 1148 4516 Friedrich
1166 4484 1194 4514 an
1208 4473 1235 4515 11.
1249 4471 1338 4516 Rudoll
1347 4471 1388 4516 bei

258 4553 375 4598 Bodmnnn
386 4567 409 4610 p.
423 4553 462 4606 13,
481 4553 523 4597 dar
540 4552 570 4596 im
584 4554 675 4597 Winter
693 4550 798 4614 ttvtsts
809 4552 966 4611 gesohrieben
977 4553 1027 4598 sein
1039 4566 1110 4605 muse,
1127 4553 1171 4598 wia
1183 4554 1285 4610 Paluoby
1297 4554 1389 4598 Gesob.

257 4647 281 4678 v.
293 4635 394 4679 thmen
404 4636 429 4688 2,
444 4637 463 4679 1.
475 4634 532 4688 216,
544 4637 592 4679 not.
608 4634 638 4679 13
648 4636 750 4678 dartbut.

217 4732 242 4787 ²)
259 4734 341 4778 straet
351 4735 392 4787 24,
404 4737 426 4777 8.
