3209 5392
282 508 305 578 2

270 723 428 786 metricum
456 727 487 785 et
509 723 695 794 ritbmicum;
724 722 875 785 invenitur
897 721 988 785 ctiam
1007 720 1046 808 α)
1063 720 1379 803 prosaicometricum‚
1397 721 1480 805 quod

271 838 391 896 constat
418 852 454 894 ex
481 832 585 895 metris
615 837 645 894 et
666 851 776 913 prosa,
800 837 835 894 ut
858 830 1010 894 dictamen
1031 829 1128 895 Boetii
1143 831 1174 894 in
1190 830 1380 914 quibusdam.
1415 829 1480 894 Sed

273 941 414 1005 obmissis
430 940 496 1004 aliis
513 941 551 1004 de
569 942 632 1003 solo
649 936 789 1023 prosaico
807 940 971 1004 videamus.

360 1050 445 1115 Unde
477 1049 634 1112 sciendum
665 1049 745 1133 quod
778 1049 945 1121 dictamen,
972 1048 1117 1130 epistola,
1145 1047 1270 1121 bertha,
1299 1047 1336 1135 ὁ)
1363 1048 1476 1120 littere,

269 1165 413 1245 quantum
435 1160 474 1223 ad
496 1179 623 1241 presens
640 1158 834 1240 opusculum,
858 1179 949 1221 unum
965 1164 1036 1221 sunt
1051 1163 1083 1221 et
1099 1158 1276 1240 synonimis,
1300 1164 1332 1221 et
1347 1157 1476 1221 alterum

269 1289 324 1351 pro
346 1269 441 1331 altero
470 1266 677 1341 indifferenter
698 1268 828 1349 ponitur.
861 1267 996 1350 Epistola
1019 1266 1112 1348 igitur
1139 1273 1186 1330 est
1212 1265 1331 1329 libellus
1359 1265 1478 1328 absenti

268 1378 316 1442 uel
333 1377 509 1442 absentibus
527 1377 704 1441 destinatus.
735 1377 791 1439 Est
806 1382 908 1440 autem
921 1396 958 1439 ex
974 1377 1066 1439 certis
1084 1376 1184 1440 causis
1201 1376 1323 1439 inventa
1338 1374 1477 1456 epistola,

271 1492 421 1569 utsupra
444 1486 681 1549 demonstratum
711 1492 766 1548 est.
800 1485 906 1548 Partes
936 1485 1062 1567 epistole
1097 1484 1229 1568 quinque
1251 1489 1321 1548 sunt
1343 1483 1477 1555 scilicet,

268 1598 435 1672 salutatio,
451 1597 620 1661 exordium
636 1596 705 1677 aive
720 1595 940 1660 benevolentia
956 1594 1117 1681 captatio.
1140 1594 1298 1664 narratio,
1315 1593 1430 1679 petitio
1446 1599 1479 1655 et

257 1706 455 1791 conclusio.=
474 1704 519 1769 Ad
542 1703 695 1769 minimum
711 1702 751 1789 ο)
769 1702 807 1764 de
835 1702 893 1765 hiis
916 1703 1048 1786 quinque
1070 1701 1207 1785 partibus
1235 1701 1374 1784 ponendo
1404 1707 1475 1764 sunt

270 1813 328 1877 duc
357 1814 388 1875 in
416 1813 496 1875 omni
524 1813 667 1895 epistola:
693 1794 832 1876 salutatio
860 1831 928 1876 oum
951 1813 1139 1885 narratione,
1166 1813 1213 1875 vel
1240 1810 1379 1875 salutatio
1408 1829 1478 1874 cum

270 1918 414 2003 petitione
431 1920 482 2008 d).
499 1922 597 1989 Primo
615 1941 688 2003 ergo
706 1921 744 1984 de
761 1922 941 1985 salutatione
957 1922 1122 1987 videamus.

360 2030 522 2097 Salutatio
545 2036 592 2095 est
615 2031 720 2095 salutis
742 2030 863 2113 adoptio
885 2031 970 2112 largo
993 2038 1112 2114 sumpto
1129 2031 1293 2103 vocabulo,
1322 2030 1475 2114 quoniam,

267 2140 339 2207 licet
367 2139 506 2207 salutatio
535 2159 594 2202 non
622 2159 744 2223 semper
765 2140 893 2205 salutem
916 2141 947 2203 in
970 2162 1004 2204 se
1027 2141 1196 2212 contineat,
1221 2146 1255 2204 ut
1276 2140 1348 2204 dum
1370 2138 1478 2203 scribit

266 2248 404 2313 inimicus
432 2248 570 2320 inimico,
598 2255 699 2312 tamen
726 2250 866 2319 salutatio
896 2255 944 2312 est
972 2249 1102 2315 dicenda
1123 2249 1253 2332 quodam
1275 2249 1383 2322 modo,
1407 2249 1478 2315 dum
1596 2280 1597 2307 t

160 2432 168 2443 ·
268 2357 407 2421 inimicus
430 2356 592 2441 alloquitur
612 2356 775 2420 inimicum.
808 2357 980 2422 Notandum
1001 2364 1102 2423 autem
1118 2357 1200 2442 quod
1216 2359 1247 2423 in
1268 2358 1349 2422 omni
1364 2358 1478 2423 saluta·

270 2467 351 2547 done
379 2464 506 2531 verbum
534 2472 671 2538 tacetur,
698 2466 746 2529 vel
767 2472 894 2548 propter
914 2466 1037 2531 nimium
1056 2467 1401 2569 allectum‘scribentim
1429 2468 1478 2530 vel

267 2581 391 2658 propter
413 2576 628 2649 curialitatem,
655 2575 697 2640 ita
719 2580 821 2638 tamen
843 2581 876 2639 ut
892 2575 1013 2660 aliquod
1035 2576 1162 2641 istorum
1179 2578 1340 2642 uerborum
1355 2596 1478 2659 semper

266 2683 523 2766 subintelligatur:
553 2689 654 2766 optat,
688 2684 812 2759 mandat
841 2684 888 2747 vel
920 2685 1011 2747 mittit
1042 2692 1073 2748 et
1106 2691 1209 2750 cetera
1241 2687 1358 2749 similia,
1382 2725 1427 2736 -
1443 2686 1494 2749 ln·

266 2793 448 2859 salutatione
468 2794 527 2857 ista
550 2799 621 2856 sunt
642 2793 878 2856 consideranda:
910 2814 969 2877 que
997 2794 1037 2860 sit
1065 2815 1195 2876 persona
1223 2795 1386 2868 mittentis,
1416 2815 1476 2879 que

266 2902 457 2984 recipientis,
481 2902 620 2985 quoniam
643 2902 782 2967 salutatio
806 2920 866 2964 non
882 2900 1007 2965 debota
1024 2903 1084 2966 situ
1105 2904 1186 2985 vela
1203 2904 1349 2985 dignitate
1366 2925 1476 2987 perso-

266 3030 372 3075 narum
389 3011 575 3093 discrepare,
592 3011 648 3083 scd
665 3009 757 3093 debet
773 3009 898 3074 cuilibet
912 3030 1043 3092 persone
1060 3012 1192 3077 additam
1214 3012 1272 3075 sibi
1290 3014 1475 3077 convenien-

266 3121 340 3184 tiam
361 3140 429 3194 cum
453 3118 554 3185 debita
575 3118 792 3182 adiectivorum
815 3119 1005 3202 appositione
1028 3119 1203 3202 assignare3
1227 3127 1261 3185 ut
1277 3122 1303 3185 si
1322 3121 1477 3187 scribatur
1594 3150 1595 3191 ;

268 3230 387 3295 literato
405 3234 555 3312 ponantur
571 3228 720 3292 adiectiva
737 3228 775 3291 de
790 3228 964 3301 literatura,
989 3228 1080 3292 nobili
1098 3229 1134 3292 de
1151 3230 1306 3293 nobilitate
1321 3237 1352 3294 et
1368 3231 1413 3293 sic
1437 3231 1476 3293 de

1593 3264 1595 3321 l

267 3340 342 3405 aliis.
361 3338 586 3404 -Sciendum
609 3330 690 3422 quod
712 3358 822 3405 nomen
844 3358 975 3421 persone
999 3338 1174 3420 recipientis
1191 3339 1283 3403 debet
1299 3339 1370 3423 poni
1388 3340 1426 3423 e)
1442 3341 1474 3403 in

268 3448 367 3516 dativo
384 3467 475 3520 casu,
497 3466 607 3512 nomen
622 3446 767 3510 mittentis
789 3447 820 3509 in
837 3447 1017 3511 nominativo
1035 3466 1109 3510 casn
1132 3454 1163 3510 et
1178 3449 1209 3511 in
1224 3448 1314 3512 tertia
1330 3468 1471 3530 persona.

266 3596 311 3609 -
326 3558 360 3621 ln
387 3557 566 3621 salutatione
594 3577 654 3620 non
682 3555 794 3619 debent
821 3556 892 3638 poni
908 3556 1012 3628 verba,
1035 3575 1094 3639 que
1117 3557 1269 3638 pertinent
1290 3558 1329 3620 ad
1352 3558 1474 3622 laudem

266 3666 426 3738 mittentis,
470 3666 527 3731 sed
568 3665 668 3748 potius
711 3666 886 3746 recipientis
931 3685 1000 3729 cum
1039 3667 1187 3750 scriptum
1214 3666 1255 3737 sit
1279 3667 1324 3753 ¹):
1364 3688 1398 3730 os
1437 3676 1470 3732 te

264 3776 367 3839 undet
393 3776 524 3841 alienum
550 3796 610 3839 non
636 3781 729 3838 tunm.
746 3775 878 3839 -ltem
899 3775 930 3837 in
951 3776 1132 3841 salutatione
1154 3795 1276 3857 semper
1290 3776 1362 3858 poni
1378 3776 1475 3840 debet

266 3905 375 3948 nomen
405 3905 536 3968 persone
566 3891 628 3948 tam
658 3885 803 3948 mittentis
836 3903 926 3968 quam
957 3885 1131 3968 recipientis
1164 3885 1284 3969 quando
1316 3884 1473 3973 sciturf)
1593 3924 1594 3959 4

194 4081 196 4085 ¹
266 4013 437 4078 nomenque
464 3994 636 4077 dignitatis,
664 4013 773 4056 nomen
795 3992 904 4065 oflicii,
933 4000 967 4057 ut
987 3994 1066 4057 intra
1083 3995 1121 4058 de
1139 3994 1242 4059 formis
1259 3994 1473 4059 salutationum

356 4158 391 4224 a)
405 4159 494 4211 autern
505 4159 550 4211 for
562 4156 641 4210 ettam
655 4155 684 4208 V.
698 4183 733 4195 —-
747 4155 779 4225 d)
794 4157 888 4210 lrartbe
903 4155 931 4210 V.
944 4184 978 4195 -
990 4157 1023 4225 c)
1035 4156 1120 4213 minue
1133 4158 1163 4212 V.
1177 4187 1213 4197 -
1225 4158 1262 4228 d)
1275 4156 1423 4213 Distinctio
1437 4158 1471 4213 ll.

266 4250 297 4306 V.
311 4248 366 4304 und
378 4249 407 4302 Z.
423 4281 453 4292 -
468 4248 500 4315 e)
516 4267 544 4321 p·
555 4247 625 4303 fehlt
637 4248 667 4305 V.
682 4278 713 4287 -
726 4248 759 4319 f)
773 4254 828 4302 um
838 4278 866 4287 —
875 4264 1023 4320 nomenque
1043 4248 1111 4303 fehlt
1131 4248 1162 4303 V.

273 4407 600 4420 m

329 4508 421 4565 plenam
434 4505 570 4551 memoriam
581 4504 617 4550 bis
628 4505 777 4551 humanitatis
788 4502 862 4550 findet
877 4505 929 4551 sich
941 4505 1084 4551 winderholt
1099 4507 1133 4550 als
1145 4505 1272 4551 Exordium
1292 4505 1317 4572 ia
1329 4504 1469 4560 Urkunden,

329 4605 351 4636 e.
369 4593 394 4635 B.
412 4590 436 4635 in
454 4589 528 4633 denen
547 4588 589 4632 des
605 4587 714 4632 Klosters
732 4588 882 4632 Waltenried
917 4601 971 4632 vom
994 4586 1034 4632 29.
1053 4587 1113 4632 Nou.
1137 4586 1471 4635 tasc.1trkondentncnder

330 4673 387 4717 bist.
406 4670 519 4716 Vereines
535 4670 575 4714 mr
590 4668 785 4716 Niedersacbsen.
805 4668 860 4715 dea
870 4670 900 4725 ll,
918 4670 942 4716 S.
955 4668 1003 4716 288
1015 4671 1061 4714 nod
1071 4667 1120 4715 265
1131 4667 1155 4714 ll.

288 4756 313 4814 1)
331 4754 449 4801 Proverb.
463 4753 508 4811 Sal.
523 4752 564 4808 27,
574 4752 598 4798 2.
