3209 5392
276 521 326 591 db

275 714 349 778 quas
366 694 468 757 literas
485 694 577 757 babet
592 693 622 755 in
638 692 746 776 quibus
759 692 948 755 contineatur
957 710 1120 774 processus
1133 700 1163 754 et
1174 691 1240 755 finis
1253 694 1312 759 litis
1320 695 1358 780 a)
1370 696 1452 768 illius,

272 813 344 869 tunc
366 824 425 866 non
449 810 495 866 est
513 822 639 865 necesse
655 803 736 886 quod
764 803 914 865 inseratur
934 801 1168 864 testamentode
1196 802 1247 865 lite
1270 803 1377 887 sopita,
1402 807 1454 868 sed

273 913 362 976 dicit:
383 911 527 986 „Domum
541 912 633 975 talem
648 913 717 994 lego
733 911 798 976 iure
815 911 986 975 testamenti
993 912 1028 974 H.
1041 910 1100 974 tilio
1113 932 1180 975 meo
1192 911 1286 975 libere
1301 915 1454 996 possideo-

272 1024 350 1094 dam.
366 1042 423 1105 que
441 1022 545 1086 domus
558 1021 629 1085 licet
644 1022 674 1084 in
690 1023 741 1085 lite
755 1022 855 1095 fuerit,
871 1028 982 1091 tamem
1004 1020 1057 1082 lite
1074 1020 1172 1102 sopita
1197 1020 1353 1106 literisque
1369 1044 1454 1105 super

270 1131 328 1195 boc
345 1131 503 1202 conlectis,
519 1130 550 1192 in
565 1150 662 1193 meam
677 1131 838 1212 plenariter
853 1131 944 1193 rediit
958 1135 1147 1211 potestatem.
1155 1129 1194 1193 Et
1210 1131 1278 1214 quia
1293 1131 1358 1213 ipse
1373 1130 1453 1194 litere

271 1259 441 1321 expressam
463 1239 645 1303 mentionem
674 1240 789 1303 faciunt
816 1239 854 1302 de
881 1240 933 1303 lite
962 1245 1050 1321 cepta
1077 1244 1108 1301 et
1133 1238 1227 1311 linita,
1255 1241 1337 1322 ipsas
1357 1239 1455 1302 literas

269 1354 362 1411 totum
376 1367 552 1430 processum
569 1348 756 1412 continentes
771 1348 802 1411 in
817 1369 922 1411 manos
935 1348 1068 1411 eiusdem
1083 1347 1135 1410 tilii
1147 1348 1205 1411 mei
1221 1369 1279 1413 una
1292 1369 1359 1411 cum
1373 1349 1454 1411 domo

270 1458 328 1520 sibi
339 1458 438 1538 legata
451 1458 560 1521 tradidi
575 1458 812 1540 possidendas“;
829 1478 938 1523 nonum
951 1462 1007 1529 est,
1019 1464 1052 1521 ut
1064 1458 1226 1539 semperde
1239 1456 1341 1521 ultima
1357 1456 1466 1521 volun?

268 1574 331 1630 tate
344 1567 395 1630 fiat
408 1567 518 1630 mentio
530 1567 562 1630 in
574 1573 770 1638 testamento;
787 1567 935 1629 decimum
948 1572 1005 1638 est,
1017 1572 1050 1630 ut
1061 1568 1180 1629 nomina
1192 1566 1313 1630 testium
1325 1565 1457 1628 subscri·

266 1675 383 1748 bantur,
400 1676 538 1740 sedante
555 1697 663 1739 nomen
678 1676 756 1738 illius
772 1676 902 1758 ponitur,
920 1676 970 1759 qui
987 1677 1084 1759 ipsum
1099 1680 1309 1740 testamentum
1333 1675 1452 1756 sigillat,

269 1783 295 1845 si
308 1785 385 1847 lorte
397 1790 524 1869 testator
535 1807 595 1849 nou
606 1786 717 1850 habeat
729 1786 881 1867 proprium
894 1785 1039 1868 sigillum;
1057 1792 1087 1850 et
1097 1792 1202 1869 postea
1214 1784 1351 1868 sequitur
1366 1803 1456 1848 annus

268 1899 300 1955 et
315 1893 391 1965 dics,
409 1901 621 1957 concurrentes
638 1901 669 1958 et
684 1901 790 1977 epacte
809 1901 839 1958 ct
857 1894 990 1958 indictio.
1009 1895 1071 1958 Sed
1087 1893 1266 1957 indictiones
1284 1898 1314 1955 et
1331 1912 1458 1956 concur-

267 2009 369 2065 rentes
392 2010 422 2065 et
445 2009 550 2085 epacte
572 2024 641 2066 raro
664 2004 850 2074 scribuntur,
875 2004 932 2065 nisi
953 2004 984 2065 in
1005 2004 1121 2085 magnis
1143 2002 1342 2067 testamentis.
1368 2000 1456 2065 Subi-

269 2111 382 2175 ciamus
398 2112 486 2175 modo
503 2113 684 2194 exemplum:

259 2267 264 2278 .
356 2219 500 2300 Quoniam
523 2242 569 2291 ea,
593 2239 651 2303 que
677 2220 872 2284 inhumanis
900 2221 973 2284 liunt
999 2221 1100 2294 rebus,
1127 2221 1176 2283 rel
1200 2220 1283 2301 longi
1311 2219 1455 2283 decursus

265 2329 409 2410 temporis
441 2328 519 2416 ab]
550 2327 693 2392 memoria
724 2328 872 2410 abstergit
902 2330 1069 2400 bominum,
1108 2329 1154 2390 vel
1192 2328 1456 2409 calumpniatorum

264 2437 438 2518 plerumque
456 2435 634 2499 conturbant
649 2437 768 2508 insidie,
797 2437 1001 2500 necessarium
1017 2445 1074 2509 est,
1091 2443 1123 2500 ut
1139 2436 1259 2518 scriptis
1282 2442 1312 2499 et
1328 2436 1455 2499 testibus
1581 2442 1584 2451 '

264 2545 463 2609 inviolabilem
501 2545 652 2626 accipiant
685 2545 855 2608 firmitatem
878 2546 924 2631 c).
972 2547 1076 2629 ltaque
1105 2553 1204 2610 notum
1237 2547 1277 2609 sit
1308 2545 1457 2609 universis

264 2653 375 2717 Christi
390 2653 527 2717 fidelibus
544 2660 701 2735 presentes
722 2655 824 2718 literas
841 2655 1032 2738 inspecturis,
1050 2656 1129 2738 quod
1147 2675 1203 2737 ego
1225 2655 1262 2718 N.
1280 2654 1366 2735 miles
1383 2653 1458 2718 civi·

265 2763 337 2826 tatis
358 2762 534 2830 Winnensis
556 2764 661 2826 horam
682 2764 874 2845 migraeioois
902 2765 994 2841 miehi
1021 2765 1175 2828 imminere
1202 2764 1307 2827 videns
1335 2786 1373 2828 ex
1400 2765 1478 2829 hac·

264 2872 342 2942 vita,
366 2878 467 2953 utpote
490 2871 679 2935 intollerabili
697 2871 866 2954 egritudine
888 2864 1047 2954 gravatus,
1071 2874 1108 2936 de
1129 2874 1219 2937 rebus
1235 2874 1327 2939 michi
1351 2896 1370 2938 a
1393 2876 1456 2938 Deo

265 2979 342 3042 datis
369 2981 535 3062 legitimum
563 2985 773 3043 testamentum
799 2982 901 3044 iacere
930 2981 1020 3045 statui
1049 2987 1080 3046 et
1102 2983 1214 3046 lactum
1234 2984 1399 3065 pronuncio
1427 2983 1457 3045 iu

263 3089 341 3151 banc
368 3089 503 3152 sormam.
535 3089 601 3171 Ego
618 3089 655 3153 N.
674 3089 713 3175 d)
741 3090 816 3153 ciris
832 3089 1009 3155 Winnensis
1025 3097 1087 3154 tarn
1108 3097 1179 3154 natu
1202 3111 1291 3174 quam
1306 3091 1456 3156 voluntate

265 3195 353 3268 liber,
366 3196 455 3260 etatis
468 3198 560 3259 etiam
571 3197 717 3279 legittime
727 3198 766 3260 ad
773 3199 953 3269 testandum,
967 3218 1040 3280 eger
1053 3199 1172 3282 quidem
1179 3219 1304 3281 corpore
1316 3200 1373 3262 sed
1385 3220 1457 3263 sana

262 3310 372 3376 mente,
384 3306 448 3368 sine
461 3305 539 3369 omni
552 3307 640 3370 alieni
652 3314 737 3370 actus
756 3306 853 3370 illiciti
862 3308 899 3391 e)
907 3307 1213 3390 interposicione,sed
1225 3329 1285 3372 uno
1294 3308 1456 3394 debitoque

264 3418 419 3484 contextu,
447 3414 485 3476 de
506 3414 598 3477 rebus
619 3415 694 3477 meis
717 3435 792 3497 quas
809 3420 887 3478 iuste
903 3416 1025 3497 possedi
1041 3423 1072 3480 et
1093 3416 1250 3499 possideo,
1277 3417 1457 3499 legittimum

262 3525 472 3583 testamentum
487 3527 556 3603 post
571 3528 696 3585 mortem
711 3542 808 3587 meam
825 3522 943 3585 omnino
967 3530 998 3586 et
1019 3524 1056 3587 ab
1078 3525 1213 3587 omnibus
1237 3524 1462 3593 obseruandum.

262 3629 379 3691 taciens
395 3629 493 3712 ipsum
515 3644 583 3692 'esse
599 3629 701 3693 ultime
716 3631 878 3695 voluntatis
894 3652 960 3693 mee
977 3630 1103 3696 veritate
1117 3631 1301 3715 presentium
1316 3632 1457 3715 profiteor

205 3800 215 3815 ,
262 3721 292 3800 et
307 3743 471 3819 protestor.
503 3739 536 3801 lu
552 3738 656 3819 primis
672 3740 765 3821 igitur
787 3740 905 3811 ordino,
929 3746 963 3803 ut
978 3740 1102 3821 triginta
1117 3740 1258 3804 librarum
1285 3742 1332 3803 rel
1360 3743 1456 3806 talen·

261 3854 358 3914 torum
375 3850 509 3914 redditus
524 3850 556 3912 in
571 3850 623 3914 tali
638 3850 723 3922 loco,
747 3871 822 3933 quos
838 3850 1030 3934 proprietatis
1052 3852 1130 3914 iuste
1145 3851 1268 3934 possedi
1283 3854 1395 3934 tytulo,
1418 3853 1455 3917 ad

262 3958 401 4022 dilectam
417 3959 578 4040 coniugem
593 3979 689 4022 meam
701 3960 745 4022 Al.
757 3959 902 4023 advitam
918 3960 1069 4024 dumtaxat
1091 3980 1175 4024 suam
1191 3960 1389 4025 devolvantur
1403 3961 1455 4046 f),

189 4095 198 4116 x
260 4069 301 4130 ita
317 4073 350 4131 ut
364 4073 433 4150 post
448 4073 574 4131 mortem
589 4068 655 4131 eius
673 4067 710 4131 ad
726 4067 836 4131 liberos
853 4089 947 4140 mens,
965 4067 1041 4130 lilios
1057 4068 1199 4132 videlicet
1215 4076 1245 4132 et
1261 4068 1348 4141 filias,
1364 4069 1466 4139 iidem,

260 4174 394 4239 redditus
421 4179 618 4247 revertantur,
643 4176 733 4239 salvis
748 4197 869 4258 semper
890 4176 948 4238 illis
964 4176 1130 4239 redditibus
1155 4177 1224 4253 sihi,
1247 4198 1321 4262 quos
1352 4200 1387 4241 ex
1408 4199 1454 4241 me

260 4293 324 4353 iure
347 4283 488 4346 dotalicio
510 4283 645 4347 noscitur
665 4284 850 4365 possedisse.
897 4284 1013 4375 Deinde
1044 4285 1147 4348 ordino
1172 4292 1202 4349 et
1223 4287 1261 4349 do
1281 4288 1322 4372 a)
1344 4289 1454 4370 primo-

260 4392 361 4473 genito
374 4410 451 4463 meo,
463 4389 535 4454 licet
545 4391 743 4473 emancipato,
760 4393 786 4455 X
800 4393 979 4456 talentorum
990 4393 1125 4457 redditus
1143 4393 1174 4457 in
1190 4394 1241 4457 tali
1257 4396 1334 4467 loco,
1350 4397 1401 4480 qui
1417 4395 1455 4458 ad

350 4627 383 4695 a)
404 4626 471 4679 locis
485 4625 514 4678 V.
537 4628 612 4697 ——d)
634 4646 648 4680 e
669 4628 698 4681 Z.
721 4659 750 4670 -
765 4630 795 4699 e)
816 4629 1007 4684 firmamentum
1025 4632 1052 4685 Z.
1077 4663 1103 4673 -
1117 4632 1151 4702 d)
1185 4633 1260 4709 miles
1280 4640 1308 4686 et
1327 4635 1354 4685 Z.
1373 4663 1408 4673 —
1421 4633 1452 4701 e)

259 4717 351 4770 illicita
369 4716 442 4769 Z.-
452 4715 484 4787 f)
500 4716 660 4770 devolvatur
674 4719 704 4773 V.
727 4749 755 4758 -
770 4719 806 4788 g)
827 4717 875 4771 Ch.
896 4721 923 4772 Z.

1581 2618 1586 2805 Ι
