3209 5392
1301 529 1378 600 203

184 697 322 769 indiciis,
339 699 378 761 ad
394 718 428 760 se
444 704 476 761 et
489 704 593 762 eontra
611 719 644 761 se
660 701 823 763 Romanam
838 700 1001 763 eeclesiam
1025 701 1131 766 merito
1148 700 1378 783 provocandam.
1475 697 1483 710 '

186 806 378 888 Quapropter
410 825 478 868 cum
510 805 610 869 officio
638 812 741 871 nostre
773 808 928 871 servitutis
960 809 1130 880 incumbat,
1162 807 1317 871 fraudibus
1350 813 1381 871 et

185 912 314 976 maliciis
343 931 505 975 occurrere
533 932 742 995 perversorum
771 935 827 987 ne,
859 916 938 997 quod
969 915 1064 987 absit,
1096 915 1236 997 neglecta
1262 914 1381 978 valeant

185 1018 326 1082 incendia
344 1018 385 1103 a)
401 1019 481 1080 vires
496 1039 661 1092 rosumere,
686 1040 743 1103 que
760 1022 792 1083 in
808 1021 883 1102 ipsis
899 1021 1057 1085 iniciorum
1073 1041 1195 1084 suorum
1209 1019 1380 1103 primordiis

186 1126 294 1189 melius
322 1127 528 1206 extinguntur:
562 1147 617 1190 nos
643 1127 675 1190 in
698 1148 803 1191 omnes
826 1135 857 1190 et
884 1129 1018 1209 singulos
1041 1131 1246 1211 cuiuscunque
1273 1127 1382 1191 condi·

188 1233 288 1296 cionis
305 1237 336 1295 et
352 1237 448 1294 status
464 1233 606 1305 existant,
622 1235 828 1319 cuiuscunque
845 1236 907 1298 sint
922 1236 1045 1318 gradus,
1063 1235 1177 1304 ordinis
1200 1235 1264 1297 sive
1281 1253 1381 1306 senus,

187 1342 238 1427 qui
265 1357 322 1423 per
353 1345 498 1403 tractatus
527 1340 567 1427 h)
593 1341 731 1424 publicos
758 1344 806 1405 vel
835 1343 970 1406 occultos
999 1364 1054 1406 seu
1081 1361 1277 1425 quoscunque
1305 1341 1380 1405 alios

186 1446 293 1511 modos
321 1445 527 1528 procurabunt
548 1446 620 1511 dicti
649 1448 834 1512 Chunradini
861 1449 1087 1531 promocionem
1103 1447 1134 1510 in
1149 1467 1255 1530 regem
1271 1449 1381 1511 Roma-

186 1574 294 1618 norum
311 1559 341 1616 et
357 1553 518 1626 idumaea,
541 1554 592 1637 qui
608 1555 693 1619 adid
709 1556 929 1638 procurandum
945 1557 1152 1628 convenerint,
1175 1554 1381 1618 excommuni-

187 1661 323 1724 cacionis
345 1660 532 1723 sentenciam
552 1662 775 1743 promulgamus
799 1668 830 1726 et
851 1663 1051 1726 anathematis
1075 1682 1127 1725 eos
1150 1661 1278 1725 vinculis
1293 1661 1382 1723 inno·

188 1768 316 1837 dantes,
342 1772 440 1829 terras
457 1786 560 1829 eorum
576 1768 788 1832 ecclesiastico
806 1769 970 1832 subicimus
987 1769 1157 1833 interdicto.
1191 1770 1225 1832 Si
1242 1769 1292 1851 qui
1308 1787 1380 1830 vero

188 1874 228 1938 ad
244 1874 339 1956 ipsius
357 1873 536 1938 electionem
556 1883 790 1957 processerunt,
818 1878 844 1939 si
866 1877 1019 1959 principes
1035 1876 1147 1938 suerint
1163 1875 1315 1938 seculares
1332 1874 1381 1959 c),

188 1983 272 2065 ipsos
297 1987 327 2044 et
353 1981 484 2044 heredes
502 2002 604 2045 eorum
631 1989 779 2065 perpetuo
796 1984 933 2047 omnibus
960 1984 1058 2046 feodis
1077 1988 1108 2046 et
1123 1982 1304 2052 honoribus,
1322 1999 1381 2062 que

188 2089 228 2151 ab
251 2088 390 2151 ecclesiis
419 2094 450 2151 et
475 2083 614 2171 personis
642 2089 861 2153 ecelesiasticis
889 2089 1042 2161 obtinent,
1071 2094 1102 2152 et
1127 2095 1188 2153 tam
1217 2109 1270 2150 eos
1292 2106 1382 2169 quam

186 2197 395 2280 posteritatem
412 2217 515 2260 eorum
530 2218 627 2280 usque
640 2199 678 2261 ad
691 2204 826 2282 quartam
838 2199 1081 2280 generacionem,
1104 2198 1186 2260 iure
1209 2194 1381 2276 eligendi

187 2306 442 2368 Romanorum
468 2323 596 2385 regem
619 2306 851 2369 auctoritate
873 2305 1068 2386 privamus
1091 2302 1327 2385 apostolica,
1351 2307 1382 2364 et

187 2413 314 2493 insuper
330 2410 494 2474 eorundem
509 2409 599 2480 filios,
620 2411 647 2473 si
670 2412 774 2475 clerici
789 2412 912 2484 suerint,
934 2431 1028 2494 usque
1045 2411 1084 2472 ad
1099 2415 1237 2493 quartam
1252 2427 1382 2490 genera-

190 2520 310 2583 cionem
341 2518 495 2581 reddimus
527 2538 650 2600 prorsus
682 2518 830 2581 inhabiles
861 2518 899 2582 ad
917 2519 1079 2600 dignitates
1112 2522 1142 2580 ct
1173 2515 1382 2579 ecelesiastica

192 2625 343 2691 beneficia
359 2625 538 2697 obtinenda,
570 2626 683 2688 sivero
716 2627 912 2691 electores
943 2625 1114 2689 huiusmodi
1136 2624 1243 2707 prelati
1259 2623 1381 2695 fuerint,

189 2732 257 2814 ipso
286 2732 368 2795 sacto
397 2730 527 2812 depositi
554 2750 590 2793 ac
618 2731 721 2795 nudati
749 2732 830 2794 omni
857 2736 998 2795 maneant
1025 2731 1188 2813 dignitate,
1220 2751 1274 2793 seu
1303 2727 1382 2791 omni

190 2839 401 2902 ecclesiastico
416 2836 565 2900 beneficio
582 2837 647 2900 sine
663 2857 717 2919 spe
729 2838 1001 2932 restitucionis‘aut
1014 2838 1117 2920 gracie
1134 2838 1233 2920 aliquo
1246 2843 1381 2917 tempore

191 2945 355 3011 obtinende
372 2943 419 3030 δ).
451 2944 540 3007 Licet
555 2949 654 3008 autem
671 2945 708 3007 dc
730 2949 781 3007 tue
798 2946 972 3008 devocionis
990 2950 1021 3008 et
1036 2945 1106 3007 fidei
1121 2944 1251 3026 puritate
1267 2941 1382 3005 firmam

190 3072 334 3135 geramus
349 3050 507 3120 fiduciam,
535 3052 614 3133 quod
630 3051 661 3114 in
676 3051 735 3114 hiis
753 3057 784 3114 et
799 3052 866 3114 aliis
882 3052 1003 3134 proprie
1020 3052 1180 3134 provideas
1197 3049 1285 3111 saluti
1304 3052 1335 3111 et
1349 3052 1381 3110 te

191 3160 304 3224 nostris
319 3158 519 3240 beneplacitis
546 3160 669 3223 studeas
696 3166 858 3242 coaptare,
884 3160 955 3242 quia
982 3165 1083 3223 tamen
1098 3160 1200 3221 calcar
1215 3155 1381 3219 adhibitum

192 3287 302 3350 equum
334 3266 497 3330 admissum
524 3267 621 3348 magis
666 3268 776 3331 excitat
804 3287 893 3350 quam
925 3268 1080 3331 molestat:
1123 3263 1304 3329 fraternitati
1330 3268 1382 3326 tue

190 3396 248 3459 per
278 3375 444 3456 apostolica
481 3373 594 3455 scripta
638 3380 668 3436 et
703 3375 734 3435 in
771 3374 890 3438 vinculo
922 3375 1099 3439 obediencie
1130 3373 1253 3436 firmiter
1282 3371 1383 3453 preci-

190 3483 301 3566 piendo
331 3481 524 3551 mandamus,
555 3487 702 3564 quatenus
729 3501 747 3543 a
774 3482 920 3564 predictis
950 3482 1066 3566 laqueis
1095 3487 1126 3543 et
1152 3480 1294 3563 periculis
1322 3499 1382 3542 non

191 3591 289 3653 solum
305 3587 360 3651 tibi
389 3607 517 3657 caveas,
544 3587 599 3650 sed
628 3593 658 3650 et
674 3588 766 3658 alios,
793 3610 832 3651 ne
848 3590 879 3652 in
905 3588 1076 3652 huiusmodi
1103 3590 1219 3670 possint
1234 3586 1381 3655 incidere,

190 3697 303 3759 reddas
320 3694 447 3759 sollicite
464 3695 620 3757 caucicres
637 3700 669 3758 et
689 3696 745 3758 has
767 3702 886 3759 nostras
903 3696 1074 3759 sentencias
1090 3701 1244 3777 totumque
1260 3692 1381 3774 predic-

189 3811 254 3868 tum
289 3809 424 3866 tenorem
451 3802 483 3865 in
509 3802 569 3865 tuis
603 3802 774 3866 civitatibus
808 3803 948 3884 dyocesis
972 3808 1003 3865 et
1026 3802 1188 3884 provinciis
1216 3805 1380 3864 convocato

188 3913 272 3974 clero
296 3916 326 3972 et
341 3909 451 3992 populo
467 3909 562 3971 iacias
579 3908 704 3990 singulis
719 3910 873 3973 mensibus
889 3909 1035 3992 publicari
1053 3909 1094 3995 ε).
1389 3932 1496 3973 sensu.

281 4036 473 4105 Erganzungeu
492 4050 540 4088 aus
558 4031 693 4087 S'channat
710 4033 861 4087 Vindemiae
880 4051 907 4103 p.
926 4032 1072 4087 zor-²09
1091 4032 1215 4087 Clemens
1236 4032 1379 4103 episcopus

191 4143 213 4179 s.
228 4143 251 4178 s.
264 4126 296 4177 l).
314 4122 392 4177 fratri
412 4122 615 4192 archiepiscopo
638 4123 791 4190 Mogontino
811 4124 921 4178 salutem
940 4129 968 4176 et
986 4141 1027 4193 ap.
1042 4123 1135 4177 bened.
1153 4154 1189 4163 —
1207 4123 1241 4190 α)
1259 4124 1295 4175 llr
1314 4123 1380 4175 habe

190 4214 250 4267 sich
263 4212 313 4265 der
334 4211 486 4265 Wohlsabrt
499 4211 654 4266 Conradin’s
677 4212 802 4282 geircut,
825 4215 890 4265 aber
916 4213 1003 4266 dieser
1025 4216 1095 4265 treta
1118 4211 1143 4264 in
1164 4211 1206 4264 die
1220 4212 1380 4279 Fusstapien

189 4306 278 4359 seines
292 4304 483 4360 Grossvaters.
502 4301 571 4355 ohne
584 4320 616 4354 zu
631 4302 782 4363 bedcnhcn,
804 4302 865 4357 dass
878 4302 928 4356 wic
941 4303 1010 4356 eiust
1023 4304 1153 4356 lnnocenu
1166 4301 1227 4355 dem
1240 4300 1381 4353 Friedrich

191 4393 301 4447 Sicilire
321 4392 372 4444 und
392 4391 440 4444 das
459 4390 638 4451 Kaiserthum,
661 4407 691 4445 so
713 4392 821 4445 erdem
843 4391 976 4446 Conradin
996 4390 1044 4445 das
1057 4392 1218 4461 Kdnigreich
1232 4389 1381 4446 Jerusalem

192 4483 246 4536 und
273 4483 346 4535 seiae
371 4482 473 4535 Rechts
498 4480 551 4533 und
578 4480 697 4534 Wrirden
722 4482 834 4534 nahmen
861 4483 965 4535 honus:
992 4482 1067 4536 cuius
1094 4480 1320 4551 congauderemus
1348 4511 1378 4521 -

283 4625 317 4691 a)
330 4622 451 4677 incendia
466 4638 507 4676 am
519 4623 619 4677 Raude.
637 4652 667 4662 -
681 4624 715 4691 d)
730 4623 874 4693 praetactis
892 4624 1006 4693 publicis
1031 4624 1073 4677 vel
1088 4624 1200 4678 occultis
1220 4623 1381 4692 corrumpirt

191 4715 234 4770 bei
249 4715 393 4770 Schaunat.
409 4743 441 4752 —-
456 4714 487 4782 c)
501 4730 572 4768 saec.
585 4712 653 4767 fehlt
666 4712 779 4767 Schann.
