3209 5392
795 674 857 744 dn.

572 852 767 916 homanorum
784 869 836 918 rex
854 849 1066 913 cardinalibus.

740 1008 814 1062 Euda
830 1008 909 1061 iant.

226 1159 312 1228 Konip
337 1149 443 1226 liudolf
463 1154 608 1208 beeedwcrt
636 1151 694 1206 airh
726 1151 770 1206 dei
798 1153 857 1204 dem
882 1152 1010 1221 Mapister
1034 1150 1161 1204 Bermcrd
1189 1168 1238 1203 een
1265 1150 1413 1214 Cuateneto,

345 1246 493 1301 meldens
507 1241 625 1311 Bisclros
633 1259 682 1295 oon
696 1241 765 1306 Albi,
780 1243 846 1294 dass
858 1241 916 1294 aaa
930 1240 1007 1310 Eifer
1017 1240 1067 1310 [αν
1078 1239 1124 1293 rho
1137 1238 1249 1293 crichet
1259 1240 1306 1294 aei.

315 1392 430 1448 Gerbert
442 1388 468 1450 2,
482 1387 525 1440 31.

314 1516 429 1580 Blande
456 1514 545 1577 faciei
573 1519 675 1576 restra
707 1533 815 1575 serena
846 1510 1022 1596 placiditas,
1055 1510 1239 1591 agendorum
1270 1509 1417 1592 regalium

223 1625 372 1688 hactenus
395 1643 455 1684 non
471 1621 588 1702 ignara,
610 1640 670 1682 non
686 1620 796 1703 pauida
819 1618 1007 1703 procuratrix
1027 1623 1058 1679 et
1080 1617 1184 1688 lotrix,
1212 1617 1258 1679 sie
1280 1637 1353 1699 erga
1375 1616 1416 1702 a)

224 1752 278 1795 nos
300 1728 492 1793 instinctibus
514 1727 656 1791 virtuosis
679 1727 815 1797 incaluit,
840 1727 945 1808 sicque
966 1725 1061 1788 valuit
1087 1729 1296 1810 prepotenter,
1326 1726 1417 1809 quod,

224 1843 311 1922 patre
327 1842 429 1902 nostro
446 1836 636 1900 sanctissimo
659 1835 778 1898 domino
795 1854 875 1919 papa
892 1834 1044 1899 dumtaxat
1067 1841 1207 1920 excepto,
1240 1857 1298 1898 non
1315 1836 1420 1898 imme-

199 1924 281 2008 rito
304 1945 511 2029 principaliter
531 1944 617 2008 vohis
641 1944 821 2007 ascribimus
845 1943 976 2026 quitquit
997 1943 1120 2006 honoris
1142 1949 1172 2006 ct
1199 1945 1295 2025 glorie
1323 1942 1419 2006 subli-

223 2052 368 2126 maciopis
392 2057 494 2116 nnshe
516 2051 690 2135 progressui
715 2051 838 2113 dextera
862 2049 1025 2133 apostolice
1055 2050 1274 2113 consolacionis
1296 2047 1417 2114 adiecit.

223 2160 316 2223 Vobis
340 2160 419 2222 enim
443 2158 639 2224 fidentissime
662 2158 797 2240 quelibet
819 2159 928 2222 mentis
950 2164 1052 2219 nostre
1074 2158 1218 2219 interiora
1242 2157 1419 2226 deteximus,

224 2269 333 2332 uestris
350 2267 482 2330 humeris
498 2268 616 2349 pondus
639 2270 669 2328 et
691 2286 767 2328 onus
784 2285 857 2327 cnre
880 2265 978 2327 tocies
995 2269 1024 2325 et
1041 2263 1250 2328 sollicitudinis
1267 2264 1418 2326 sarcinam

227 2375 416 2458 inponentes,
440 2397 475 2437 ex
491 2395 550 2456 quo
569 2375 672 2455 utique
688 2378 848 2455 peroptata
864 2373 1013 2455 processit
1031 2372 1144 2436 utilitas
1162 2377 1192 2434 et
1207 2374 1362 2456 proiectus
1378 2370 1417 2455 b)

223 2482 335 2566 prodiit
362 2486 528 2564 exoptatus.
562 2482 673 2544 Verum
701 2478 739 2541 de
768 2499 863 2550 novo,
892 2480 972 2561 quod
1000 2481 1093 2542 corde
1120 2481 1206 2562 gravi
1223 2481 1261 2563 c]
1282 2480 1418 2554 ierimus,

225 2590 322 2651 risum
355 2593 401 2651 est
432 2588 518 2650 nobis
550 2587 731 2671 quibusdam
762 2587 970 2670 probahilibus
1003 2589 1201 2658 coniecturis,
1235 2589 1315 2673 quod
1348 2608 1421 2670 erga

227 2718 281 2760 nos
304 2697 505 2759 verisimiliter
528 2697 684 2759 immutata
707 2696 746 2758 sit
767 2697 818 2758 illa
839 2697 1000 2760 laudabilis
1023 2698 1123 2760 vultus
1152 2697 1244 2760 vestri
1273 2698 1421 2759 serenitas

227 2810 257 2867 et
281 2809 456 2888 exasperata
480 2805 517 2867 sit
539 2805 647 2867 lenitas
669 2803 749 2866 bone
772 2805 890 2866 mentis.
924 2806 1024 2888 Super
1047 2825 1106 2886 quo
1128 2805 1235 2867 merito
1259 2805 1422 2868 vehemens

228 2912 335 2975 intima
350 2917 451 2975 nostre
468 2914 591 2974 aculeus
609 2911 800 2974 amiracionis
814 2911 941 2995 perculit
955 2912 997 2998 d)
1011 2933 1046 2976 ex
1060 2912 1104 2973 rei
1117 2913 1287 2974 huiusmodi
1304 2913 1423 2976 insolita

226 3022 368 3085 novitate.
394 3020 493 3083 Testis
511 3020 589 3082 enim
607 3025 652 3083 est
669 3020 903 3082 incontaminate
921 3019 1112 3082 consciencie
1128 3019 1297 3102 integritas,
1315 3022 1421 3104 quavis

142 3185 146 3191 .
226 3126 348 3189 testium
366 3125 557 3209 deposicione
575 3117 782 3208 sollempnior,
812 3124 892 3207 quod
915 3145 970 3208 per
990 3144 1046 3187 nos
1070 3125 1161 3188 nichil
1179 3146 1311 3209 unquam
1326 3126 1420 3189 verbo

228 3238 279 3296 aut
295 3253 386 3317 opere
400 3233 495 3295 extitit
512 3238 721 3316 attemptatum
737 3252 791 3295 scu
806 3233 896 3296 etiam
909 3232 1098 3314 cogitacione
1110 3239 1328 3317 presumptum,
1341 3235 1420 3316 qnod

226 3340 312 3404 vobis
330 3341 467 3403 debuerit
483 3341 678 3425 displicencie
694 3339 832 3422 spiritum
848 3341 1020 3423 peperisse,
1047 3341 1138 3402 immo
1160 3362 1279 3424 semper
1293 3341 1326 3403 in
1342 3342 1420 3403 votis

225 3447 385 3538 habuimus
408 3454 438 3509 et
460 3448 560 3511 adhuc
582 3448 612 3509 in
635 3447 733 3510 animo
756 3448 889 3529 gerimus
912 3448 1118 3518 incessanter,
1142 3448 1228 3511 vobis
1252 3453 1282 3510 et
1298 3450 1418 3517 vestris,

226 3574 295 3618 cum
312 3555 349 3616 ad
366 3555 423 3617 hnc
442 3554 577 3638 aptitudo
592 3555 737 3638 temporis
754 3555 893 3639 oportuni
910 3577 943 3618 se
960 3556 1077 3624 sileret,
1099 3557 1247 3637 graciosis
1265 3561 1295 3618 et
1312 3558 1419 3640 amplis

227 3663 335 3725 adesse
362 3661 517 3725 favoribus
540 3666 571 3725 et
592 3661 797 3725 beneticencie
819 3667 920 3725 vestre
943 3662 1167 3744 profusionibus
1188 3663 1420 3726 habundancius

227 3771 370 3854 aspirare.
404 3772 469 3833 Hoc
498 3774 614 3839 antem,
644 3770 847 3852 qualicunque
870 3791 905 3832 ex
921 3790 1015 3832 cansa
1037 3770 1165 3853 prodeat
1188 3778 1286 3833 motus
1307 3776 1419 3842 vester,

227 3878 349 3940 arbitrio
366 3882 467 3941 vestro
484 3897 591 3942 secure
608 3877 803 3946 subiecimus,
821 3877 902 3939 iuxta
919 3878 1000 3959 quod
1028 3882 1128 3940 vestre
1156 3878 1420 3963 circumspectioni

224 3985 348 4049 libuerit
368 3985 463 4049 libere
490 3985 666 4048 decidenda.
700 3985 895 4068 Quapropter
921 3990 1055 4048 vestram
1084 3990 1199 4049 attente
1225 3988 1419 4070 deposcimus

224 4094 431 4163 honestatem,
462 4098 611 4175 qnatenus
628 4093 856 4155 excusacionem
873 4097 1007 4155 nostram
1024 4093 1122 4156 animo
1140 4095 1237 4158 velitis
1254 4101 1419 4158 mansueto

225 4202 380 4284 suscipere
409 4205 438 4262 et
466 4220 484 4261 a
511 4199 619 4262 mentis
647 4204 747 4262 vestre
769 4200 903 4262 sacrario
927 4200 1058 4282 quitquit
1080 4200 1190 4264 nebule
1212 4204 1258 4264 vel
1282 4204 1419 4265 rancoris

226 4309 347 4369 sinistre
380 4306 561 4389 suspicionis
594 4307 741 4388 inpressio
774 4311 927 4375 suaserat,
961 4326 1054 4390 scopa
1087 4306 1123 4392 c)
1154 4313 1238 4371 recte
1270 4311 1419 4392 opinionis

225 4414 415 4493 abstergere,
432 4413 550 4496 hospite
567 4412 704 4474 veritatis
720 4412 909 4475 caritativius
927 4412 1108 4475 introducto.

315 4556 349 4621 a)
368 4570 431 4622 crgo
445 4556 472 4605 Z.
490 4584 517 4592 -
534 4554 566 4620 d)
582 4558 724 4623 provectus
736 4556 762 4607 Z.
777 4584 813 4594 —-
826 4557 858 4622 c)
881 4556 990 4625 gravide
1010 4557 1028 4606 Z
1049 4556 1101 4609 und
1115 4557 1144 4610 V.
1160 4586 1190 4597 -
1207 4558 1242 4625 d)
1257 4560 1375 4625 percutit
1389 4562 1419 4615 V.

225 4675 257 4685 -
273 4645 304 4711 e)
320 4660 400 4712 seapa
415 4644 441 4695 Ζ.
