3209 5392
192 491 311 570 ,68

259 665 385 748 bonta)
406 686 551 748 persona,
576 672 607 730 et
630 686 665 729 ea
689 684 747 749 que
769 663 818 727 ille
842 669 968 728 testator
991 664 1029 727 de
1051 684 1085 726 se
1107 664 1225 729 locutus
1249 670 1296 751 est
1311 665 1343 728 in
1358 665 1457 746 prima

260 792 398 856 persona,
416 774 464 838 illa
481 775 521 839 ilb
536 776 693 860 loquantur
713 775 745 839 in
766 773 856 838 tertia
876 793 1017 856 persona,
1033 773 1096 836 sic:

310 903 312 907 ·
350 883 413 946 Nos
423 883 493 948 Otto
501 884 539 967 l)
551 884 806 948 milesindercnm
814 883 1008 947 universitate
1016 882 1459 949 civiumWinnensiumtenore

260 992 445 1073 presentium
458 990 642 1074 profitemur,
655 992 816 1075 quodliud.
827 990 998 1072 c)dilectus
1013 991 1147 1056 concivis
1160 997 1275 1063 noster,
1286 991 1460 1073 egritudine

261 1102 395 1182 corporis
408 1106 639 1184 preoccupatus,
652 1105 863 1164 testamentum
876 1099 979 1164 lacere
993 1100 1095 1163 volens
1108 1099 1274 1163 seddolore
1280 1099 1459 1182 prepeditus

260 1228 321 1272 non
336 1209 456 1280 valens,
473 1228 547 1272 sana
563 1213 662 1272 tamen
678 1214 777 1272 mente
800 1215 832 1270 et
852 1206 946 1270 libera
962 1207 1128 1279 voluntate,
1145 1207 1235 1272 talem
1247 1207 1293 1270 vel
1308 1208 1385 1271 tales
1402 1227 1459 1290 pro

258 1336 294 1378 sc
310 1318 441 1381 omnium
456 1336 558 1381 rerum
574 1336 694 1379 suarum
711 1315 867 1380 constitnit
882 1321 1053 1388 testatores,
1071 1316 1146 1379 dans
1162 1317 1207 1378 eis
1224 1315 1264 1401 d)
1280 1321 1338 1379 etc.

655 1530 701 1574 De
715 1527 766 1573 lite
781 1528 810 1572 ln
825 1538 917 1573 cause
931 1527 1010 1573 civili
1024 1530 1061 1584 e).

777 1621 905 1667 Diolinctio
917 1622 944 1666 V.

355 1759 429 1822 item
451 1758 623 1829 notandum,
646 1756 674 1819 si
696 1776 787 1839 super
812 1756 960 1839 aliquibus
980 1756 1224 1839 possessionibus
1245 1758 1292 1820 vel
1313 1757 1406 1821 rebus
1421 1757 1461 1820 lis

263 1873 328 1930 orta
344 1866 434 1930 fuerit
450 1872 480 1930 et
495 1866 646 1931 contentio
663 1866 802 1929 ventilata
824 1865 856 1928 in
877 1866 943 1929 ioro
965 1865 1108 1929 videlicet
1128 1865 1225 1941 civili,
1249 1866 1318 1950 quia
1335 1867 1374 1930 de
1389 1866 1459 1931 iord

265 1975 473 2039 ecclesiastico
490 1994 580 2057 supra
596 1975 725 2057 positum
738 1980 785 2037 est
807 1974 881 2037 satis
902 1974 1018 2047 lucide,
1046 1980 1077 2038 et
1093 1973 1119 2036 si
1140 1994 1195 2058 per
1211 1975 1390 2040 sententiam
1405 1995 1459 2040 res

263 2085 313 2148 illa
329 2084 502 2148 adiudicata
518 2084 609 2148 fuerit
624 2084 703 2165 parti
719 2083 770 2147 uni
787 2090 818 2147 et
832 2082 1003 2147 abiudicata
1019 2083 1097 2165 parti
1113 2083 1216 2157 alteri,
1231 2084 1349 2149 iudices
1366 2104 1460 2148 secu·

265 2193 343 2256 lares
360 2193 407 2257 vel
422 2193 510 2257 iudex
525 2198 620 2256 totum
636 2211 812 2274 processum
828 2211 919 2256 cause
940 2192 1078 2256 scribunt
1100 2213 1154 2257 suo
1177 2193 1295 2258 nomine
1318 2194 1375 2259 sub
1398 2193 1460 2257 bac

263 2302 375 2365 forma:
535 2310 539 2319 ’

351 2410 414 2473 Nos
431 2410 501 2474 Otto
516 2408 555 2494 f)
571 2410 660 2474 iudex
675 2414 705 2472 et
721 2408 899 2472 universitas
924 2409 1033 2472 civium
1064 2409 1193 2474 civitatis
1223 2411 1403 2478 Winnensis
1417 2412 1460 2498 a]

265 2518 402 2582 omnibus
424 2518 535 2582 Christi
556 2518 693 2581 fidelibus
714 2523 872 2600 presentes
893 2518 996 2582 literas
1017 2518 1199 2601 inspecturis
1222 2520 1359 2603 cupimus
1387 2542 1459 2584 esse

264 2633 377 2700 notum,
394 2628 559 2709 quodcum
576 2627 704 2711 quedam
719 2627 755 2689 lis
772 2626 852 2690 inter
866 2627 1052 2690 venerabiles
1069 2626 1108 2712 d)
1123 2624 1262 2693 abbatem
1279 2636 1309 2693 et
1325 2648 1460 2693 conven-

268 2742 333 2800 tum
355 2736 529 2800 monasterii
551 2736 619 2800 talis
636 2742 769 2818 exparte
791 2755 850 2799 una
872 2743 903 2798 et
924 2736 978 2809 Cb.
995 2735 1226 2820 iJiustitorem,
1249 2737 1405 2801 concivem
1420 2737 1461 2822 lt)

266 2850 400 2907 nostrum
418 2849 554 2927 exparte
570 2845 664 2908 altera
680 2863 771 2924 super
786 2843 851 2905 iure
867 2843 951 2906 tundi
968 2844 1124 2908 cuiusdam
1141 2846 1245 2909 domus
1260 2846 1293 2908 iu
1313 2845 1366 2909 tali
1388 2847 1458 2910 loco

266 2954 324 3017 site
341 2953 392 3017 diu
409 2953 567 3016 admodum
583 2957 750 3016 verteretur
768 2951 811 3034 l),
823 2953 862 3015 ad
873 2958 1006 3017 nostram
1018 2954 1138 3017 tandem
1153 2955 1336 3036 presentiam
1347 2957 1379 3019 in
1391 2958 1461 3021 loco

265 3063 388 3145 pretorii
405 3061 522 3135 urbani,
534 3063 581 3124 vel
594 3062 628 3135 in,
641 3061 772 3124 ecclesia
787 3060 852 3133 tali,
868 3062 1004 3144 partibus
1020 3062 1091 3125 hinc
1104 3062 1173 3126 inde
1186 3064 1370 3138 constitutis,
1387 3085 1462 3148 pro-

271 3171 401 3254 positum
416 3170 474 3234 suit
489 3176 625 3252 exparte
641 3169 760 3232 abbatis
775 3170 905 3251 predicti
922 3176 952 3233 et
968 3178 1144 3244 conventus,
1162 3173 1241 3256 quod
1256 3174 1314 3256 ipsi
1331 3174 1464 3240 luissent

266 3279 298 3342 in
323 3278 420 3342 libera
448 3285 478 3342 et
505 3277 606 3361 quieta
633 3277 827 3359 possessione
854 3277 939 3341 fundi
968 3279 1144 3362 domnsper
1166 3281 1325 3346 decernet
1350 3283 1460 3365 viginti

266 3407 360 3451 annos
377 3392 408 3450 et
423 3369 511 3457 ultra,
532 3386 746 3468 proprietatem
770 3386 855 3448 iundi
876 3386 954 3449 illius
977 3387 1015 3450 ad
1037 3389 1251 3453 monasterium
1266 3392 1463 3475 suumperti-

266 3518 338 3561 nere
366 3500 554 3567 asserentes,
584 3495 664 3577 quod
688 3494 777 3557 etiam
790 3496 837 3580 m)
859 3515 893 3557 se
926 3495 1105 3577 probaturos
1127 3498 1252 3580 ydoneis
1268 3498 1308 3581 n)
1329 3500 1460 3566 testibus

269 3604 466 3670 affirmabant.
499 3603 573 3667 Cum
600 3622 671 3684 ergo
699 3623 755 3685 per
781 3602 966 3666 sentenciam
989 3603 1118 3669 omnium
1149 3610 1244 3668 testes
1275 3609 1463 3689 producendi

269 3716 513 3785 decernerentur,
529 3711 728 3795 productique
750 3731 843 3793 super
858 3711 1067 3775 consciencias
1083 3733 1154 3776 suas
1172 3715 1210 3799 ⁰)
1226 3722 1257 3778 et
1267 3716 1463 3782 iureiurando

267 3823 393 3887 fundum
409 3821 490 3884 illum
506 3821 544 3884 ad
559 3820 729 3902 predictum
745 3819 886 3882 abbatem
913 3807 945 3882 et
967 3825 1146 3884 conventum
1168 3823 1321 3904 pertinere
1337 3844 1464 3890 asseve-

268 3938 380 4003 rarent,
397 3937 428 3993 et
443 3949 513 4012 pars
529 3930 657 3993 adversa
673 3949 732 3991 non
747 3928 875 3991 baberet
891 3928 971 4011 quod
987 3935 1091 3993 contra
1113 3932 1235 3995 testium
1256 3934 1464 3998 assercionem

268 4041 395 4109 veritate
406 4038 525 4122 plenam
536 4038 633 4120 possit
648 4038 802 4120 excipere:
820 4059 874 4102 nos
886 4059 941 4121 per
952 4039 1124 4120 generalem
1135 4041 1320 4105 sentenciam
1333 4043 1465 4108 omnium

269 4150 307 4214 ad
321 4150 379 4212 boc
401 4147 577 4229 dignorum,
592 4146 720 4209 eundem
740 4146 865 4211 fundum
885 4147 1030 4229 predictis
1053 4147 1156 4212 abbati
1178 4155 1208 4215 et
1229 4153 1391 4216 conventui
1408 4154 1465 4217 ad·

344 4329 378 4397 a)
400 4327 519 4381 scribant
531 4328 559 4380 Z.
578 4354 613 4366 -
631 4326 663 4393 b)
677 4325 708 4379 0.
722 4325 752 4379 V.
772 4355 806 4364 -
826 4326 857 4393 c)
874 4326 902 4379 li.
922 4327 951 4381 V.
971 4356 1008 4367 -
1027 4328 1062 4396 d)
1087 4329 1128 4382 vel
1142 4330 1166 4382 ei
1179 4331 1283 4401 plenam
1300 4337 1464 4402 potestatem

269 4423 322 4475 etc.
340 4437 392 4491 per
410 4420 494 4473 omnia
512 4424 542 4473 nt
561 4435 642 4488 supra
659 4433 745 4488 usque
758 4420 846 4471 actum
864 4435 931 4472 anno
944 4419 1020 4472 llam.
1041 4424 1092 4475 etc.
1113 4421 1222 4490 Z.-e)
1244 4423 1309 4477 llist.
1329 4425 1371 4478 Vl.
1393 4424 1422 4480 V.
1433 4458 1462 4468 -

267 4512 300 4585 f)
322 4513 352 4567 0.
371 4511 402 4565 V.
421 4539 456 4548 —
473 4510 508 4580 p)
529 4510 560 4562 N.
581 4507 610 4560 V.
631 4537 665 4548 -
683 4507 717 4576 b)
737 4509 911 4562 venerabilem
932 4509 962 4562 V.
989 4509 1068 4580 -.i)
1091 4510 1121 4565 C·
1141 4511 1173 4565 V.
1199 4543 1232 4553 -
1260 4513 1295 4584 b)
1325 4517 1465 4572 concivem

269 4603 335 4658 fehlt
353 4602 383 4656 V.
411 4630 446 4640 -
466 4600 491 4668 l)
512 4601 663 4653 volveretur
683 4600 710 4652 Z.
730 4628 763 4638 —
784 4599 827 4666 m)
845 4615 895 4669 per
914 4599 943 4653 V.
972 4586 1005 4639 '—
1035 4601 1070 4670 n)
1089 4602 1133 4671 yd.
1154 4602 1224 4657 iehlt
1243 4603 1272 4657 v.
1292 4634 1327 4645 -
1346 4609 1379 4676 o)
1401 4627 1463 4663 suas

269 4694 338 4750 fcblt
355 4693 385 4747 V.
