3209 5392
1307 514 1385 587 379

188 690 309 783 adstare
326 691 432 775 clypeo
449 712 485 755 ex
500 690 637 755 adverso.
662 692 773 755 Verum
790 689 870 774 quia,
887 690 966 754 sicut
982 709 1087 774 nuper,
1115 689 1281 754 venerabili
1296 691 1332 755 N.
1346 688 1385 776 ¹),

186 799 399 864 Ratisbonensi
430 799 584 883 episcopo,
612 802 768 881 gratanter
795 798 883 863 nohis
917 798 1103 869 insinuante,
1132 796 1307 869 didicimus,
1334 801 1386 860 tua

189 908 271 992 quod
287 908 457 991 precordia,
481 907 601 971 visitata
625 907 749 990 spiritus
771 908 891 971 fervore
915 905 1069 990 paracliti,
1098 906 1224 989 pristino
1248 906 1384 989 mitigato

186 1035 314 1080 rancore
341 1036 378 1080 ac
406 1015 625 1079 intumescente
652 1015 765 1099 impetu
793 1019 976 1097 temperato,
1009 1010 1065 1078 ad'
1079 1013 1190 1077 bonum
1223 1015 1384 1079 concordie

187 1123 361 1207 conspirent
370 1123 418 1212 ²):
447 1122 620 1207 magnificat
647 1123 746 1187 anima
774 1143 842 1187 mea
869 1122 1045 1193 Dominum,
1074 1124 1127 1207 qui
1153 1122 1209 1187 tibi
1231 1123 1324 1194 dedit,
1352 1128 1385 1187 ut

187 1250 355 1316 speramus,
380 1251 549 1315 agnuscere
573 1232 645 1315 quid
666 1232 756 1295 saluti
778 1236 830 1294 tue
854 1231 1004 1314 expediat,
1029 1231 1100 1316 quid
1124 1231 1240 1303 honori,
1259 1251 1327 1294 cum
1343 1231 1383 1295 sit

185 1343 273 1424 turpe
299 1341 386 1404 nimis
413 1341 595 1424 plenumque
623 1340 765 1423 periculis
793 1339 906 1403 odiosis
930 1339 1040 1402 lethale
1069 1340 1182 1404 ferrum
1208 1343 1238 1402 in
1266 1339 1383 1404 viscera

186 1448 307 1531 propria
340 1452 550 1531 contorquere.
584 1449 716 1519 idcirco,
750 1448 776 1511 si
805 1448 931 1531 scriptis¹
952 1467 1044 1531 opera
1072 1455 1320 1532 compensentur,
1352 1448 1382 1511 in

187 1557 291 1640 gracie
308 1561 409 1621 nostre
426 1556 642 1640 plenitudinem
658 1562 689 1620 te
706 1557 897 1639 colligentes,
909 1556 1124 1640 synceritatem
1135 1562 1217 1620 tuam
1229 1557 1383 1621 hortamur

185 1663 336 1729 attencius
368 1669 399 1729 et
430 1683 588 1748 rogamus,
621 1670 769 1748 quatenus
800 1669 924 1749 propter
954 1666 1050 1729 Deum
1083 1670 1114 1728 et
1144 1672 1195 1729 tue
1226 1665 1381 1729 felicitatis

183 1776 378 1857 augmentum
399 1792 457 1836 nec
480 1792 539 1835 non
563 1772 602 1836 ob
619 1773 762 1856 generale
778 1774 878 1838 tocius
894 1773 1048 1858 provincie
1065 1774 1265 1845 commodum,
1288 1774 1381 1839 collo·

183 1886 251 1945 cata
267 1902 322 1965 pre
339 1881 444 1952 oculis,
459 1885 573 1964 quanta
588 1882 740 1965 pernicies
757 1904 793 1946 ex
810 1881 868 1945 hac
885 1883 1018 1947 scissura
1032 1881 1198 1946 domestica
1209 1883 1382 1967 provenerit

181 1989 350 2074 reipublice
372 1988 538 2053 turbatrice
562 1994 592 2053 et
616 1990 714 2054 adhuc
737 1990 832 2054 maior
854 1990 1057 2054 verisimiliter
1079 1991 1190 2075 poterit
1218 1991 1381 2074 pullulare:

181 2097 314 2161 animum
329 2102 412 2160 tuum
429 2096 467 2160 ad
482 2097 709 2162 indissociabile
726 2099 838 2162 bonum
860 2100 945 2181 pacis
970 2103 1115 2184 perpetue
1147 2119 1184 2162 ex
1200 2100 1302 2162 innata
1324 2099 1381 2165 tibi

181 2204 330 2269 modestia
342 2206 466 2269 studeas
478 2204 644 2269 efficaciter
655 2206 813 2279 inclinare,
826 2226 895 2270 cum
907 2206 974 2289 ipso
987 2226 1130 2289 germano
1142 2213 1194 2271 tuo
1210 2213 1240 2272 te
1257 2208 1381 2291 paciens

182 2313 332 2378 amicabili
360 2313 465 2376 federe
493 2315 609 2377 couniri
635 2315 675 2402 8).
709 2313 791 2379 Alias
815 2315 896 2378 enim
925 2314 1114 2379 dissimulare
1138 2335 1198 2379 non
1219 2336 1379 2399 possumus

182 2441 237 2485 nec
254 2420 410 2493 debemus,
428 2424 500 2506 quin
516 2422 601 2485 fratri
616 2408 834 2506 tuo'predicto,
858 2423 909 2507 qui
931 2424 1019 2487 nobis
1041 2428 1088 2487 est
1108 2424 1234 2489 funiculi
1250 2425 1378 2509 duplicis

179 2532 309 2614 ligatura
337 2530 515 2594 coniunctus
533 2530 574 2618 4),
600 2537 758 2614 presertim
787 2552 855 2595 cum
883 2533 962 2614 apud
987 2538 1017 2594 te
1045 2532 1193 2596 iacturum
1215 2555 1249 2598 se
1272 2533 1379 2597 offerat

180 2639 325 2724 quidquid
341 2639 443 2710 debet,
460 2639 500 2702 ad
515 2641 736 2722 propulsandos
759 2640 907 2704 violentos
930 2646 960 2703 et
983 2642 1166 2704 voluntarios
1189 2648 1287 2705 motus
1311 2648 1379 2706 tuos

180 2749 308 2814 viriliter·
321 2748 507 2812 assistamus.

194 3044 231 3105 .¹)
250 3047 337 3092 Leone.

203 3134 228 3195 2)
248 3142 293 3184 Dae
311 3140 343 3183 ist
362 3139 417 3184 eino
435 3138 590 3197 flinweisung
608 3140 650 3184 auf
666 3140 712 3184 den
730 3152 765 3183 am
784 3140 807 3183 2.
827 3139 931 3184 Februar
951 3140 1012 3185 1276
1031 3154 1059 3185 zu
1079 3139 1203 3201 Nirrnberg
1224 3143 1298 3188 durch
1318 3143 1377 3190 Ver·

251 3230 362 3287 mittlung
380 3230 423 3273 der
441 3230 552 3274 Bischbte
569 3231 617 3274 Leo
637 3244 684 3275 von
703 3231 862 3290 Regcnsburg
875 3232 922 3275 und
936 3232 1032 3276 Bertold
1046 3244 1091 3276 von
1107 3231 1235 3292 wirzburg
1248 3235 1377 3294 geschlos·

252 3333 325 3365 senen
344 3319 553 3364 Wadcnstillstaud
572 3317 692 3365 zwiscbcn
711 3320 757 3365 den
770 3321 895 3380 Herzogcn
914 3336 936 3366 v.
952 3320 1046 3375 Beiern,
1065 3321 1215 3381 Ptalzgrafen
1235 3325 1273 3369 bei
1293 3326 1378 3379 libain,

252 3411 350 3470 Ludwig
367 3410 415 3455 und
434 3410 556 3456 Heinrich.
579 3412 626 3456 Der
642 3412 730 3457 Friede
748 3412 800 3455 ham
818 3424 854 3456 am
867 3412 907 3457 29.
925 3411 970 3457 btai
991 3411 1054 3457 1276
1077 3426 1105 3457 zu
1119 3414 1217 3459 stando.
1238 3411 1377 3472 (buettner,

253 3500 477 3547 Wittclebachirche
496 3486 617 3560 Regesten
637 3504 660 3546 S.
681 3503 721 3555 3⁷,
740 3502 771 3548 38
790 3501 839 3546 und
858 3498 917 3559 82);
935 3503 965 3547 im
985 3504 1125 3561 September
1142 3506 1190 3549 trat
1211 3505 1324 3552 Heinrich
1337 3512 1380 3553 ans

252 3595 279 3639 u.
299 3592 402 3639 Rudolt's
415 3590 480 3637 Seite
500 3593 546 3637 und
564 3604 590 3636 es
610 3592 691 3637 wurde
710 3593 750 3637 die
763 3594 812 3639 Ebc
830 3593 948 3638 zwiscben
967 3594 1018 3638 dem
1033 3594 1112 3638 Sohne
1125 3595 1168 3638 des
1180 3595 1295 3653 Herzogs,
1310 3598 1375 3649 Otto,

253 3684 299 3727 und
313 3683 355 3727 des
368 3683 461 3742 llbuigs
473 3683 578 3728 Tocbter
591 3683 719 3728 liutharius
735 3684 886 3729 vcrcbredet.

205 3764 231 3831 ³)
250 3775 296 3818 hus
310 3774 389 3818 dieser
402 3773 476 3819 stelle
490 3774 548 3832 geht
565 3774 662 3825 berver,
682 3774 735 3818 dass
754 3774 797 3818 der
816 3774 883 3818 Briet
899 3775 961 3818 noch
975 3786 1018 3818 ror
1031 3774 1084 3819 dem
1097 3773 1234 3820 definitiven
1248 3776 1376 3822 l'ricdens-

252 3867 342 3911 schluss
356 3864 514 3924 geschrieben
528 3866 574 3918 ist,
588 3866 637 3910 also
651 3865 770 3909 zwischcn
784 3865 836 3910 dem
851 3866 955 3910 Febrnnr
969 3867 1015 3910 und
1028 3865 1073 3910 Mai
1089 3866 1158 3911 12⁷6.

206 3946 232 4011 ⁴)
253 3957 352 4013 Ludwig
365 3970 414 4001 war
427 3956 474 4001 seit
486 3956 551 4001 aare
564 3957 669 4001 October
684 3955 745 4001 ¹2⁷3
759 3956 803 4001 der
816 3956 912 4001 Gemahl
925 3958 968 4001 der
979 3957 1084 4002 'l’ochter
1096 3958 1374 4013 mundulosmntbttde,

251 4049 299 4092 rond
311 4049 378 4092 scine
391 4046 527 4093 Schwester
539 4047 658 4092 Elisabeth
672 4060 720 4092 war
733 4046 771 4091 dio
785 4047 906 4091 Gemahlin
918 4047 1069 4101 Meinhard’s,
1083 4049 1126 4093 des
1139 4050 1226 4095 Grnfen
1240 4064 1286 4094 ron
1299 4049 1375 4104 Tirol‚

252 4138 336 4183 descen
358 4138 463 4181 Tochter
480 4137 600 4183 Elisabeth
618 4137 708 4182 bereits
731 4137 761 4181 im
780 4137 884 4182 Februar
903 4136 965 4182 1276
988 4136 1029 4181 mit
1051 4138 1157 4184 Rudolt's
1178 4140 1372 4198 erstgeborcucm

252 4228 331 4273 Sohnc
349 4227 462 4272 hlbrecht
480 4229 595 4273 vermthlt
614 4242 671 4272 war.
695 4229 773 4285 vergi.
794 4228 917 4280 boehmer,
935 4227 1012 4272 horit.
1034 4230 1059 4273 ll.
1079 4230 1106 4273 ad
1124 4229 1183 4285 Bag.
1198 4228 1253 4286 imp.
1268 4231 1322 4274 inde
1345 4230 1373 4275 ab

256 4317 324 4371 1246,
338 4333 361 4376 p.
375 4317 429 4364 478.
