3209 5392
1276 484 1353 552 219

164 657 244 728 tatis,
261 657 291 720 in
306 659 390 720 clade
406 656 524 731 bellica,
542 679 600 742 qua
616 659 716 748 filiia)
731 645 834 723 sancte
850 659 953 723 matris
972 656 1357 742 ecclesiedissecahantur,

164 765 194 825 in
223 785 256 826 se
283 766 365 846 ipsos
395 766 470 828 cede
497 772 599 830 mutua
628 769 811 837 frementes,
845 768 935 830 velud
963 768 993 828 in
1020 765 1160 828 Rebecee
1187 770 1290 833 utero,
1320 765 1360 825 sit

167 892 349 943 concussus,
378 874 565 956 qualiterque
588 894 797 956 perversorum
821 874 983 936 increverit
1006 873 1161 937 temeritas
1185 871 1223 933 oh
1241 871 1361 952 inpuni-

167 979 238 1042 tatis
255 981 421 1051 audaciam,
446 982 563 1043 nemine
580 984 785 1045 crassancium
802 983 841 1065 b)
857 982 1005 1044 maliciam
1029 983 1210 1050 refrenante,
1234 978 1360 1058 singulis

167 1083 303 1168 aliqualis
331 1089 404 1150 tacti
432 1090 572 1170 potencia
599 1090 780 1171 pollentibus
803 1089 955 1151 iniuriam
973 1087 1166 1169 inhyantihus
1199 1087 1302 1167 spoliis
1332 1093 1362 1148 et

165 1194 296 1275 rapinis,
327 1194 525 1257 lamentabilis
553 1196 668 1259 sedicio
701 1216 736 1259 ac
769 1196 905 1277 lugubris
937 1196 1092 1257 viduarum
1124 1199 1154 1256 et
1184 1195 1362 1275 pupillorum

167 1303 351 1383 singultuose
367 1304 602 1366 vociterancium
619 1306 748 1384 gemitus
771 1304 885 1366 indicat
902 1309 931 1365 et
954 1304 1088 1365 declarat
1110 1302 1157 1384 c).
1188 1302 1365 1366 Miseracio.

165 1430 237 1474 num
272 1416 372 1472 autem
406 1410 509 1472 oculus
533 1409 586 1493 d),
604 1412 640 1473 de
671 1412 735 1474 celo
764 1411 965 1493 prospiciens,
991 1411 1142 1473 iusticiam
1169 1410 1234 1473 visa
1251 1410 1290 1495 e)
1319 1416 1366 1471 est

167 1519 311 1600 erigendo
339 1518 464 1584 reficere
492 1521 645 1601 imperiale
673 1521 830 1607 solium1),
857 1521 951 1601 ipsius
979 1519 1097 1601 imperii
1125 1540 1180 1580 nos
1195 1519 1233 1604 f)
1251 1519 1366 1582 consti-

166 1634 253 1690 tuens
285 1628 453 1708 principum
483 1626 524 1711 p)
556 1629 723 1710 principem
763 1630 937 1709 gloriosum.
982 1629 1058 1690 Cum
1094 1627 1188 1707 igitur
1224 1628 1366 1707 princeps

169 1735 300 1816 gloriose
328 1733 367 1816 t)
398 1734 591 1799 dilectissime
618 1737 797 1799 venerahilis
826 1742 924 1819 pater,
953 1735 1146 1817 imperatorie
1176 1734 1366 1798 celsitudinis

169 1842 236 1904 sitis
268 1844 424 1924 columpna
456 1843 614 1906 immohilis
648 1851 677 1907 et
710 1846 861 1915 sublimis,
901 1863 992 1925 super
1022 1850 1124 1906 vestre
1156 1842 1365 1904 strennuitatis

169 1951 390 2022 constanciam,
418 1949 507 2012 velud
530 1970 623 2032 super
644 1952 747 2014 basem
771 1952 804 2037 a)
827 1957 985 2014 ventorum
1007 1949 1126 2013 turbine
1149 1971 1185 2022 ac
1213 1950 1367 2013 fluminum
1377 1961 1456 2001 dotat
1466 1974 1485 1999 ι·

170 2061 283 2141 impetu
312 2064 561 2142 conquassatam,
588 2059 699 2140 regalis
728 2060 827 2123 throni
857 2060 1065 2125 deflexerimus
1093 2060 1290 2121 architectum
1307 2057 1366 2144 lc);

169 2175 300 2231 vestram
331 2167 401 2230 fidei
433 2168 638 2231 sinceritatem
671 2169 852 2232 exorandam
883 2166 914 2251 l)
948 2168 1083 2229 duximus
1116 2173 1146 2229 et
1176 2167 1366 2237 hortandam,

173 2282 332 2359 quatenus,
348 2275 496 2338 beneficia
512 2277 692 2348 recolentes,
711 2276 819 2358 quihus
843 2280 1096 2339 sacrosancta
1119 2274 1370 2355 Aquilegien·

170 2386 223 2446 sis
262 2383 435 2446 ecclesia
473 2383 511 2446 ah
551 2384 661 2465 inclyte
696 2383 920 2446 recordacionis
955 2382 1225 2464 predecessoribus
1259 2382 1369 2445 nostris

172 2492 248 2553 divis
266 2492 406 2571 Augustis
431 2492 637 2573 sollempniter
661 2496 707 2552 est
731 2490 843 2561 ditata,
871 2492 915 2552 sio
938 2511 992 2572 pro
1015 2490 1233 2553 honoribusct
1254 2489 1369 2551 iuribus

173 2600 288 2681 imperii
321 2600 519 2662 reformandis
551 2599 678 2662 fideliter
708 2600 873 2671 insudetis,
906 2599 1011 2682 sicque
1044 2603 1148 2661 contra
1179 2599 1303 2666 hostes,
1336 2619 1371 2659 ex

173 2710 310 2791 opposito
343 2712 446 2771 contra
479 2729 533 2769 nos
566 2708 782 2778 ascendentes,
823 2725 875 2769 vos
906 2727 1023 2769 murum
1056 2712 1086 2768 et
1117 2711 1370 2788 propugnatorem

172 2815 378 2899 principaliter
400 2815 576 2898 opponatis,
605 2815 683 2897 quod
708 2815 738 2876 in
755 2820 857 2876 nostra
874 2814 1067 2897 promocione
1084 2820 1184 2876 vestra
1200 2813 1371 2876 includatur

172 2925 302 2994 utilitas,
335 2930 365 2987 ct
392 2923 507 3005 regiam
525 2923 655 2984 delectet
678 2921 891 2991 clemenciam,
919 2921 1169 3002 predecessorum
1201 2927 1371 2983 nostrorum

173 3034 309 3114 vestigiis
327 3033 504 3104 inherendo,
521 3054 581 3096 non
604 3032 698 3095 solum
715 3030 857 3094 attributa
875 3050 963 3092 manu
989 3035 1092 3091 tencre
1116 3029 1246 3091 ecclesie
1269 3034 1368 3094 vestre

171 3143 322 3225 largitatis
339 3141 497 3214 beneficia,
515 3161 618 3204 verum
636 3142 731 3203 eciam
749 3160 803 3203 suo
819 3145 956 3220 tempore
974 3138 1086 3200 addere
1102 3137 1242 3218 largiora.

264 3324 298 3392 a)
318 3323 380 3376 filiis
398 3323 428 3376 V.
446 3351 483 3362 -
501 3322 533 3385 d)
554 3326 721 3390 grassantem
748 3337 780 3373 au
801 3320 883 3371 lesen.
902 3348 936 3357 —
955 3318 986 3388 c)
1007 3318 1123 3371 indicant
1143 3319 1170 3369 et
1188 3317 1324 3371 declarant
1339 3318 1367 3369 Ζ.

173 3446 208 3456 -
222 3414 257 3483 d)
277 3416 361 3469 oculis
379 3414 406 3466 Z.
423 3441 453 3452 α
470 3412 500 3479 e)
518 3412 590 3463 visus
607 3430 639 3464 zu
658 3412 741 3463 lesen.
757 3440 787 3447 —
800 3409 834 3479 s)
855 3427 901 3461 ros
920 3409 949 3465 V.
964 3408 1015 3462 uod
1035 3408 1063 3468 Z,
1083 3426 1135 3461 was
1149 3408 1266 3461 offenhar
1280 3407 1367 3464 lalsch

175 3507 219 3559 ist.
236 3538 265 3546 -
280 3506 315 3575 p)
328 3505 477 3573 principum
490 3503 558 3555 fehlt
572 3503 590 3554 Z
605 3520 645 3554 aur
659 3501 749 3553 Raude
764 3500 793 3553 V.
809 3530 841 3539 ·—
856 3498 890 3567 la)
904 3499 1023 3570 gloriose
1038 3500 1106 3551 fehlt
1119 3499 1147 3550 Z.
1161 3527 1196 3536 -
1212 3498 1238 3567 i)
1255 3497 1328 3552 basin
1338 3499 1366 3550 Z.

179 3626 205 3633 —
229 3596 263 3665 le)
283 3597 320 3649 So
339 3592 586 3646 iibereiustimmend
605 3592 626 3643 V
646 3591 697 3644 uod
712 3592 738 3653 Z,
760 3590 837 3643 dafdr
856 3590 889 3641 ist
908 3591 972 3642 aher
992 3589 1059 3641 wohl
1079 3588 1247 3643 detinerirnus
1266 3592 1366 3640 tectum

175 3704 206 3738 zu
220 3687 301 3737 loson.
320 3714 346 3722 -
365 3685 390 3751 l)
407 3685 596 3737 exhortandam
613 3682 639 3733 V.

174 3860 497 3871 .—..--.-—---—-

202 3975 225 4033 ¹)
243 3978 289 4020 hus
306 3976 357 4018 dem
375 3975 455 4019 bisher
473 3973 588 4027 Gesagten
609 3970 723 4014 schliesse
743 3970 795 4023 ich,
820 3970 873 4013 dass
892 3969 935 4013 der
955 3968 1021 4011 Briet
1041 3969 1099 4011 nach
1120 3968 1171 4009 dem
1193 3957 1366 4023 interregnum,

168 4075 170 4080 ⁴
236 4058 286 4099 also
299 4067 345 4099 von
358 4056 445 4099 audon
459 4068 504 4096 siin
523 4054 646 4113 ilabsbnrg
664 4051 821 4108 gesehriehen
839 4052 879 4095 ist.
903 4053 949 4094 her
965 4052 1046 4105 spttcr
1062 4047 1228 4092 ausdrteklich
1246 4045 1366 4089 orwtihnto

239 4139 363 4182 Patriarch
379 4151 424 4181 von
441 4134 548 4192 Aquileja
565 4137 624 4179 kann
642 4134 755 4178 dornhach
772 4146 816 4177 nur
831 4132 943 4177 Raimund
959 4133 1009 4176 sein
1026 4131 1103 4189 (¹272
1118 4131 1187 4174 Febr.
1207 4128 1243 4174 13,
1257 4126 1367 4171 &⁸129ss

237 4221 304 4266 Febr.
317 4220 380 4278 Ἃ).
397 4221 439 4262 dar
453 4233 480 4261 zu
494 4217 582 4261 itudotl
591 4214 989 4270 srenndschattlicheBeziehuugeu
1001 4213 1066 4256 hatte
1078 4213 1123 4254 und
1136 4224 1180 4253 von
1192 4210 1238 4252 ihm
1250 4210 1271 4252 in
1284 4208 1366 4252 aeineu

235 4303 338 4359 ttriegen
357 4301 502 4345 unterstritzt
520 4301 608 4344 warde.
633 4297 725 4356 Ughetli
743 4298 808 4342 ltalia
824 4309 891 4342 sacra
908 4297 973 4340 Toni.
991 4295 1014 4346 ὅ,
1032 4293 1087 4340 alt.
1105 4293 1150 4338 und
1169 4296 1240 4338 anton
1258 4291 1308 4340 t'ol.
1325 4289 1365 4343 lo,

236 4397 274 4427 uo.
287 4383 326 4426 28.
