3209 5392
859 825 921 898 14.

452 1008 530 1090 lopo
546 1006 695 1072 ulrersls
711 1005 946 1089 ambteplseopls
962 1011 993 1069 et
1008 1004 1168 1087 eplscepls.
1187 1001 1220 1068 ll.
1237 1003 1333 1082 regal.

301 1168 351 1224 ato
376 1169 456 1240 Papst
483 1165 605 1237 (crepe
628 1163 710 1237 IN)
730 1165 837 1237 fordere
860 1162 1034 1236 anonelofe
1059 1164 1116 1219 und
1143 1159 1275 1233 Bc'schdfe
1300 1169 1376 1218 anter
1393 1162 1473 1235 Strot-

302 1256 459 1330 nndroduny
475 1256 541 1329 auf,
567 1254 615 1311 mit
630 1256 683 1311 den
695 1265 842 1328 strangules
864 1255 964 1311 Mitteln
977 1254 1030 1326 aas
1038 1252 1208 1325 Besedignng
1220 1253 1271 1307 der
1284 1251 1475 1324 Sittenloss’plces't

301 1360 379 1405 auur
390 1349 442 1404 dea
462 1344 621 1403 cesanum
637 1345 819 1403 conuectos
836 1349 893 1403 mod
907 1343 965 1402 etet
982 1346 1012 1402 io
1023 1343 1108 1400 ilicem
1127 1341 1263 1417 Vorgeben
1282 1341 1366 1399 durch
1381 1343 1477 1417 &cuge

302 1441 331 1497 in
342 1441 423 1513 Foloe
439 1458 489 1498 con
508 1441 709 1516 Appellotahoen
731 1444 866 1498 erlem
882 1439 1035 1515 pdpadiebe
1057 1437 1216 1505 &breden
1243 1438 1296 1495 scie
1313 1439 1354 1495 aie
1375 1457 1421 1496 ooo
1435 1440 1477 1495 deo
1578 1465 1579 1482 ÷

507 1531 687 1606 Anpeklopten
695 1532 839 1605 prcdnnrt
850 1532 968 1598 werden,
982 1530 1055 1587 nicht
1066 1531 1141 1587 bren
1152 1548 1185 1585 zu
1197 1532 1297 1586 lmen.

397 1680 431 1744 ln
461 1680 548 1744 vinea
580 1679 691 1744 domini
724 1679 859 1746 Sabaoth
891 1679 1022 1744 cultores
1054 1678 1126 1742 licet
1160 1677 1303 1742 immeriti
1338 1677 1424 1760 positi
1456 1685 1480 1739 et

306 1787 465 1862 custodes,
492 1787 636 1853 debemus
658 1809 712 1854 vos
735 1789 843 1853 diunis
866 1788 987 1853 allicere
1009 1788 1169 1861 misteriis,
1197 1792 1230 1851 ut
1252 1787 1284 1850 in
1312 1786 1480 1870 plenitudine
1579 1805 1580 1844 3

305 1897 465 1983 potestatis
491 1900 651 1983 assumpti,
678 1920 732 1965 vos
760 1899 800 1964 ad
822 1898 926 1964 eadem
949 1898 1092 1980 mysteria
1107 1899 1138 1961 in
1154 1904 1270 1981 partem
1288 1895 1481 1962 sollicitudinis

306 2012 447 2072 evocatos
479 2007 584 2071 sedulo
617 2008 716 2074 studio
751 2010 932 2085 excitemus,
969 2030 1035 2073 cnm
1064 2010 1121 2073 etsi
1150 2008 1214 2072 eins
1250 2007 1291 2072 sit
1320 2007 1418 2071 colere
1441 2004 1482 2089 qui

307 2117 466 2201 plantavit,
493 2117 558 2180 siue
581 2136 640 2201 quo
662 2118 753 2183 nichil
778 2119 890 2183 utiliter
906 2120 1085 2192 custoditur,
1113 2118 1182 2205 quia
1203 2121 1305 2181 tamen
1322 2137 1360 2181 ex
1375 2115 1483 2180 denario
1580 2169 1581 2196 ,

308 2229 414 2294 diurno
430 2227 460 2291 in
477 2247 514 2291 ea
529 2226 722 2292 convenimus
744 2228 898 2302 laborare,
926 2250 982 2302 ne,
1011 2228 1091 2314 quod
1106 2227 1201 2300 absit,
1229 2247 1290 2291 non
1308 2226 1404 2290 solum
1418 2245 1485 2288 mer·

308 2337 384 2404 cede
411 2337 599 2411 fraudemur,
627 2337 681 2400 scd
697 2343 837 2423 tanquam
854 2338 933 2403 servi
950 2338 1071 2402 desides
1093 2336 1272 2420 repellamur
1279 2357 1290 2409 ;
1320 2336 1446 2420 expedit,
1462 2345 1484 2399 ut

309 2447 441 2514 universi
468 2452 499 2510 et
526 2446 634 2530 singuli
662 2447 864 2511 sollicitudine
892 2469 951 2512 non
977 2448 1057 2532 pigri
1078 2447 1207 2512 Domino
1235 2446 1365 2509 ferventi
1393 2446 1484 2529 spiritu
1580 2486 1581 2519 2

310 2557 477 2623 servientes
514 2556 546 2619 in
582 2557 648 2641 ipsa
684 2557 913 2640 infatigabiliter
945 2579 1103 2642 operemur
1135 2556 1321 2640 extirpandis
1353 2557 1437 2620 viciis
1463 2563 1486 2618 et

311 2672 504 2753 peccatorum
519 2665 653 2739 tribulis,
682 2686 740 2752 que
757 2667 948 2751 superficiem
964 2668 1028 2732 eins
1046 2666 1242 2732 obumbrasse
1257 2665 1416 2740 videntur,
1441 2684 1486 2730 nec

314 2801 373 2844 non
389 2777 562 2862 ‘plantandis
583 2777 724 2842 virtutum
751 2778 953 2861 germinibus,
981 2779 1011 2842 in
1039 2778 1146 2862 quibus
1161 2778 1308 2842 Dominus
1325 2778 1488 2847 delectatur,
1581 2816 1582 2819 =

314 2888 385 2952 totis
413 2886 570 2951 affectibus
597 2886 790 2952 intendendo.
825 2887 971 2953 Custodie
988 2908 1114 2972 namque
1135 2887 1260 2970 vigilare
1281 2880 1434 2961 tenemur,
1458 2907 1489 2951 nc

314 3002 461 3062 venenata
489 2996 624 3080 reptilia,
652 2996 780 3062 heretici
809 2997 944 3071 scilieet,
972 2998 1051 3061 inter
1078 3001 1266 3061 sacramenta
1289 2999 1420 3062 ecclesie
1441 2996 1489 3058 sibi

314 3107 468 3172 latibulum
495 3105 698 3179 vendicantes,
728 3126 745 3170 a
773 3106 956 3190 perdicionis
978 3107 1046 3170 filiis
1068 3112 1279 3189 receptentur,
1309 3108 1365 3171 sed
1392 3108 1422 3172 in
1447 3126 1490 3169 sua

315 3217 419 3302 pocius
449 3215 709 3300 apprehendantur
739 3215 871 3289 astucia,
909 3223 941 3281 ut
971 3218 1085 3299 recepti
1118 3222 1148 3280 et
1178 3216 1363 3300 recipientes
1393 3216 1492 3302 pariter
1581 3285 1582 3288 Ἴ

317 3324 545 3393 confundantur.
576 3324 687 3389 Verum
704 3325 772 3410 quia
789 3326 959 3392 inchoanda
976 3334 1022 3391 est
1038 3347 1055 3389 a
1079 3326 1253 3391 domesticis
1270 3326 1445 3410 disciplina,
1466 3331 1492 3386 ut

316 3437 355 3502 ab
371 3435 437 3501 aliis
459 3434 636 3517 diligencius
653 3441 684 3499 et
699 3437 864 3520 perfectius
882 3437 1075 3509 observetur,
1098 3457 1165 3501 cum
1182 3436 1303 3510 clerici,
1327 3437 1377 3520 qui
1394 3435 1493 3500 debent

318 3567 387 3612 esse
404 3544 489 3630 quasi
505 3544 591 3609 stelle
607 3543 664 3609 fixe
680 3545 710 3610 iu
733 3546 862 3610 ecclesie
889 3544 1091 3618 firmamento,
1119 3544 1266 3609 studendo
1289 3546 1349 3609 sibi
1370 3566 1423 3629 per
1441 3543 1492 3607 vite

316 3655 454 3722 meritum
477 3660 508 3718 et
529 3654 594 3718 aliis
617 3673 673 3736 per
686 3655 870 3738 exemplum,
892 3675 947 3738 pro
969 3655 1075 3719 maiori
1096 3659 1182 3738 parte
1203 3654 1349 3719 viciorum
1371 3650 1491 3719 tenebris

314 3758 455 3838 involuti,
486 3770 574 3850 prout
603 3763 669 3847 plus
697 3764 770 3827 dere
804 3784 964 3848 possumus
997 3786 1084 3850 quam
1115 3766 1249 3837 referre,
1286 3764 1387 3828 multis
1419 3761 1491 3847 quasi

314 3875 507 3944 occasionem
522 3874 662 3956 ingerant
678 3872 880 3958 delinquendi,
899 3874 967 3938 dura
984 3873 1041 3957 ipsi
1058 3881 1200 3958 unquam
1222 3873 1294 3957 pulli
1311 3892 1492 3957 onagrorum,

314 3987 427 4053 liberos
443 4004 477 4048 se
493 3988 632 4066 putantes
650 3988 681 4047 et
696 3983 833 4047 dicentes
843 3965 856 4047 τ’
871 3963 989 4047 licitum
1006 3983 1135 4069 quitquit
1149 3982 1234 4056 libet,
1250 4003 1305 4066 per
1322 3983 1446 4067 obrupta
1460 4000 1487 4044 se

315 4094 496 4182 precipitnnt
512 4098 718 4175 peccatorum,
735 4091 883 4157 trahendo
900 4092 975 4157 alios
993 4114 1095 4157 secum
1111 4093 1141 4156 in
1157 4091 1284 4166 ruinam,
1297 4099 1330 4158 ut
1341 4099 1389 4158 tot
1401 4091 1492 4156 murti·
1578 4145 1581 4154 .

316 4207 373 4271 bus
390 4203 473 4288 digni
489 4201 571 4275 fiant,
588 4201 667 4287 quod
683 4201 865 4285 perdicionis
883 4202 1017 4285 exempla
1033 4202 1171 4266 videntur
1186 4203 1225 4267 ad
1241 4202 1391 4285 proximos
1406 4207 1493 4265 tram-

317 4317 447 4385 misisse.
480 4312 608 4396 Expedit
630 4312 749 4397 utique,
777 4317 810 4375 ut
836 4312 906 4375 dum
929 4313 966 4376 de
988 4312 1165 4396 patrimonio
1189 4312 1299 4377 Christi
1315 4312 1430 4384 vivunt,
1455 4330 1486 4372 ue

319 4425 480 4492 dixerimus
495 4422 690 4508 prodigaliter
711 4421 934 4494 debachantur,
957 4426 1104 4503 cogantur
1127 4420 1170 4494 ei,
1193 4421 1278 4485 cuius
1300 4426 1493 4486 sustentantur

321 4534 494 4621 stipendiis,
517 4533 614 4597 saltim
635 4552 713 4595 nunc
736 4531 774 4595 ad
795 4532 938 4614 placitum
959 4530 1098 4594 militare.
1132 4530 1272 4594 Ceterum
1293 4528 1490 4595 taciturnitatis

320 4647 425 4731 pocius
448 4647 533 4729 argui
556 4641 712 4726 cupientes
735 4660 823 4725 quam
839 4640 955 4704 illorum
977 4639 1158 4703 excedentes
1182 4639 1293 4703 abusus
1314 4646 1345 4704 et
1367 4639 1492 4703 abusivas

321 4776 463 4823 excessus
484 4752 579 4817 lacius
595 4750 760 4833 explicare3
785 4749 1010 4813 universitatem
1036 4754 1168 4812 vestram
1189 4748 1340 4812 hortamur
1362 4754 1392 4812 et
1413 4747 1492 4812 obse·
