3209 5392
267 545 353 613 208·

243 693 376 775 vnostris
393 711 550 775 eventibus
578 712 698 792 hylares
728 732 796 773 esse
813 731 866 773 vos
897 711 1052 792 cupimus,
1080 712 1122 773 ita
1151 713 1246 773 eciam
1275 713 1312 775 de
1328 711 1447 777 sinistris

263 838 318 880 vos
332 817 507 881 confidimus
521 818 702 881 contristari.
721 818 798 879 Nam
811 817 933 880 celestis
950 817 1075 879 altitudo
1093 818 1223 889 consilii,
1240 819 1324 882 cuius
1341 820 1449 881 occulta

265 925 378 987 iudicia
395 925 537 1005 colligere
555 943 642 986 nemo
658 928 771 1006 potest,
789 942 825 984 eo
843 922 924 1004 quod
940 923 1087 984 amirativi
1103 942 1179 985 voce
1196 924 1371 1004 prophetica
1387 930 1450 987 sunt

270 1033 419 1113 abyssus,
446 1050 503 1093 nec
531 1031 631 1093 valent
647 1050 664 1092 a
680 1029 857 1092 mortalibus
885 1035 950 1091 arte
974 1029 1108 1111 qualibet
1135 1030 1257 1102 evitari,
1285 1052 1338 1094 nos
1355 1033 1384 1094 in
1398 1052 1451 1094 uno

272 1138 465 1201 menbrorum
503 1143 674 1200 nostrorum
719 1136 876 1218 potissimo
910 1134 1080 1198 medullitus
1112 1136 1153 1219 a)
1184 1137 1347 1209 lanceavit,
1389 1137 1453 1200 dum

266 1246 470 1310 Februarii
508 1246 547 1328 b]
577 1245 722 1308 mensis
760 1245 821 1306 die
859 1243 1006 1305 decimo
1038 1248 1174 1305 nostrum
1204 1243 1451 1326 primogenioiam‚

264 1356 411 1417 illustrem
439 1352 551 1433 Syeilie
578 1369 681 1432 regem
704 1350 762 1434 α),
790 1350 829 1411 de
845 1351 905 1411 vite
933 1349 1032 1411 medio
1061 1350 1156 1431 proob
1186 1350 1286 1414 dolor!
1316 1352 1452 1414 evocavit.

267 1461 340 1541 Quis
357 1461 449 1541 igitur
465 1460 563 1522 valeat
583 1458 694 1520 rivulos
722 1458 912 1519 lacrimarum
941 1458 1144 1537 singultuosos
1172 1460 1360 1539 restingere,
1386 1459 1455 1522 tanti

266 1568 318 1631 filii
334 1567 529 1649 prudenciam
553 1565 591 1627 ad
612 1566 786 1627 memoriam
809 1565 985 1626 evocando?
1011 1583 1108 1646 queve
1129 1565 1240 1645 lingwa
1263 1572 1324 1628 tam
1341 1566 1455 1647 gloriosi

230 1717 232 1719 -
267 1677 351 1757 regis
368 1674 525 1737 audaciam
541 1674 738 1754 compilaret?
764 1678 816 1734 aut
832 1673 899 1753 quis
916 1691 1001 1734 suam
1020 1672 1152 1734 calamus
1168 1680 1274 1753 posset
1291 1674 1455 1736 describere

264 1784 456 1864 largitatem?
476 1782 542 1843 Heu
558 1801 617 1850 me,
639 1781 772 1863 inquam,
794 1778 901 1849 filimi,
925 1780 983 1841 heu
1000 1799 1059 1850 me,
1082 1799 1170 1862 quem
1187 1781 1284 1843 vereri
1302 1782 1454 1845 tenebatur

273 1889 399 1973 quilibet
413 1888 569 1958 inimicus,
592 1891 696 1967 utpote
712 1886 855 1948 dilectum
873 1885 1028 1954 omnibus,
1050 1891 1132 1962 terre
1148 1888 1292 1967 gaudium
1309 1889 1455 1951 universal

268 1997 355 2063 Unde
384 1997 440 2059 etsi
458 2000 540 2058 motu
568 1995 697 2058 naturali
725 2000 755 2056 et
781 1999 907 2075 paterno
935 1994 1000 2056 iure
1028 1993 1169 2056 maiestas
1198 2000 1304 2058 nostra
1331 2001 1456 2078 protam

265 2104 389 2186 benigni
417 2103 579 2166 amissione
601 2102 653 2164 lilii
680 2104 710 2164 in
737 2101 877 2163 lacrimas
906 2120 939 2162 se
968 2101 1129 2169 dissolvat,
1156 2102 1249 2164 multo
1277 2103 1391 2166 sorcius
1407 2122 1457 2165 vos

266 2210 419 2293 regnicole
446 2214 529 2272 tanto
557 2209 675 2271 domino
703 2208 826 2272 viduati.
861 2208 908 2270 Sit
930 2226 1002 2288 ergo
1031 2209 1169 2289 planctus
1195 2209 1254 2272 iste
1282 2208 1456 2282 communis,
1490 2209 1493 2214 '

266 2319 356 2385 buius
372 2318 494 2380 lamenti
510 2317 595 2379 dolor
610 2317 641 2378 in
658 2336 776 2379 omnem
790 2322 903 2377 terram
920 2319 951 2378 et
966 2315 998 2376 in
1013 2314 1088 2377 lines
1101 2316 1257 2396 proveniat
1273 2317 1357 2380 orbis
1373 2323 1457 2387 terre,

267 2428 338 2510 quia
353 2426 496 2488 maiestas
513 2422 588 2486 tanti
604 2421 750 2504 principis
767 2421 926 2485 multorum
943 2421 1082 2502 deposcit
1103 2422 1261 2492 lacrimas,
1290 2426 1343 2507 qui
1364 2424 1458 2488 multis

267 2518 410 2615 clpppeus
427 2529 612 2592 detensionis
628 2531 728 2592 fuerat
744 2534 775 2591 et
791 2529 906 2591 salutis.
917 2527 1080 2592 Cessarent
1094 2528 1219 2590 lacrimo
1232 2536 1262 2592 et
1273 2532 1459 2613 singultuosa

268 2643 425 2704 cessarent
441 2638 551 2699 emissa
567 2635 697 2717 suspiria
714 2636 751 2698 de
767 2635 942 2718 profundis,
970 2634 996 2697 si
1019 2656 1079 2697 non
1094 2636 1125 2697 in
1140 2636 1246 2717 longos
1264 2660 1299 2700 se
1317 2640 1460 2703 derivaret

268 2746 380 2810 rivulos
407 2744 452 2807 vis
481 2744 601 2806 doloris.
634 2744 723 2806 Lusit
749 2762 878 2824 namque
893 2742 989 2805 David
1016 2741 1109 2806 lilium
1136 2764 1224 2806 suum
1238 2744 1418 2809 Absolonem
1434 2753 1461 2809 ct

268 2852 440 2937 patriarcba
454 2852 495 2939 β)
508 2871 594 2914 suum
606 2851 721 2933 loseph
733 2850 825 2912 lilium
836 2849 974 2913 lamentis
986 2850 1090 2920 variis,
1106 2858 1195 2931 prout
1206 2852 1347 2933 legimus,
1365 2855 1461 2934 deplo-

269 2964 355 3034 ravit.

361 3087 551 3155 Erganznngen
570 3101 618 3138 aus
631 3084 796 3137 lluill·Brtb.
809 3084 851 3145 Vl,
870 3082 914 3136 52.
937 3083 1089 3137 llridoricus
1109 3085 1161 3137 ete.
1180 3085 1281 3154 populo
1295 3085 1459 3139 Messanensi

272 3180 324 3229 otc.
342 3205 369 3228 -ι
387 3174 421 3245 α)
435 3175 576 3228 ilenrioum
588 3202 625 3212 -
637 3171 673 3243 β)
687 3174 778 3226 Jacob.

362 3264 520 3330 Vergleiolra
534 3263 599 3314 r'rber
612 3262 663 3314 deo
677 3263 816 3330 Todestag
829 3262 859 3314 ll.
874 3260 1013 3316 lleinricbs
1025 3260 1102 3332 (Vll)
1113 3261 1242 3316 Boehmer
1253 3262 1320 3333 Reg.
1333 3263 1394 3332 imp.
1404 3262 1461 3316 inde

271 3354 305 3406 ab
319 3349 389 3404 1198
404 3368 464 3421 pag.
478 3350 539 3412 255,
555 3352 602 3404 der
615 3366 711 3403 ansero
722 3350 795 3403 Briel
802 3351 871 3403 ohne
879 3351 989 3420 Angabo
1001 3350 1047 3404 des
1055 3349 1179 3403 Grandes
1189 3350 1233 3403 fiir
1242 3354 1345 3406 unecht
1356 3353 1459 3406 erlltrt.

856 3538 891 3609 5.

681 3714 848 3797 Imperator
865 3714 896 3778 ll.
912 3716 1053 3797 prlnolpl.

228 3829 231 3834 ’
271 3837 328 3889 Ber
344 3836 441 3891 Komar
461 3834 620 3903 (Friedrich
634 3835 685 3903 11.)
704 3843 798 3890 trdatct
816 3836 892 3891 einen
910 3837 1001 3891 eeiner
1016 3839 1147 3891 Getreuen
1166 3840 1230 3892 tter
1242 3840 1293 3893 den
1310 3842 1367 3895 Tod
1377 3840 1459 3895 acina

749 3926 860 3998 lapsam
875 3924 983 3982 Solones.

364 4069 450 4151 Quod
467 4068 504 4130 de
521 4068 608 4131 nimis
625 4068 736 4130 acerbo
752 4068 805 4130 filii
827 4070 870 4131 tui
893 4089 965 4132 casu
983 4071 1201 4152 compassionis
1219 4077 1322 4136 nostre
1338 4071 1458 4135 verbum

272 4177 311 4240 ad
326 4181 356 4239 te
372 4175 458 4239 tarde
474 4175 612 4256 pervenit
628 4195 720 4237 causa
737 4176 805 4247 luit,
822 4182 855 4239 ut
870 4177 925 4240 tibi
941 4178 979 4240 ad
995 4184 1113 4259 tempus
1130 4180 1268 4241 lacrimas
1283 4178 1455 4240 laxaremus.

273 4284 499 4365 suspirantibus
515 4302 644 4365 namque
661 4284 824 4364 gemitibus
841 4290 871 4347 et
888 4285 981 4347 oculis
998 4285 1166 4348 lacrimosis
1183 4286 1342 4368 epistolam
1358 4291 1456 4348 nostre

274 4392 491 4474 compassionis
509 4391 616 4455 offerre
634 4393 781 4465 nolumus,
806 4413 894 4475 quam
920 4400 951 4456 et
971 4393 1160 4457 lacrimarum
1183 4394 1356 4457 continuata
1378 4396 1459 4474 gutta

272 4498 468 4582 perfunderet
484 4499 649 4576 eteductio
667 4500 791 4581 copiosa
814 4500 996 4581 singultuum
1019 4502 1136 4582 perlegi
1158 4502 1342 4592 prohiberet.
1374 4501 1457 4562 Nunc

273 4613 384 4677 autem,
400 4606 545 4686 mitigatis
563 4606 699 4688 suspiriis
723 4613 754 4670 et
774 4608 936 4672 luminibus
953 4610 1107 4681 excolatis,
1125 4609 1342 4672 consolacionis
1358 4609 1456 4670 nostre

363 4732 397 4801 c)
412 4730 563 4784 medullitus
578 4748 617 4785 am
630 4731 724 4785 Raude
738 4733 767 4787 V.
781 4764 815 4772 -
827 4734 859 4801 b)
873 4733 964 4789 Frebr.
979 4735 1007 4789 V.
