3209 5392
768 927 832 997 71.

570 1102 767 1166 Butram
784 1122 836 1165 rex
854 1101 1017 1166 netllltus.

341 1256 408 1311 nim
420 1258 572 1330 lconlqlirlra
585 1258 711 1330 metune
725 1276 813 1330 meyero
826 1257 995 1313 contundier
1008 1253 1243 1327 Zolltrdrdelrung.

296 1402 421 1465 Gerbert,
436 1402 460 1463 t,
474 1402 519 1456 tl.

229 1615 231 1620 ,
286 1546 412 1628 Exurgit
434 1546 593 1609 adversum
614 1567 667 1609 vos
690 1553 770 1609 terra
794 1543 975 1609 clamoribus
992 1552 1023 1609 et
1039 1545 1077 1607 ad
1093 1565 1180 1607 aures
1196 1544 1281 1625 regie
1297 1543 1390 1606 celsi-

195 1654 308 1718 tudinis
338 1674 503 1738 pauperum
535 1655 666 1736 gemitus
696 1656 830 1718 introivit
861 1675 897 1717 ex
928 1675 963 1717 eo
997 1654 1087 1736 quod,
1119 1652 1270 1736 generalis
1302 1650 1388 1733 pacis

197 1762 405 1827 observationi
436 1762 608 1826 rebellionis
640 1765 815 1827 calcaneum
847 1769 1049 1846 opponentes,
1087 1782 1141 1844 pro
1173 1767 1273 1825 vestre
1303 1759 1389 1823 libitu

196 1871 355 1935 voluntatis
387 1892 405 1932 a
436 1871 660 1933 transcuntibus
697 1871 871 1954 presumitis
904 1876 1081 1954 extorquere
1112 1871 1252 1933 thelonea
1284 1870 1324 1949 α)
1357 1873 1389 1930 et

196 1979 336 2042 indebitis
364 1999 424 2041 nou
452 1979 579 2042 cessatis
607 2000 659 2041 eos
687 1979 820 2061 angariis
849 1999 982 2042 onerare.
1017 1978 1166 2059 Quocirca
1193 1977 1389 2058 prudenciam

195 2092 325 2150 vestram
352 2086 516 2149 affectuose
544 2088 723 2169 requirimus
753 2093 783 2150 et
809 2107 969 2169 rogamus,
996 2106 1050 2167 pro
1073 2085 1112 2165 b)
1134 2084 1219 2164 regia
1242 2084 1279 2168 c)
1302 2082 1389 2145 vobis

130 2209 134 2213 ’
197 2195 376 2259 auctoritate
398 2195 593 2265 mandantes,
620 2200 766 2279 quatenus
790 2215 896 2257 manus
918 2195 1021 2256 illicito
1045 2177 1219 2256 cohibeatis
1236 2190 1273 2253 ab
1297 2211 1389 2272 opere

198 2308 229 2365 et
256 2303 294 2364 ad
320 2302 402 2365 licita
430 2302 611 2374 reflectatis;
639 2303 771 2385 alioquin
799 2303 878 2364 scire
907 2322 961 2365 vos
989 2302 1124 2364 volumus
1151 2319 1206 2380 pro
1229 2297 1392 2365 constanti,

197 2409 276 2492 quod
292 2409 330 2470 ad
346 2408 514 2471 huiusmodi
529 2410 614 2489 pacis
631 2409 902 2491 pulchritudinem,
919 2413 952 2470 ut
967 2408 1094 2490 pristino
1111 2406 1221 2468 decore
1238 2406 1389 2474 refloreat,

198 2536 300 2579 omnes
317 2517 408 2588 vires,
427 2536 514 2580 curas
532 2523 562 2578 et
579 2518 694 2579 animos
711 2537 863 2588 acuemus.

765 2793 844 2898 ⁴72.

555 3003 748 3066 Romanorum
764 3023 817 3065 rex
834 3009 958 3085 cognato
977 3023 1040 3067 suo.

752 3162 844 3215 1277?

198 3308 284 3377 Kdrriy
296 3304 399 3375 liudolf
407 3306 542 3376 ildertrdqt
554 3304 637 3359 einem
657 3307 829 3361 l'erwandten
842 3307 885 3360 ein
897 3308 972 3371 Amt,
996 3304 1025 3359 in
1039 3307 1088 3358 der
1099 3305 1246 3375 Hoffnunq,
1267 3306 1332 3358 daeo
1345 3304 1391 3358 die

94 3415 100 3429 ·
197 3394 415 3464 Reicdefrtroten,
440 3393 507 3447 olene
524 3396 606 3447 deren
619 3393 808 3465 drawilliqunq
819 3393 963 3462 limatoque
979 3412 1011 3448 ru
1031 3395 1159 3463 vergeben
1177 3412 1208 3448 er
1219 3393 1276 3449 cicli
1290 3392 1389 3448 eidliclr

453 3494 559 3555 vmocgt
570 3484 649 3550 habe,
663 3484 722 3539 dire
733 3484 919 3558 Einwo'ltipcng
930 3485 1012 3556 geben
1024 3485 1137 3540 woden.

290 3629 414 3690 Gerbert,
428 3627 454 3686 3.
468 3627 492 3680 6.

290 3775 406 3854 Duplex
428 3772 483 3835 tihi
507 3793 674 3855 suggerere
697 3794 756 3836 non
777 3774 956 3854 ambigimus
981 3774 1178 3844 incentivum,
1201 3773 1281 3855 quod
1304 3772 1389 3834 nobis

198 3887 228 3944 et
243 3883 374 3944 Romano
391 3880 515 3963 imperio
532 3882 608 3943 adeo
625 3882 844 3944 ministeriosus
862 3887 894 3944 ut
918 3882 982 3963 apis
1005 3886 1217 3962 argumentose
1241 3881 1389 3949 deservis,

199 4007 326 4072 quorum>
341 3989 466 4052 alterum
483 3991 646 4070 sauguinis
663 3989 757 4052 efficit
773 3989 930 4059 claritudo,
952 4009 1011 4071 qua
1028 3990 1245 4070 coniungimur,
1264 3989 1391 4050 alterum

197 4115 268 4159 vero
296 4096 367 4159 tidei
396 4097 528 4159 debitum
556 4097 716 4167 naturalis,
746 4117 804 4181 quo
832 4103 862 4159 te
891 4096 1015 4181 imperio
1033 4116 1236 4178 recognoscas
1253 4097 1390 4178 astringi,

199 4204 279 4288 quod
301 4210 424 4287 rupture
446 4225 506 4267 non
527 4204 637 4290 patitur
660 4204 834 4270 cicatricem
848 4206 884 4292 ¹).
918 4206 1018 4269 Virilis
1046 4205 1138 4287 igitur
1165 4205 1274 4275 animi,
1301 4225 1390 4287 quem

290 4365 324 4434 a)
338 4367 456 4421 thelonia
469 4367 496 4420 Z.
513 4397 543 4406 -
559 4367 592 4435 b)
606 4385 656 4440 pro
670 4366 740 4420 felrlt
752 4368 779 4420 Z.
797 4395 826 4406 —-
845 4367 876 4436 c)
891 4383 939 4440 pro
956 4368 1029 4440 regia
1045 4383 1085 4420 am
1099 4367 1190 4420 Raude
1203 4366 1232 4420 V.

224 4547 246 4606 1)
265 4549 311 4591 Auo
331 4548 418 4593 diesem
436 4551 505 4593 Satio
527 4551 618 4608 lolgort
634 4548 748 4602 Ger-bert,
770 4551 824 4594 dass
845 4550 888 4594 der
905 4549 1015 4594 Brittan
1035 4548 1081 4593 den
1098 4546 1184 4593 Grafen
1201 4546 1322 4592 Meinherd
1344 4559 1391 4592 von

259 4631 321 4674 Gfirz
342 4631 388 4675 und
408 4631 482 4683 Tirol,
502 4633 549 4676 seit
568 4633 661 4690 Antang
681 4632 742 4677 1276
761 4630 968 4691 Schwiegerueter
990 4643 1035 4675 von
1056 4631 1160 4676 [ludolfo
1181 4632 1287 4676 tltootem
1309 4630 1391 4677 Sotae

259 4711 388 4766 liberent,
404 4713 524 4771 geriehtet
536 4714 578 4760 sei.
604 4716 636 4759 Er
647 4716 712 4759 rann
724 4715 814 4782 sodann
826 4714 956 4773 solando,
977 4713 1022 4758 deu
1036 4715 1147 4760 welteren
1160 4710 1391 4760 intellectuose·
