3209 5392
251 502 328 573 264

249 675 509 737 cancellarium,
543 679 688 733 tratre·
721 681 974 751 Beriagerin,
1007 682 1206 751 nagistrum
1238 681 1430 752 hospitalis

139 814 148 825 ,
247 765 358 820 sancti
384 765 572 822 lohanuuis
602 786 662 837 per
680 763 919 832 alamanniam,
947 789 984 826 ac
1012 771 1246 841 Beriugarium
1275 770 1436 828 Comitem

248 855 288 907 de
307 854 536 925 Urestinburg
556 854 613 926 (bei
637 859 810 930 Senircnberg
831 861 864 914 dc
886 860 1072 930 Wartinburg‚
1098 861 1177 915 aliciu
1199 859 1379 930 Beringerium
1401 859 1437 912 ist

248 943 290 997 ain
313 943 399 998 durch
420 944 629 1018 Wicderhulung
651 949 698 1003 des
722 951 788 1003 eben
814 950 909 1004 rorher
935 955 1085 1021 genannicn
1110 952 1222 1005 Namans
1248 950 1438 1005 entsiandeuer

247 1034 447 1089 Schrcibiehler
463 1036 506 1089 idr
523 1039 662 1091 licnricum
676 1039 729 1092 und
746 1040 775 1091 li.
794 1057 847 1093 vou
866 1041 1044 1112 Fiirstenberg
1061 1041 1097 1095 ist
1109 1040 1241 1111 gemeint)
1261 1040 1438 1095 exhibitorem

246 1124 413 1195 presencium
433 1130 484 1180 etc.
500 1156 533 1168 -
546 1126 578 1198 d)
598 1130 623 1182 in
643 1129 816 1185 devocionem
836 1134 929 1185 sancte
949 1131 1040 1184 matris
1058 1130 1173 1184 ecclesie
1193 1134 1220 1184 et
1237 1131 1322 1200 ipsius
1336 1129 1440 1200 imperii

247 1232 294 1270 vus
308 1217 496 1279 corroborent3
519 1217 659 1273 indevotos
677 1219 709 1273 ad
733 1219 905 1275 devocionem
926 1218 1029 1290 imperii
1052 1224 1079 1273 ct
1101 1219 1220 1273 veritatis
1242 1221 1309 1273 dam
1323 1218 1441 1274 alliciant

247 1305 344 1385 modis,
370 1306 465 1378 quibus
491 1310 627 1373 coercuit,
653 1313 734 1380 atquc
759 1313 883 1374 trahaui;
908 1314 934 1363 ct
959 1309 1097 1365 fidelitatis
1122 1309 1210 1364 debita
1237 1308 1404 1366 obedientiae
1425 1327 1441 1363 a

248 1398 322 1451 uobis
340 1400 464 1468 tanquam
485 1398 588 1469 imperii
607 1400 731 1455 fidelibus
752 1405 779 1455 et
796 1403 889 1455 sancte
909 1402 999 1454 matris
1017 1401 1132 1455 ecclesie
1151 1401 1252 1456 daretis
1270 1400 1332 1455 iiliie
1346 1402 1442 1471 petant

249 1493 275 1540 et
293 1486 421 1556 recipiant
439 1488 518 1542 solita
535 1489 697 1553 iuramenta,
719 1491 823 1558 singula
843 1495 870 1543 et
889 1493 1008 1544 universa
1030 1490 1144 1552 faciant,
1166 1493 1297 1551 tractent,
1320 1490 1442 1544 ordinent

249 1580 278 1630 et
298 1576 453 1646 disponant,
479 1594 547 1647 quae
572 1579 606 1632 de
628 1581 697 1634 bono
721 1584 792 1634 statu
814 1580 918 1650 imperii
941 1584 969 1633 et
991 1581 1077 1634 salute
1098 1579 1214 1634 fidelium
1238 1584 1265 1633 ct
1287 1581 1441 1633 devotorum

248 1667 331 1736 ipsius
344 1668 464 1722 noverint
481 1667 619 1740 expedire,
642 1678 747 1741 gratum
759 1675 788 1726 et
804 1677 889 1724 ratum
902 1671 1016 1725 habituri
1030 1671 1160 1742 quidquid
1173 1687 1224 1740 per
1234 1670 1311 1741 ipsos
1331 1669 1440 1731 iactum,

249 1762 405 1819 tractatum,
428 1758 590 1820 ordinatum,
613 1777 660 1816 seu
681 1766 784 1830 gestum
803 1759 929 1814 fueritin
950 1760 1110 1830 praemissio.
1131 1787 1165 1800 -
1184 1759 1211 1829 a)
1230 1761 1290 1813 Dat.
1309 1760 1441 1829 'l’uhugno

249 1849 282 1902 Vl
296 1848 334 1900 id.
347 1847 411 1902 lulii
426 1849 460 1903 iii
474 1850 628 1905 indictione.
642 1851 726 1921 Regni
739 1851 824 1903 nostri
838 1867 905 1904 auno
919 1851 965 1904 11⁰.
975 1849 1175 1921 -Vcrgiaicirc
1188 1851 1255 1904 uber
1267 1850 1318 1906 den
1332 1849 1440 1919 Gegan-

249 1940 324 1992 siaud
333 1938 678 2011 noehssoehmerflegiluu.
687 1941 799 1995 no.188.
808 1938 1081 2012 liopp,i,iilii.und
1091 1943 1171 1994 anien
1184 1940 1241 1996 Foi.
1255 1939 1291 1993 56
1304 1957 1328 1994 c.
1342 1956 1385 1993 no.
1398 1938 1443 1994 32.

819 2236 881 2306 50.

604 2412 665 2475 lex
681 2412 876 2474 kanaam·
893 2410 922 2473 ii.
940 2412 1077 2492 principi.

720 2567 792 2621 1274
811 2567 876 2621 oder
894 2568 974 2623 1275.

250 2712 338 2782 Konip
358 2713 462 2785 liudolf
476 2712 582 2783 fartim
603 2714 655 2767 dea
675 2714 776 2784 nemoy
797 2710 925 2770 Benaci
946 2728 995 2768 cca
1017 2712 1118 2767 aaran
1140 2729 1172 2767 zu
1193 2712 1268 2768 einer
1286 2711 1448 2783 frtrdteten

295 2801 440 2876 Bellequnp
451 2804 500 2856 der
514 2802 707 2874 Sueie‘qleiten
720 2803 765 2856 mir
776 2804 875 2859 sanem
887 2800 995 2860 Brude'r
1007 2801 1122 2876 Lndwig
1134 2803 1192 2857 dem
1208 2803 1338 2873 sareanen
1350 2801 1409 2874 aas.

343 2947 486 3011 Bodmana,
499 2964 526 3017 p.
541 2945 602 3001 198.

136 3123 178 3163 ποι,
188 3122 241 3166 43,
342 3092 557 3157 Desiderantes
574 3113 610 3155 ex
626 3092 738 3156 intimis
755 3092 878 3163 nostris,
891 3098 921 3157 te
934 3111 992 3154 uua
1006 3093 1180 3155 cumfratre
1197 3098 1248 3154 tuo
1265 3092 1296 3154 in
1312 3092 1445 3154 fraterne

252 3199 401 3271 karitatis,
417 3204 450 3262 ut
466 3200 565 3272 decet,
588 3200 747 3263 dulcedine
769 3200 902 3262 recreari
924 3200 971 3261 vei
994 3201 1100 3281 pocius
1124 3198 1250 3269 couniri,
1273 3199 1353 3262 inter
1368 3204 1399 3260 te
1416 3203 1447 3260 ct

252 3308 349 3389 ipsum
380 3308 465 3389 pacis
494 3315 639 3389 perpetue
668 3307 793 3371 consilia
823 3306 1037 3389 cogitavimus,
1066 3308 1131 3389 ipso
1160 3327 1303 3389 germano
1326 3311 1378 3369 tuo
1407 3306 1447 3368 ad

255 3433 372 3479 omnem
389 3415 549 3478 concordie
571 3415 649 3478 riam
671 3415 879 3479 allectionibus
902 3415 1044 3495 congruis
1061 3416 1230 3480 iui'ormato.
1265 3414 1323 3497 Qui
1339 3413 1445 3500 procul

255 3523 359 3592 dubio,
373 3531 461 3605 prout
478 3544 513 3586 er
530 3529 613 3587 certa
628 3524 818 3606 perpendere
834 3543 996 3605 possumus
1013 3524 1200 3594 coniectura,
1216 3522 1255 3586 ad
1272 3522 1445 3588 habeuduru

253 3637 354 3696 tecum
376 3632 537 3695 fraternale
560 3611 749 3694 consorcium
771 3636 910 3714 prompta
933 3629 1069 3693 efficacia
1094 3651 1128 3693 se
1150 3632 1327 3713 frequenter
1348 3631 1447 3692 humi-

252 3740 306 3803 liat
328 3741 369 3826 a)
402 3745 432 3803 et
463 3748 592 3822 coaptat.
638 3741 715 3804 Hinc
753 3744 812 3811 cst,
845 3740 925 3822 quod
958 3739 1164 3801 sinceritatem
1195 3745 1276 3801 tuam
1308 3738 1446 3800 duximus

253 3849 481 3931 requirendam,
505 3856 651 3932 quatenus
668 3849 724 3910 viri
746 3848 904 3929 prudentis
928 3847 1081 3928 ingenium
1105 3847 1218 3909 sollerti
1242 3846 1446 3910 trutinacionc

254 3958 437 4028 discuciens,
454 3964 597 4041 quantum
614 3956 730 4020 comedi
747 3957 801 4020 tuti
820 3957 974 4040 provincie
993 3976 1028 4018 ex
1050 3955 1220 4018 huiusmodi
1243 3961 1344 4020 vestra
1362 3975 1447 4020 ccm-

252 4067 429 4149 pianaciune
458 4066 496 4128 de
524 4071 625 4129 cetero
653 4066 752 4130 valeat
778 4064 955 4148 provenire,
983 4064 1109 4126 inclines
1138 4064 1268 4126 animum
1295 4070 1380 4127 tuum
1407 4065 1446 4127 ad

252 4175 425 4239 habendum
449 4195 516 4238 cum
539 4174 605 4257 ipso
628 4173 821 4256 inpreciabiie
842 4173 954 4236 bonum
975 4173 1069 4254 pacis.
1110 4173 1172 4234 Nos
1196 4173 1276 4234 enim
1303 4172 1379 4235 talos
1408 4172 1447 4234 ad

253 4283 424 4347 habendum
440 4305 532 4367 super
546 4284 701 4365 premissis
718 4284 798 4345 inter
819 4303 872 4346 vos
895 4282 1040 4345 familiare
1057 4282 1236 4365 colloquium
1253 4281 1292 4365 b)
1310 4283 1446 4345 duximus

256 4392 463 4463 destinandos,
486 4393 537 4475 qui
559 4393 796 4474 prenominatum
812 4390 851 4475 c)
874 4411 1050 4472 germanum
1071 4396 1166 4461 tuum,
1190 4391 1229 4460 si,
1252 4390 1332 4473 quod
1355 4388 1445 4457 absit,

347 4535 381 4603 o)
396 4552 424 4587 sa
437 4535 571 4588 ferventer
583 4535 702 4587 habilitat
716 4541 768 4587 etc.
781 4534 809 4587 Z.
827 4564 856 4572 -
872 4534 904 4603 b)
919 4533 1049 4587 familiare
1070 4533 1231 4603 colloquium
1249 4531 1318 4586 haba
1339 4531 1382 4585 ich
1397 4548 1445 4585 aus

254 4625 388 4680 Budmann
413 4624 700 4695 hcrdbcrgenommcn3
723 4624 752 4676 V.
766 4625 818 4677 und
842 4625 869 4676 Z.
893 4623 1073 4677 wiederhoien
1105 4627 1170 4675 stati
1195 4622 1301 4680 dassen,
1328 4622 1447 4675 offenbar

253 4716 612 4787 irrthrimiicir,inprecialriie
627 4720 720 4770 bunum
734 4715 809 4785 pacis
823 4715 942 4770 duximus
958 4721 1008 4767 etc.
1023 4745 1058 4753 -
1072 4716 1101 4783 q)
1117 4718 1286 4784 prenotatam
1300 4711 1328 4764 Z.
