<?xml version="1.0" encoding="UTF-8"?>
<!DOCTYPE html PUBLIC "-//W3C//DTD XHTML 1.0 Transitional//EN"
    "http://www.w3.org/TR/xhtml1/DTD/xhtml1-transitional.dtd">
<html xmlns="http://www.w3.org/1999/xhtml" xml:lang="en" lang="en">
 <head>
  <title>
</title>
<meta http-equiv="Content-Type" content="text/html;charset=utf-8" />
  <meta name='ocr-system' content='tesseract 3.04.00' />
  <meta name='ocr-capabilities' content='ocr_page ocr_carea ocr_par ocr_line ocrx_word'/>
</head>
<body>
  <div class='ocr_page' id='page_1' title='image "./fontesrerumaust00unkngoog_0125.png"; bbox 0 0 3209 5392; ppageno 0'>
   <div class='ocr_carea' id='block_1_1' title="bbox 271 514 321 585">
    <p class='ocr_par' dir='ltr' id='par_1_1' title="bbox 271 514 321 585">
     <span class='ocr_line' id='line_1_1' title="bbox 271 514 321 585; baseline 0 0"><span class='ocrx_word' id='word_1_1' title='bbox 271 514 321 585; x_wconf 82' lang='lat'>98</span> 
     </span>
    </p>
   </div>
   <div class='ocr_carea' id='block_1_2' title="bbox 151 689 1570 2734">
    <p class='ocr_par' dir='ltr' id='par_1_2' title="bbox 269 689 1462 884">
     <span class='ocr_line' id='line_1_2' title="bbox 271 689 1462 773; baseline 0.007 -23"><span class='ocrx_word' id='word_1_2' title='bbox 271 692 301 750; x_wconf 91' lang='lat' dir='ltr'>et</span> <span class='ocrx_word' id='word_1_3' title='bbox 329 689 409 773; x_wconf 90' lang='lat' dir='ltr'>quod</span> <span class='ocrx_word' id='word_1_4' title='bbox 436 691 512 753; x_wconf 89' lang='lat' dir='ltr'>male</span> <span class='ocrx_word' id='word_1_5' title='bbox 541 689 655 754; x_wconf 89' lang='lat' dir='ltr'>meritis</span> <span class='ocrx_word' id='word_1_6' title='bbox 682 691 712 753; x_wconf 94' lang='lat' dir='ltr'>in</span> <span class='ocrx_word' id='word_1_7' title='bbox 740 710 817 773; x_wconf 91' lang='lat' dir='ltr'>pena</span> <span class='ocrx_word' id='word_1_8' title='bbox 845 691 931 773; x_wconf 89' lang='lat' dir='ltr'>culpe</span> <span class='ocrx_word' id='word_1_9' title='bbox 961 691 1143 763; x_wconf 79' lang='lat' dir='ltr'>detrahitur,</span> <span class='ocrx_word' id='word_1_10' title='bbox 1177 692 1255 755; x_wconf 88' lang='lat' dir='ltr'>bene</span> <span class='ocrx_word' id='word_1_11' title='bbox 1283 695 1399 759; x_wconf 88' lang='lat' dir='ltr'>meritis</span> <span class='ocrx_word' id='word_1_12' title='bbox 1430 696 1462 758; x_wconf 90' lang='lat' dir='ltr'>in</span> 
     </span>
     <span class='ocr_line' id='line_1_3' title="bbox 269 797 1168 884; baseline 0.006 -26"><span class='ocrx_word' id='word_1_13' title='bbox 269 797 480 861; x_wconf 89' lang='lat' dir='ltr'>retribucionis</span> <span class='ocrx_word' id='word_1_14' title='bbox 497 797 635 879; x_wconf 89' lang='lat' dir='ltr'>proliciat</span> <span class='ocrx_word' id='word_1_15' title='bbox 651 798 869 881; x_wconf 90' lang='lat' dir='ltr'>quodammodo</span> <span class='ocrx_word' id='word_1_16' title='bbox 886 799 1106 862; x_wconf 88' lang='lat' dir='ltr'>incrementum</span> <span class='ocrx_word' id='word_1_17' title='bbox 1121 799 1168 884; x_wconf 84' lang='lat' dir='ltr'>a).</span> 
     </span>
    </p>

    <p class='ocr_par' dir='ltr' id='par_1_3' title="bbox 151 906 1463 1420">
     <span class='ocr_line' id='line_1_4' title="bbox 151 906 1458 992; baseline 0.008 -28"><span class='ocrx_word' id='word_1_18' title='bbox 151 923 259 965; x_wconf 73' lang='lat' dir='ltr'>raas..</span> <span class='ocrx_word' id='word_1_19' title='bbox 357 908 444 971; x_wconf 80' lang='lat' dir='ltr'>Item.</span> <span class='ocrx_word' id='word_1_20' title='bbox 478 906 553 970; x_wconf 84' lang='lat' dir='ltr'>Cum</span> <span class='ocrx_word' id='word_1_21' title='bbox 569 907 607 969; x_wconf 91' lang='lat' dir='ltr'>ad</span> <span class='ocrx_word' id='word_1_22' title='bbox 623 907 758 988; x_wconf 89' lang='lat' dir='ltr'>regimen</span> <span class='ocrx_word' id='word_1_23' title='bbox 774 907 842 969; x_wconf 91' lang='lat' dir='ltr'>ideo</span> <span class='ocrx_word' id='word_1_24' title='bbox 859 907 957 970; x_wconf 78' lang='lat' dir='ltr'>vocati</span> <span class='ocrx_word' id='word_1_25' title='bbox 975 908 1068 970; x_wconf 90' lang='lat' dir='ltr'>simus</span> <span class='ocrx_word' id='word_1_26' title='bbox 1084 908 1212 990; x_wconf 90' lang='lat' dir='ltr'>imperii,</span> <span class='ocrx_word' id='word_1_27' title='bbox 1229 909 1328 973; x_wconf 85' lang='lat' dir='ltr'>divina</span> <span class='ocrx_word' id='word_1_28' title='bbox 1350 912 1458 992; x_wconf 77' lang='lat' dir='ltr'>gracia</span> 
     </span>
     <span class='ocr_line' id='line_1_5' title="bbox 269 1014 1463 1096; baseline 0.006 -20"><span class='ocrx_word' id='word_1_29' title='bbox 269 1014 464 1096; x_wconf 90' lang='lat' dir='ltr'>disponente,</span> <span class='ocrx_word' id='word_1_30' title='bbox 492 1021 524 1078; x_wconf 91' lang='lat' dir='ltr'>ut</span> <span class='ocrx_word' id='word_1_31' title='bbox 552 1020 728 1078; x_wconf 90' lang='lat' dir='ltr'>cunctorum</span> <span class='ocrx_word' id='word_1_32' title='bbox 756 1014 822 1077; x_wconf 90' lang='lat' dir='ltr'>iura</span> <span class='ocrx_word' id='word_1_33' title='bbox 846 1036 901 1096; x_wconf 90' lang='lat' dir='ltr'>per</span> <span class='ocrx_word' id='word_1_34' title='bbox 924 1022 1056 1078; x_wconf 88' lang='lat' dir='ltr'>nostram</span> <span class='ocrx_word' id='word_1_35' title='bbox 1080 1016 1309 1081; x_wconf 90' lang='lat' dir='ltr'>sollicitudinem</span> <span class='ocrx_word' id='word_1_36' title='bbox 1334 1039 1463 1083; x_wconf 88' lang='lat' dir='ltr'>conser-</span> 
     </span>
     <span class='ocr_line' id='line_1_6' title="bbox 268 1122 1463 1194; baseline 0.005 -10"><span class='ocrx_word' id='word_1_37' title='bbox 268 1127 375 1185; x_wconf 77' lang='lat' dir='ltr'>ventur</span> <span class='ocrx_word' id='word_1_38' title='bbox 391 1128 421 1186; x_wconf 90' lang='lat' dir='ltr'>et</span> <span class='ocrx_word' id='word_1_39' title='bbox 436 1128 575 1186; x_wconf 91' lang='lat' dir='ltr'>maneant</span> <span class='ocrx_word' id='word_1_40' title='bbox 591 1122 715 1194; x_wconf 88' lang='lat' dir='ltr'>illibata,</span> <span class='ocrx_word' id='word_1_41' title='bbox 733 1124 777 1185; x_wconf 86' lang='lat' dir='ltr'>sie</span> <span class='ocrx_word' id='word_1_42' title='bbox 794 1129 963 1186; x_wconf 92' lang='lat' dir='ltr'>nostrorum</span> <span class='ocrx_word' id='word_1_43' title='bbox 986 1123 1116 1187; x_wconf 89' lang='lat' dir='ltr'>lidelium</span> <span class='ocrx_word' id='word_1_44' title='bbox 1138 1127 1245 1189; x_wconf 88' lang='lat' dir='ltr'>adesse</span> <span class='ocrx_word' id='word_1_45' title='bbox 1267 1127 1403 1191; x_wconf 78' lang='lat' dir='ltr'>volumus</span> <span class='ocrx_word' id='word_1_46' title='bbox 1427 1135 1463 1191; x_wconf 87' lang='lat' dir='ltr'>et</span> 
     </span>
     <span class='ocr_line' id='line_1_7' title="bbox 267 1230 1460 1317; baseline 0.006 -25"><span class='ocrx_word' id='word_1_47' title='bbox 267 1235 405 1293; x_wconf 89' lang='lat' dir='ltr'>tenemur</span> <span class='ocrx_word' id='word_1_48' title='bbox 426 1231 562 1302; x_wconf 90' lang='lat' dir='ltr'>iusticie,</span> <span class='ocrx_word' id='word_1_49' title='bbox 592 1231 670 1313; x_wconf 90' lang='lat' dir='ltr'>quod</span> <span class='ocrx_word' id='word_1_50' title='bbox 695 1231 838 1292; x_wconf 89' lang='lat' dir='ltr'>malorum</span> <span class='ocrx_word' id='word_1_51' title='bbox 859 1230 1023 1294; x_wconf 81' lang='lat' dir='ltr'>insolencia</span> <span class='ocrx_word' id='word_1_52' title='bbox 1039 1253 1072 1294; x_wconf 89' lang='lat' dir='ltr'>se</span> <span class='ocrx_word' id='word_1_53' title='bbox 1088 1234 1234 1314; x_wconf 73' lang='lat' dir='ltr'>prolatant</span> <span class='ocrx_word' id='word_1_54' title='bbox 1250 1255 1309 1297; x_wconf 91' lang='lat' dir='ltr'>non</span> <span class='ocrx_word' id='word_1_55' title='bbox 1324 1236 1460 1317; x_wconf 89' lang='lat' dir='ltr'>gaudeat</span> 
     </span>
     <span class='ocr_line' id='line_1_8' title="bbox 269 1338 1094 1420; baseline 0.002 -20"><span class='ocrx_word' id='word_1_56' title='bbox 269 1344 299 1402; x_wconf 91' lang='lat' dir='ltr'>et</span> <span class='ocrx_word' id='word_1_57' title='bbox 314 1338 460 1401; x_wconf 90' lang='lat' dir='ltr'>bonorum</span> <span class='ocrx_word' id='word_1_58' title='bbox 476 1338 647 1401; x_wconf 87' lang='lat' dir='ltr'>innocentia</span> <span class='ocrx_word' id='word_1_59' title='bbox 664 1358 723 1400; x_wconf 94' lang='lat' dir='ltr'>non</span> <span class='ocrx_word' id='word_1_60' title='bbox 739 1338 842 1419; x_wconf 82' lang='lat' dir='ltr'>lugeat</span> <span class='ocrx_word' id='word_1_61' title='bbox 859 1359 892 1399; x_wconf 89' lang='lat' dir='ltr'>se</span> <span class='ocrx_word' id='word_1_62' title='bbox 909 1357 1094 1420; x_wconf 83' lang='lat' dir='ltr'>oppressam.</span> 
     </span>
    </p>

    <p class='ocr_par' dir='ltr' id='par_1_4' title="bbox 267 1445 1570 2071">
     <span class='ocr_line' id='line_1_9' title="bbox 357 1445 1460 1535; baseline 0.003 -23"><span class='ocrx_word' id='word_1_63' title='bbox 357 1450 442 1513; x_wconf 86' lang='lat' dir='ltr'>Tunc</span> <span class='ocrx_word' id='word_1_64' title='bbox 459 1447 496 1532; x_wconf 83' lang='lat' dir='ltr'>b)</span> <span class='ocrx_word' id='word_1_65' title='bbox 510 1448 670 1529; x_wconf 90' lang='lat' dir='ltr'>imperialis</span> <span class='ocrx_word' id='word_1_66' title='bbox 684 1448 863 1510; x_wconf 80' lang='lat' dir='ltr'>excellencie</span> <span class='ocrx_word' id='word_1_67' title='bbox 875 1445 1044 1532; x_wconf 84' lang='lat' dir='ltr'>firmissimo</span> <span class='ocrx_word' id='word_1_68' title='bbox 1062 1455 1180 1513; x_wconf 89' lang='lat' dir='ltr'>rectore</span> <span class='ocrx_word' id='word_1_69' title='bbox 1196 1449 1331 1514; x_wconf 83' lang='lat' dir='ltr'>firmatur</span> <span class='ocrx_word' id='word_1_70' title='bbox 1358 1452 1460 1535; x_wconf 91' lang='lat' dir='ltr'>impe-</span> 
     </span>
     <span class='ocr_line' id='line_1_10' title="bbox 267 1544 1463 1642; baseline 0.001 -21"><span class='ocrx_word' id='word_1_71' title='bbox 267 1544 360 1628; x_wconf 90' lang='lat' dir='ltr'>rium,</span> <span class='ocrx_word' id='word_1_72' title='bbox 382 1561 453 1619; x_wconf 90' lang='lat' dir='ltr'>tunc</span> <span class='ocrx_word' id='word_1_73' title='bbox 477 1557 570 1619; x_wconf 78' lang='lat' dir='ltr'>decue</span> <span class='ocrx_word' id='word_1_74' title='bbox 594 1575 716 1618; x_wconf 87' lang='lat' dir='ltr'>cesaree</span> <span class='ocrx_word' id='word_1_75' title='bbox 740 1555 886 1619; x_wconf 88' lang='lat' dir='ltr'>attollitur</span> <span class='ocrx_word' id='word_1_76' title='bbox 910 1555 1094 1628; x_wconf 89' lang='lat' dir='ltr'>maiestatis,</span> <span class='ocrx_word' id='word_1_77' title='bbox 1118 1576 1186 1621; x_wconf 92' lang='lat' dir='ltr'>cum</span> <span class='ocrx_word' id='word_1_78' title='bbox 1213 1558 1382 1622; x_wconf 89' lang='lat' dir='ltr'>infidelibus</span> <span class='ocrx_word' id='word_1_79' title='bbox 1404 1581 1463 1642; x_wconf 90' lang='lat' dir='ltr'>pro</span> 
     </span>
     <span class='ocr_line' id='line_1_11' title="bbox 268 1662 1420 1749; baseline 0.003 -21"><span class='ocrx_word' id='word_1_80' title='bbox 268 1665 393 1748; x_wconf 88' lang='lat' dir='ltr'>perfidia</span> <span class='ocrx_word' id='word_1_81' title='bbox 407 1685 514 1748; x_wconf 92' lang='lat' dir='ltr'>penam</span> <span class='ocrx_word' id='word_1_82' title='bbox 531 1664 621 1745; x_wconf 83' lang='lat' dir='ltr'>digne</span> <span class='ocrx_word' id='word_1_83' title='bbox 637 1664 775 1728; x_wconf 88' lang='lat' dir='ltr'>retribuit</span> <span class='ocrx_word' id='word_1_84' title='bbox 791 1671 822 1727; x_wconf 88' lang='lat' dir='ltr'>et</span> <span class='ocrx_word' id='word_1_85' title='bbox 837 1683 891 1746; x_wconf 88' lang='lat' dir='ltr'>pro</span> <span class='ocrx_word' id='word_1_86' title='bbox 915 1662 974 1726; x_wconf 88' lang='lat' dir='ltr'>tide</span> <span class='ocrx_word' id='word_1_87' title='bbox 997 1663 1135 1729; x_wconf 84' lang='lat' dir='ltr'>fidelibus</span> <span class='ocrx_word' id='word_1_88' title='bbox 1157 1669 1272 1749; x_wconf 89' lang='lat' dir='ltr'>premia</span> <span class='ocrx_word' id='word_1_89' title='bbox 1292 1668 1420 1732; x_wconf 90' lang='lat' dir='ltr'>liberal&#39;</span> 
     </span>
     <span class='ocr_line' id='line_1_12' title="bbox 268 1772 1466 1859; baseline 0.006 -24"><span class='ocrx_word' id='word_1_90' title='bbox 268 1772 426 1855; x_wconf 85' lang='lat' dir='ltr'>elargitur,</span> <span class='ocrx_word' id='word_1_91' title='bbox 454 1793 595 1857; x_wconf 85' lang='lat' dir='ltr'>amorque</span> <span class='ocrx_word' id='word_1_92' title='bbox 617 1773 734 1836; x_wconf 86' lang='lat' dir='ltr'>virtutis</span> <span class='ocrx_word' id='word_1_93' title='bbox 758 1778 829 1835; x_wconf 92' lang='lat' dir='ltr'>tunc</span> <span class='ocrx_word' id='word_1_94' title='bbox 852 1774 963 1836; x_wconf 89' lang='lat' dir='ltr'>crescit</span> <span class='ocrx_word' id='word_1_95' title='bbox 983 1775 1014 1836; x_wconf 94' lang='lat' dir='ltr'>in</span> <span class='ocrx_word' id='word_1_96' title='bbox 1036 1774 1122 1838; x_wconf 90' lang='lat' dir='ltr'>bonis</span> <span class='ocrx_word' id='word_1_97' title='bbox 1146 1782 1176 1839; x_wconf 91' lang='lat' dir='ltr'>et</span> <span class='ocrx_word' id='word_1_98' title='bbox 1196 1796 1273 1859; x_wconf 89' lang='lat' dir='ltr'>pene</span> <span class='ocrx_word' id='word_1_99' title='bbox 1302 1779 1382 1840; x_wconf 78' lang='lat' dir='ltr'>sra&#39;</span> <span class='ocrx_word' id='word_1_100' title='bbox 1428 1778 1466 1846; x_wconf 69' lang='lat' dir='ltr'>in,</span> 
     </span>
     <span class='ocr_line' id='line_1_13' title="bbox 267 1881 1570 1953; baseline 0.003 -7"><span class='ocrx_word' id='word_1_101' title='bbox 267 1882 367 1947; x_wconf 91' lang='lat' dir='ltr'>multis</span> <span class='ocrx_word' id='word_1_102' title='bbox 382 1881 510 1953; x_wconf 88' lang='lat' dir='ltr'>aeuitur,</span> <span class='ocrx_word' id='word_1_103' title='bbox 527 1901 595 1944; x_wconf 88' lang='lat' dir='ltr'>cnm</span> <span class='ocrx_word' id='word_1_104' title='bbox 610 1881 756 1944; x_wconf 91' lang='lat' dir='ltr'>iustorum</span> <span class='ocrx_word' id='word_1_105' title='bbox 773 1881 890 1943; x_wconf 80' lang='lat' dir='ltr'>diviciis</span> <span class='ocrx_word' id='word_1_106' title='bbox 908 1882 979 1946; x_wconf 91' lang='lat' dir='ltr'>iusti</span> <span class='ocrx_word' id='word_1_107' title='bbox 996 1884 1128 1946; x_wconf 89' lang='lat' dir='ltr'>ditantur</span> <span class='ocrx_word' id='word_1_108' title='bbox 1143 1889 1174 1947; x_wconf 88' lang='lat' dir='ltr'>et</span> <span class='ocrx_word' id='word_1_109' title='bbox 1189 1884 1296 1948; x_wconf 79' lang='lat' dir='ltr'>induu·</span> <span class='ocrx_word' id='word_1_110' title='bbox 1325 1924 1328 1941; x_wconf 82' lang='lat'><strong><em>.</em></strong></span> <span class='ocrx_word' id='word_1_111' title='bbox 1368 1886 1460 1949; x_wconf 90' lang='lat' dir='ltr'>inno·</span> <span class='ocrx_word' id='word_1_112' title='bbox 1567 1941 1570 1949; x_wconf 81' lang='grc'>,</span> 
     </span>
     <span class='ocr_line' id='line_1_14' title="bbox 269 1989 1292 2071; baseline -0.001 -20"><span class='ocrx_word' id='word_1_113' title='bbox 269 1996 373 2052; x_wconf 91' lang='lat' dir='ltr'>centes</span> <span class='ocrx_word' id='word_1_114' title='bbox 390 1989 494 2071; x_wconf 91' lang='lat' dir='ltr'>spoliis</span> <span class='ocrx_word' id='word_1_115' title='bbox 512 1990 747 2070; x_wconf 85' lang='lat' dir='ltr'>dampnatorum.</span> <span class='ocrx_word' id='word_1_116' title='bbox 1290 1993 1292 1995; x_wconf 78' lang='grc'><strong>’</strong></span> 
     </span>
    </p>

    <p class='ocr_par' dir='ltr' id='par_1_5' title="bbox 266 2096 1538 2734">
     <span class='ocr_line' id='line_1_15' title="bbox 355 2096 1463 2184; baseline 0.003 -21"><span class='ocrx_word' id='word_1_117' title='bbox 355 2099 434 2164; x_wconf 83' lang='lat' dir='ltr'>Item</span> <span class='ocrx_word' id='word_1_118' title='bbox 449 2099 497 2184; x_wconf 86' lang='lat' dir='ltr'>b).</span> <span class='ocrx_word' id='word_1_119' title='bbox 529 2097 681 2179; x_wconf 90' lang='lat' dir='ltr'>lnpunitas</span> <span class='ocrx_word' id='word_1_120' title='bbox 705 2098 853 2160; x_wconf 90' lang='lat' dir='ltr'>scelerum</span> <span class='ocrx_word' id='word_1_121' title='bbox 880 2096 984 2161; x_wconf 84' lang='lat' dir='ltr'>fideles</span> <span class='ocrx_word' id='word_1_122' title='bbox 1008 2106 1155 2163; x_wconf 79' lang='lat' dir='ltr'>exanimat</span> <span class='ocrx_word' id='word_1_123' title='bbox 1171 2125 1202 2170; x_wconf 83' lang='lat' dir='ltr'>c</span> <span class='ocrx_word' id='word_1_124' title='bbox 1244 2110 1257 2164; x_wconf 90' lang='lat' dir='ltr'>t</span> <span class='ocrx_word' id='word_1_125' title='bbox 1283 2102 1463 2166; x_wconf 85' lang='lat' dir='ltr'>terribiliter</span> 
     </span>
     <span class='ocr_line' id='line_1_16' title="bbox 266 2205 1461 2293; baseline 0.005 -24"><span class='ocrx_word' id='word_1_126' title='bbox 266 2207 410 2270; x_wconf 86' lang='lat' dir='ltr'>malorum</span> <span class='ocrx_word' id='word_1_127' title='bbox 426 2211 521 2269; x_wconf 91' lang='lat' dir='ltr'>armat</span> <span class='ocrx_word' id='word_1_128' title='bbox 537 2205 692 2276; x_wconf 88' lang='lat' dir='ltr'>audaciam</span> <span class='ocrx_word' id='word_1_129' title='bbox 707 2213 812 2269; x_wconf 90' lang='lat' dir='ltr'>contra</span> <span class='ocrx_word' id='word_1_130' title='bbox 823 2206 935 2279; x_wconf 90' lang='lat' dir='ltr'>bonos;</span> <span class='ocrx_word' id='word_1_131' title='bbox 952 2227 1009 2269; x_wconf 89' lang='lat' dir='ltr'>nec</span> <span class='ocrx_word' id='word_1_132' title='bbox 1020 2228 1099 2288; x_wconf 90' lang='lat' dir='ltr'>pena</span> <span class='ocrx_word' id='word_1_133' title='bbox 1111 2229 1146 2271; x_wconf 88' lang='lat' dir='ltr'>ea</span> <span class='ocrx_word' id='word_1_134' title='bbox 1211 2210 1279 2272; x_wconf 91' lang='lat' dir='ltr'>talis</span> <span class='ocrx_word' id='word_1_135' title='bbox 1295 2212 1461 2293; x_wconf 90' lang='lat' dir='ltr'>inpunitas,</span> 
     </span>
     <span class='ocr_line' id='line_1_17' title="bbox 268 2312 1464 2400; baseline 0.005 -23"><span class='ocrx_word' id='word_1_136' title='bbox 268 2335 325 2399; x_wconf 86' lang='lat' dir='ltr'>que</span> <span class='ocrx_word' id='word_1_137' title='bbox 349 2315 380 2377; x_wconf 90' lang='lat' dir='ltr'>in</span> <span class='ocrx_word' id='word_1_138' title='bbox 401 2314 546 2377; x_wconf 90' lang='lat' dir='ltr'>bonorum</span> <span class='ocrx_word' id='word_1_139' title='bbox 568 2312 676 2376; x_wconf 91' lang='lat' dir='ltr'>transit</span> <span class='ocrx_word' id='word_1_140' title='bbox 697 2333 806 2394; x_wconf 92' lang='lat' dir='ltr'>penam</span> <span class='ocrx_word' id='word_1_141' title='bbox 828 2319 858 2376; x_wconf 90' lang='lat' dir='ltr'>et</span> <span class='ocrx_word' id='word_1_142' title='bbox 878 2313 1003 2378; x_wconf 88' lang='lat' dir='ltr'>remittit</span> <span class='ocrx_word' id='word_1_143' title='bbox 1023 2335 1100 2396; x_wconf 87' lang='lat' dir='ltr'>pena</span> <span class='ocrx_word' id='word_1_144' title='bbox 1119 2343 1129 2361; x_wconf 70' lang='lat'>2</span> <span class='ocrx_word' id='word_1_145' title='bbox 1152 2318 1331 2400; x_wconf 90' lang='lat' dir='ltr'>supplicium</span> <span class='ocrx_word' id='word_1_146' title='bbox 1352 2320 1464 2384; x_wconf 91' lang='lat' dir='ltr'>merito</span> 
     </span>
     <span class='ocr_line' id='line_1_18' title="bbox 268 2421 1464 2506; baseline 0.003 -19"><span class='ocrx_word' id='word_1_147' title='bbox 268 2424 437 2506; x_wconf 88' lang='lat' dir='ltr'>puniendis,</span> <span class='ocrx_word' id='word_1_148' title='bbox 459 2424 587 2506; x_wconf 90' lang='lat' dir='ltr'>ideoque</span> <span class='ocrx_word' id='word_1_149' title='bbox 611 2422 647 2485; x_wconf 89' lang='lat' dir='ltr'>de</span> <span class='ocrx_word' id='word_1_150' title='bbox 669 2422 734 2485; x_wconf 92' lang='lat' dir='ltr'>iure</span> <span class='ocrx_word' id='word_1_151' title='bbox 756 2422 859 2503; x_wconf 88' lang='lat' dir='ltr'>probis</span> <span class='ocrx_word' id='word_1_152' title='bbox 881 2442 918 2485; x_wconf 89' lang='lat' dir='ltr'>ac</span> <span class='ocrx_word' id='word_1_153' title='bbox 945 2421 1045 2485; x_wconf 86' lang='lat' dir='ltr'>tidelib</span> <span class='ocrx_word' id='word_1_154' title='bbox 1110 2427 1268 2506; x_wconf 91' lang='lat' dir='ltr'>potestatis</span> <span class='ocrx_word' id='word_1_155' title='bbox 1297 2428 1464 2491; x_wconf 88' lang='lat' dir='ltr'>cuiuslibet</span> 
     </span>
     <span class='ocr_line' id='line_1_19' title="bbox 268 2531 1538 2620; baseline 0.006 -24"><span class='ocrx_word' id='word_1_156' title='bbox 268 2534 491 2596; x_wconf 90' lang='lat' dir='ltr'>committuntur</span> <span class='ocrx_word' id='word_1_157' title='bbox 512 2531 675 2614; x_wconf 85' lang='lat' dir='ltr'>regimina,</span> <span class='ocrx_word' id='word_1_158' title='bbox 703 2537 737 2594; x_wconf 91' lang='lat' dir='ltr'>nt</span> <span class='ocrx_word' id='word_1_159' title='bbox 758 2531 876 2594; x_wconf 85' lang='lat' dir='ltr'>malicia</span> <span class='ocrx_word' id='word_1_160' title='bbox 898 2532 1019 2594; x_wconf 86' lang='lat' dir='ltr'>videlic·</span> <span class='ocrx_word' id='word_1_161' title='bbox 1060 2540 1182 2615; x_wconf 88' lang='lat' dir='ltr'>pereat,</span> <span class='ocrx_word' id='word_1_162' title='bbox 1211 2536 1331 2600; x_wconf 78' lang='lat' dir='ltr'>iusticia</span> <span class='ocrx_word' id='word_1_163' title='bbox 1346 2538 1462 2620; x_wconf 87' lang='lat' dir='ltr'>vigeat,</span> <span class='ocrx_word' id='word_1_164' title='bbox 1533 2604 1538 2616; x_wconf 71' lang='grc'><em>,</em></span> 
     </span>
     <span class='ocr_line' id='line_1_20' title="bbox 266 2640 1464 2734; baseline 0.005 -30"><span class='ocrx_word' id='word_1_165' title='bbox 266 2641 444 2704; x_wconf 91' lang='lat' dir='ltr'>innocencia</span> <span class='ocrx_word' id='word_1_166' title='bbox 465 2640 586 2712; x_wconf 88' lang='lat' dir='ltr'>lloreat,</span> <span class='ocrx_word' id='word_1_167' title='bbox 615 2640 731 2734; x_wconf 79' lang='lat' dir='ltr'>scelera</span> <span class='ocrx_word' id='word_1_168' title='bbox 759 2640 953 2703; x_wconf 84' lang='lat' dir='ltr'>destruantur</span> <span class='ocrx_word' id='word_1_169' title='bbox 996 2642 1120 2723; x_wconf 90' lang='lat' dir='ltr'>pessimi</span> <span class='ocrx_word' id='word_1_170' title='bbox 1142 2643 1267 2706; x_wconf 87' lang='lat' dir='ltr'>timeant</span> <span class='ocrx_word' id='word_1_171' title='bbox 1290 2650 1321 2707; x_wconf 91' lang='lat' dir='ltr'>et</span> <span class='ocrx_word' id='word_1_172' title='bbox 1342 2645 1414 2709; x_wconf 89' lang='lat' dir='ltr'>boni</span> <span class='ocrx_word' id='word_1_173' title='bbox 1430 2647 1464 2709; x_wconf 92' lang='lat' dir='ltr'>iu</span> 
     </span>
    </p>
   </div>
   <div class='ocr_carea' id='block_1_3' title="bbox 267 2748 914 2835">
    <p class='ocr_par' dir='ltr' id='par_1_6' title="bbox 267 2748 914 2835">
     <span class='ocr_line' id='line_1_21' title="bbox 267 2748 914 2835; baseline -0.002 -21"><span class='ocrx_word' id='word_1_174' title='bbox 267 2751 480 2835; x_wconf 85' lang='lat' dir='ltr'>tranquillitate</span> <span class='ocrx_word' id='word_1_175' title='bbox 496 2749 615 2833; x_wconf 89' lang='lat' dir='ltr'>placida</span> <span class='ocrx_word' id='word_1_176' title='bbox 631 2749 849 2833; x_wconf 89' lang='lat' dir='ltr'>conquiescant</span> <span class='ocrx_word' id='word_1_177' title='bbox 864 2748 914 2829; x_wconf 87' lang='lat' dir='ltr'>d).</span> 
     </span>
    </p>
   </div>
   <div class='ocr_carea' id='block_1_4' title="bbox 226 3003 1604 4626">
    <p class='ocr_par' dir='ltr' id='par_1_7' title="bbox 226 3003 1604 4626">
     <span class='ocr_line' id='line_1_22' title="bbox 250 3003 1462 3078; baseline -0.003 -14"><span class='ocrx_word' id='word_1_178' title='bbox 250 3034 253 3040; x_wconf 91' lang='lat'><em>·</em></span> <span class='ocrx_word' id='word_1_179' title='bbox 357 3010 466 3078; x_wconf 85' lang='lat' dir='ltr'>a)llier</span> <span class='ocrx_word' id='word_1_180' title='bbox 491 3008 560 3075; x_wconf 82' lang='lat' dir='ltr'>folgt</span> <span class='ocrx_word' id='word_1_181' title='bbox 585 3007 611 3060; x_wconf 84' lang='lat' dir='ltr'>in</span> <span class='ocrx_word' id='word_1_182' title='bbox 637 3004 703 3061; x_wconf 83' lang='lat' dir='ltr'>Ged.</span> <span class='ocrx_word' id='word_1_183' title='bbox 730 3004 760 3058; x_wconf 87' lang='lat' dir='ltr'>v.</span> <span class='ocrx_word' id='word_1_184' title='bbox 786 3004 824 3057; x_wconf 87' lang='lat' dir='ltr'>ei</span> <span class='ocrx_word' id='word_1_185' title='bbox 854 3003 926 3058; x_wconf 87' lang='lat' dir='ltr'>Blatt</span> <span class='ocrx_word' id='word_1_186' title='bbox 945 3003 1017 3075; x_wconf 77' lang='lat' dir='ltr'>(rol.</span> <span class='ocrx_word' id='word_1_187' title='bbox 1040 3003 1092 3075; x_wconf 81' lang='lat'>23)</span> <span class='ocrx_word' id='word_1_188' title='bbox 1120 3005 1254 3060; x_wconf 85' lang='lat' dir='ltr'>Exordien</span> <span class='ocrx_word' id='word_1_189' title='bbox 1273 3021 1323 3059; x_wconf 87' lang='lat' dir='ltr'>ron</span> <span class='ocrx_word' id='word_1_190' title='bbox 1343 3005 1462 3061; x_wconf 79' lang='lat' dir='ltr'>anderen·</span> 
     </span>
     <span class='ocr_line' id='line_1_23' title="bbox 269 3094 1463 3173; baseline -0.004 -16"><span class='ocrx_word' id='word_1_191' title='bbox 269 3102 353 3167; x_wconf 88' lang='lat' dir='ltr'>lland,</span> <span class='ocrx_word' id='word_1_192' title='bbox 373 3101 425 3166; x_wconf 87' lang='lat' dir='ltr'>die,</span> <span class='ocrx_word' id='word_1_193' title='bbox 444 3102 506 3155; x_wconf 86' lang='lat' dir='ltr'>weil</span> <span class='ocrx_word' id='word_1_194' title='bbox 527 3102 566 3153; x_wconf 92' lang='lat' dir='ltr'>sie</span> <span class='ocrx_word' id='word_1_195' title='bbox 587 3099 628 3152; x_wconf 89' lang='lat' dir='ltr'>ein</span> <span class='ocrx_word' id='word_1_196' title='bbox 649 3097 766 3152; x_wconf 87' lang='lat' dir='ltr'>fremder</span> <span class='ocrx_word' id='word_1_197' title='bbox 793 3094 968 3150; x_wconf 83' lang='lat' dir='ltr'>&#39;estandtbeil</span> <span class='ocrx_word' id='word_1_198' title='bbox 993 3095 1047 3150; x_wconf 91' lang='lat' dir='ltr'>und</span> <span class='ocrx_word' id='word_1_199' title='bbox 1071 3098 1137 3150; x_wconf 87' lang='lat' dir='ltr'>auch</span> <span class='ocrx_word' id='word_1_200' title='bbox 1158 3096 1224 3151; x_wconf 82' lang='lat' dir='ltr'>cod.</span> <span class='ocrx_word' id='word_1_201' title='bbox 1244 3098 1338 3151; x_wconf 83' lang='lat' dir='ltr'>Zwetl.</span> <span class='ocrx_word' id='word_1_202' title='bbox 1357 3098 1463 3173; x_wconf 76' lang='lat' dir='ltr'>fellea,</span> 
     </span>
     <span class='ocr_line' id='line_1_24' title="bbox 268 3185 1458 3262; baseline -0.003 -17"><span class='ocrx_word' id='word_1_203' title='bbox 268 3191 326 3245; x_wconf 89' lang='lat' dir='ltr'>bier</span> <span class='ocrx_word' id='word_1_204' title='bbox 351 3191 533 3262; x_wconf 84' lang='lat' dir='ltr'>weggelassen</span> <span class='ocrx_word' id='word_1_205' title='bbox 558 3188 626 3241; x_wconf 91' lang='lat' dir='ltr'>sind.</span> <span class='ocrx_word' id='word_1_206' title='bbox 681 3187 737 3241; x_wconf 89' lang='lat' dir='ltr'>Nur</span> <span class='ocrx_word' id='word_1_207' title='bbox 772 3185 896 3240; x_wconf 81' lang='lat' dir='ltr'>ierthalb</span> <span class='ocrx_word' id='word_1_208' title='bbox 922 3185 1065 3241; x_wconf 81' lang='lat' dir='ltr'>Columnen</span> <span class='ocrx_word' id='word_1_209' title='bbox 1098 3186 1156 3240; x_wconf 89' lang='lat' dir='ltr'>sind</span> <span class='ocrx_word' id='word_1_210' title='bbox 1189 3187 1377 3251; x_wconf 85' lang='lat' dir='ltr'>heschrirbeu,</span> <span class='ocrx_word' id='word_1_211' title='bbox 1411 3188 1458 3243; x_wconf 88' lang='lat' dir='ltr'>die</span> 
     </span>
     <span class='ocr_line' id='line_1_25' title="bbox 268 3276 1460 3350; baseline -0.002 -13"><span class='ocrx_word' id='word_1_212' title='bbox 268 3284 347 3338; x_wconf 84' lang='lat' dir='ltr'>letzte</span> <span class='ocrx_word' id='word_1_213' title='bbox 365 3282 452 3335; x_wconf 80' lang='lat' dir='ltr'>Holfte</span> <span class='ocrx_word' id='word_1_214' title='bbox 472 3281 520 3334; x_wconf 91' lang='lat' dir='ltr'>der</span> <span class='ocrx_word' id='word_1_215' title='bbox 540 3279 640 3333; x_wconf 86' lang='lat' dir='ltr'>vierten</span> <span class='ocrx_word' id='word_1_216' title='bbox 662 3276 708 3331; x_wconf 81' lang='lat' dir='ltr'>ool</span> <span class='ocrx_word' id='word_1_217' title='bbox 754 3295 787 3330; x_wconf 91' lang='lat' dir='ltr'>ne</span> <span class='ocrx_word' id='word_1_218' title='bbox 807 3279 844 3331; x_wconf 89' lang='lat' dir='ltr'>ist</span> <span class='ocrx_word' id='word_1_219' title='bbox 863 3279 930 3333; x_wconf 89' lang='lat' dir='ltr'>leer.</span> <span class='ocrx_word' id='word_1_220' title='bbox 957 3278 1176 3348; x_wconf 25' lang='lat' dir='ltr'>&#39;‘lnbaltsaugabe</span> <span class='ocrx_word' id='word_1_221' title='bbox 1195 3278 1248 3331; x_wconf 90' lang='lat' dir='ltr'>und</span> <span class='ocrx_word' id='word_1_222' title='bbox 1268 3279 1388 3350; x_wconf 77' lang='lat' dir='ltr'>Aufenge</span> <span class='ocrx_word' id='word_1_223' title='bbox 1408 3280 1460 3335; x_wconf 85' lang='lat' dir='ltr'>der</span> 
     </span>
     <span class='ocr_line' id='line_1_26' title="bbox 268 3361 1479 3448; baseline -0.002 -21"><span class='ocrx_word' id='word_1_224' title='bbox 268 3373 400 3427; x_wconf 84' lang='lat' dir='ltr'>Exordien</span> <span class='ocrx_word' id='word_1_225' title='bbox 419 3372 500 3425; x_wconf 87' lang='lat' dir='ltr'>theile</span> <span class='ocrx_word' id='word_1_226' title='bbox 519 3371 563 3424; x_wconf 90' lang='lat' dir='ltr'>ich</span> <span class='ocrx_word' id='word_1_227' title='bbox 576 3372 632 3425; x_wconf 88' lang='lat' dir='ltr'>bier</span> <span class='ocrx_word' id='word_1_228' title='bbox 644 3361 709 3430; x_wconf 67' lang='lat' dir='ltr'>mitr‘</span> <span class='ocrx_word' id='word_1_229' title='bbox 712 3370 860 3424; x_wconf 80' lang='lat' dir='ltr'>Exordium</span> <span class='ocrx_word' id='word_1_230' title='bbox 877 3388 958 3440; x_wconf 83' lang='lat' dir='ltr'>super</span> <span class='ocrx_word' id='word_1_231' title='bbox 976 3368 1131 3439; x_wconf 71' lang='lat' dir='ltr'>defensione</span> <span class='ocrx_word' id='word_1_232' title='bbox 1148 3370 1335 3425; x_wconf 65' lang='lat' dir='ltr'>ecclesiaram:</span> <span class='ocrx_word' id='word_1_233' title='bbox 1355 3371 1479 3448; x_wconf 19' lang='lat' dir='ltr'>meritis!</span> 
     </span>
     <span class='ocr_line' id='line_1_27' title="bbox 268 3429 1459 3534; baseline -0.003 -17"><span class='ocrx_word' id='word_1_234' title='bbox 268 3480 346 3518; x_wconf 82' lang='lat' dir='ltr'>sacre</span> <span class='ocrx_word' id='word_1_235' title='bbox 370 3462 504 3534; x_wconf 85' lang='lat' dir='ltr'>roligionis</span> <span class='ocrx_word' id='word_1_236' title='bbox 529 3469 580 3518; x_wconf 86' lang='lat' dir='ltr'>etc.</span> <span class='ocrx_word' id='word_1_237' title='bbox 616 3464 636 3515; x_wconf 85' lang='lat' dir='ltr'>L</span> <span class='ocrx_word' id='word_1_238' title='bbox 669 3429 686 3515; x_wconf 64' lang='lat' dir='ltr'>b</span> <span class='ocrx_word' id='word_1_239' title='bbox 711 3465 864 3517; x_wconf 88' lang='lat' dir='ltr'>sanctorum</span> <span class='ocrx_word' id='word_1_240' title='bbox 888 3467 940 3517; x_wconf 90' lang='lat' dir='ltr'>etc.</span> <span class='ocrx_word' id='word_1_241' title='bbox 965 3461 1141 3529; x_wconf 82' lang='lat' dir='ltr'>-Quoniam</span> <span class='ocrx_word' id='word_1_242' title='bbox 1165 3461 1200 3514; x_wconf 85' lang='lat' dir='ltr'>sit</span> <span class='ocrx_word' id='word_1_243' title='bbox 1223 3461 1405 3530; x_wconf 79' lang='lat' dir='ltr'>imperiali-</span> <span class='ocrx_word' id='word_1_244' title='bbox 1428 3462 1459 3513; x_wconf 86' lang='lat' dir='ltr'>lu</span> 
     </span>
     <span class='ocr_line' id='line_1_28' title="bbox 269 3551 1460 3624; baseline -0.004 -15"><span class='ocrx_word' id='word_1_245' title='bbox 269 3555 375 3609; x_wconf 88' lang='lat' dir='ltr'>eccelso</span> <span class='ocrx_word' id='word_1_246' title='bbox 401 3553 538 3624; x_wconf 83' lang='lat' dir='ltr'>dignitatis</span> <span class='ocrx_word' id='word_1_247' title='bbox 560 3583 588 3593; x_wconf 85' lang='lat'>-</span> <span class='ocrx_word' id='word_1_248' title='bbox 636 3571 650 3606; x_wconf 85' lang='lat' dir='ltr'>e</span> <span class='ocrx_word' id='word_1_249' title='bbox 677 3553 837 3607; x_wconf 77' lang='lat' dir='ltr'>liberalitate</span> <span class='ocrx_word' id='word_1_250' title='bbox 864 3551 1038 3622; x_wconf 80' lang='lat' dir='ltr'>superiorum.</span> <span class='ocrx_word' id='word_1_251' title='bbox 1071 3551 1136 3606; x_wconf 83' lang='lat' dir='ltr'>Cum</span> <span class='ocrx_word' id='word_1_252' title='bbox 1162 3553 1196 3605; x_wconf 85' lang='lat' dir='ltr'>de</span> <span class='ocrx_word' id='word_1_253' title='bbox 1219 3551 1277 3605; x_wconf 90' lang='lat' dir='ltr'>iure</span> <span class='ocrx_word' id='word_1_254' title='bbox 1303 3555 1354 3605; x_wconf 84' lang='lat' dir='ltr'>etc.</span> <span class='ocrx_word' id='word_1_255' title='bbox 1387 3551 1460 3605; x_wconf 88' lang='lat' dir='ltr'>luter</span> 
     </span>
     <span class='ocr_line' id='line_1_29' title="bbox 270 3626 1462 3713; baseline -0.004 -12"><span class='ocrx_word' id='word_1_256' title='bbox 270 3663 378 3701; x_wconf 85' lang='lat' dir='ltr'>cesaree</span> <span class='ocrx_word' id='word_1_257' title='bbox 399 3645 484 3698; x_wconf 87' lang='lat' dir='ltr'>laudis</span> <span class='ocrx_word' id='word_1_258' title='bbox 503 3651 554 3699; x_wconf 82' lang='lat' dir='ltr'>etc.</span> <span class='ocrx_word' id='word_1_259' title='bbox 606 3663 620 3697; x_wconf 88' lang='lat' dir='ltr'>e</span> <span class='ocrx_word' id='word_1_260' title='bbox 640 3661 753 3697; x_wconf 82' lang='lat' dir='ltr'>censura</span> <span class='ocrx_word' id='word_1_261' title='bbox 771 3642 885 3697; x_wconf 58' lang='lat' dir='ltr'>iusticie.</span> <span class='ocrx_word' id='word_1_262' title='bbox 919 3643 948 3696; x_wconf 90' lang='lat' dir='ltr'>Si</span> <span class='ocrx_word' id='word_1_263' title='bbox 962 3642 1064 3712; x_wconf 83' lang='lat' dir='ltr'>sprevit</span> <span class='ocrx_word' id='word_1_264' title='bbox 1083 3649 1135 3696; x_wconf 90' lang='lat' dir='ltr'>etc.</span> <span class='ocrx_word' id='word_1_265' title='bbox 1156 3642 1305 3712; x_wconf 82' lang='lat' dir='ltr'>Singularis</span> <span class='ocrx_word' id='word_1_266' title='bbox 1325 3642 1414 3713; x_wconf 86' lang='lat' dir='ltr'>gloria</span> <span class='ocrx_word' id='word_1_267' title='bbox 1429 3626 1462 3681; x_wconf 60' lang='lat'>-³</span> 
     </span>
     <span class='ocr_line' id='line_1_30' title="bbox 270 3733 1463 3805; baseline -0.002 -16"><span class='ocrx_word' id='word_1_268' title='bbox 270 3737 311 3789; x_wconf 86' lang='lat' dir='ltr'>De</span> <span class='ocrx_word' id='word_1_269' title='bbox 328 3737 470 3791; x_wconf 81' lang='lat' dir='ltr'>concordia</span> <span class='ocrx_word' id='word_1_270' title='bbox 489 3744 514 3791; x_wconf 84' lang='lat' dir='ltr'>et</span> <span class='ocrx_word' id='word_1_271' title='bbox 569 3754 606 3789; x_wconf 84' lang='lat' dir='ltr'>ce.</span> <span class='ocrx_word' id='word_1_272' title='bbox 626 3734 654 3790; x_wconf 95' lang='lat' dir='ltr'>ln</span> <span class='ocrx_word' id='word_1_273' title='bbox 675 3735 725 3787; x_wconf 88' lang='lat' dir='ltr'>boo</span> <span class='ocrx_word' id='word_1_274' title='bbox 745 3733 833 3805; x_wconf 77' lang='lat' dir='ltr'>glorie</span> <span class='ocrx_word' id='word_1_275' title='bbox 850 3734 952 3803; x_wconf 88' lang='lat' dir='ltr'>regalis</span> <span class='ocrx_word' id='word_1_276' title='bbox 967 3762 1000 3771; x_wconf 94' lang='lat'><em>-</em></span> <span class='ocrx_word' id='word_1_277' title='bbox 1015 3735 1056 3787; x_wconf 87' lang='lat' dir='ltr'>De</span> <span class='ocrx_word' id='word_1_278' title='bbox 1069 3751 1181 3803; x_wconf 82' lang='lat' dir='ltr'>precum</span> <span class='ocrx_word' id='word_1_279' title='bbox 1199 3734 1369 3788; x_wconf 82' lang='lat' dir='ltr'>adma&#39;ssione.</span> <span class='ocrx_word' id='word_1_280' title='bbox 1396 3734 1463 3788; x_wconf 84' lang='lat' dir='ltr'>Cure</span> 
     </span>
     <span class='ocr_line' id='line_1_31' title="bbox 270 3817 1462 3902; baseline -0.001 -22"><span class='ocrx_word' id='word_1_281' title='bbox 270 3828 371 3896; x_wconf 85' lang='lat' dir='ltr'>regalis</span> <span class='ocrx_word' id='word_1_282' title='bbox 389 3830 481 3882; x_wconf 89' lang='lat' dir='ltr'>nostre</span> <span class='ocrx_word' id='word_1_283' title='bbox 501 3817 645 3898; x_wconf 71' lang='lat' dir='ltr'>olbmenma</span> <span class='ocrx_word' id='word_1_284' title='bbox 665 3855 700 3864; x_wconf 91' lang='grc'>-</span> <span class='ocrx_word' id='word_1_285' title='bbox 720 3826 762 3878; x_wconf 84' lang='lat' dir='ltr'>De</span> <span class='ocrx_word' id='word_1_286' title='bbox 780 3824 902 3879; x_wconf 68' lang='lat' dir='ltr'>exordire</span> <span class='ocrx_word' id='word_1_287' title='bbox 916 3823 1128 3895; x_wconf 76' lang='lat' dir='ltr'>privilegiorum.</span> <span class='ocrx_word' id='word_1_288' title='bbox 1147 3825 1183 3879; x_wconf 88' lang='lat' dir='ltr'>Ut</span> <span class='ocrx_word' id='word_1_289' title='bbox 1200 3824 1234 3877; x_wconf 90' lang='lat' dir='ltr'>ad</span> <span class='ocrx_word' id='word_1_290' title='bbox 1255 3828 1347 3902; x_wconf 83' lang='lat' dir='ltr'>nostre</span> <span class='ocrx_word' id='word_1_291' title='bbox 1365 3829 1462 3894; x_wconf 90' lang='lat' dir='ltr'>poste·</span> 
     </span>
     <span class='ocr_line' id='line_1_32' title="bbox 268 3912 1463 3984; baseline -0.005 -11"><span class='ocrx_word' id='word_1_292' title='bbox 268 3919 355 3984; x_wconf 68' lang='lat' dir='ltr'>nitatis</span> <span class='ocrx_word' id='word_1_293' title='bbox 373 3913 627 3973; x_wconf 67' lang='lat' dir='ltr'>noticiant-Licet</span> <span class='ocrx_word' id='word_1_294' title='bbox 646 3919 711 3972; x_wconf 89' lang='lat' dir='ltr'>orde</span> <span class='ocrx_word' id='word_1_295' title='bbox 731 3918 796 3971; x_wconf 90' lang='lat' dir='ltr'>iuris</span> <span class='ocrx_word' id='word_1_296' title='bbox 813 3946 842 3955; x_wconf 91' lang='lat'>-</span> <span class='ocrx_word' id='word_1_297' title='bbox 858 3916 925 3983; x_wconf 80' lang='lat' dir='ltr'>Quia</span> <span class='ocrx_word' id='word_1_298' title='bbox 945 3912 1089 3970; x_wconf 87' lang='lat' dir='ltr'>consilium.</span> <span class='ocrx_word' id='word_1_299' title='bbox 1109 3917 1149 3969; x_wconf 86' lang='lat' dir='ltr'>De</span> <span class='ocrx_word' id='word_1_300' title='bbox 1162 3916 1309 3970; x_wconf 73' lang='lat' dir='ltr'>excolenda</span> <span class='ocrx_word' id='word_1_301' title='bbox 1322 3915 1463 3971; x_wconf 64' lang='lat' dir='ltr'>omicida.</span> 
     </span>
     <span class='ocr_line' id='line_1_33' title="bbox 269 3991 1604 4080; baseline -0.003 -15"><span class='ocrx_word' id='word_1_302' title='bbox 269 4010 327 4065; x_wconf 86' lang='lat' dir='ltr'>Non</span> <span class='ocrx_word' id='word_1_303' title='bbox 352 4011 407 4064; x_wconf 88' lang='lat' dir='ltr'>veri</span> <span class='ocrx_word' id='word_1_304' title='bbox 433 4010 516 4066; x_wconf 72' lang='lat' dir='ltr'>amici.</span> <span class='ocrx_word' id='word_1_305' title='bbox 556 4009 664 4063; x_wconf 68' lang='lat' dir='ltr'>Subdita·</span> <span class='ocrx_word' id='word_1_306' title='bbox 686 4011 723 4063; x_wconf 86' lang='lat' dir='ltr'>ad</span> <span class='ocrx_word' id='word_1_307' title='bbox 746 4008 878 4063; x_wconf 79' lang='lat' dir='ltr'>dominum</span> <span class='ocrx_word' id='word_1_308' title='bbox 903 4025 1031 4080; x_wconf 69' lang='lat' dir='ltr'>acapnum.</span> <span class='ocrx_word' id='word_1_309' title='bbox 1063 4008 1189 4072; x_wconf 77' lang='lat' dir='ltr'>Quoniam</span> <span class='ocrx_word' id='word_1_310' title='bbox 1215 4005 1323 4060; x_wconf 86' lang='lat' dir='ltr'>celestis</span> <span class='ocrx_word' id='word_1_311' title='bbox 1350 4007 1463 4062; x_wconf 82' lang='lat' dir='ltr'>altitudo</span> <span class='ocrx_word' id='word_1_312' title='bbox 1508 4021 1510 4026; x_wconf 86' lang='lat'>&#39;</span> <span class='ocrx_word' id='word_1_313' title='bbox 1603 3991 1604 4014; x_wconf 48' lang='lat'>¹</span> 
     </span>
     <span class='ocr_line' id='line_1_34' title="bbox 270 4096 1462 4172; baseline -0.003 -18"><span class='ocrx_word' id='word_1_314' title='bbox 270 4101 382 4155; x_wconf 87' lang='lat' dir='ltr'>consilii.</span> <span class='ocrx_word' id='word_1_315' title='bbox 402 4107 435 4144; x_wconf 59' lang='grc'><em>4</em></span> <span class='ocrx_word' id='word_1_316' title='bbox 455 4100 487 4165; x_wconf 89' lang='lat' dir='ltr'>d)</span> <span class='ocrx_word' id='word_1_317' title='bbox 511 4100 577 4153; x_wconf 83' lang='lat' dir='ltr'>Item</span> <span class='ocrx_word' id='word_1_318' title='bbox 606 4099 639 4151; x_wconf 90' lang='lat' dir='ltr'>ad</span> <span class='ocrx_word' id='word_1_319' title='bbox 662 4098 729 4151; x_wconf 88' lang='lat' dir='ltr'>idem</span> <span class='ocrx_word' id='word_1_320' title='bbox 746 4100 773 4152; x_wconf 87' lang='lat' dir='ltr'>Z.</span> <span class='ocrx_word' id='word_1_321' title='bbox 792 4129 826 4138; x_wconf 91' lang='lat'>—</span> <span class='ocrx_word' id='word_1_322' title='bbox 846 4098 877 4168; x_wconf 88' lang='lat' dir='ltr'>c)</span> <span class='ocrx_word' id='word_1_323' title='bbox 903 4099 1032 4153; x_wconf 84' lang='lat' dir='ltr'>examinat</span> <span class='ocrx_word' id='word_1_324' title='bbox 1049 4098 1079 4150; x_wconf 86' lang='lat' dir='ltr'>V.</span> <span class='ocrx_word' id='word_1_325' title='bbox 1098 4126 1133 4136; x_wconf 95' lang='lat'>—</span> <span class='ocrx_word' id='word_1_326' title='bbox 1153 4098 1188 4172; x_wconf 84' lang='lat' dir='ltr'>d)</span> <span class='ocrx_word' id='word_1_327' title='bbox 1206 4098 1235 4152; x_wconf 78' lang='lat' dir='ltr'>Z.</span> <span class='ocrx_word' id='word_1_328' title='bbox 1247 4096 1312 4149; x_wconf 87' lang='lat' dir='ltr'>ltem</span> <span class='ocrx_word' id='word_1_329' title='bbox 1330 4097 1365 4150; x_wconf 86' lang='lat' dir='ltr'>ad</span> <span class='ocrx_word' id='word_1_330' title='bbox 1383 4097 1462 4151; x_wconf 88' lang='lat' dir='ltr'>idem.</span> 
     </span>
     <span class='ocr_line' id='line_1_35' title="bbox 272 4187 1604 4262; baseline -0.002 -18"><span class='ocrx_word' id='word_1_331' title='bbox 272 4191 318 4244; x_wconf 92' lang='lat' dir='ltr'>Sic</span> <span class='ocrx_word' id='word_1_332' title='bbox 337 4187 475 4245; x_wconf 65' lang='lat' dir='ltr'>consuerit</span> <span class='ocrx_word' id='word_1_333' title='bbox 498 4190 640 4260; x_wconf 88' lang='lat' dir='ltr'>aliquando</span> <span class='ocrx_word' id='word_1_334' title='bbox 665 4193 846 4258; x_wconf 79' lang='lat' dir='ltr'>transgressio</span> <span class='ocrx_word' id='word_1_335' title='bbox 871 4190 959 4262; x_wconf 88' lang='lat' dir='ltr'>puniri</span> <span class='ocrx_word' id='word_1_336' title='bbox 985 4190 1155 4253; x_wconf 83' lang='lat' dir='ltr'>nocencium,</span> <span class='ocrx_word' id='word_1_337' title='bbox 1181 4190 1211 4241; x_wconf 91' lang='lat' dir='ltr'>ut</span> <span class='ocrx_word' id='word_1_338' title='bbox 1235 4203 1304 4257; x_wconf 88' lang='lat' dir='ltr'>pene</span> <span class='ocrx_word' id='word_1_339' title='bbox 1329 4188 1465 4259; x_wconf 78' lang='lat' dir='ltr'>rigiditas,</span> <span class='ocrx_word' id='word_1_340' title='bbox 1509 4250 1512 4256; x_wconf 27' lang='grc' dir='ltr'>Ι</span> <span class='ocrx_word' id='word_1_341' title='bbox 1603 4191 1604 4196; x_wconf 76' lang='grc'>’</span> 
     </span>
     <span class='ocr_line' id='line_1_36' title="bbox 271 4279 1604 4351; baseline -0.002 -15"><span class='ocrx_word' id='word_1_342' title='bbox 271 4283 346 4338; x_wconf 86' lang='lat' dir='ltr'>cuius</span> <span class='ocrx_word' id='word_1_343' title='bbox 365 4282 496 4335; x_wconf 83' lang='lat' dir='ltr'>relaxaoio</span> <span class='ocrx_word' id='word_1_344' title='bbox 518 4283 598 4351; x_wconf 92' lang='lat' dir='ltr'>culpe</span> <span class='ocrx_word' id='word_1_345' title='bbox 617 4281 688 4334; x_wconf 88' lang='lat' dir='ltr'>viam</span> <span class='ocrx_word' id='word_1_346' title='bbox 707 4282 793 4351; x_wconf 88' lang='lat' dir='ltr'>aperit</span> <span class='ocrx_word' id='word_1_347' title='bbox 813 4281 1027 4351; x_wconf 84' lang='lat' dir='ltr'>derelinquendi,</span> <span class='ocrx_word' id='word_1_348' title='bbox 1046 4279 1185 4334; x_wconf 86' lang='lat' dir='ltr'>molestias</span> <span class='ocrx_word' id='word_1_349' title='bbox 1209 4280 1352 4348; x_wconf 87' lang='lat' dir='ltr'>propulset</span> <span class='ocrx_word' id='word_1_350' title='bbox 1377 4279 1463 4334; x_wconf 88' lang='lat' dir='ltr'>inter·</span> <span class='ocrx_word' id='word_1_351' title='bbox 1603 4285 1604 4292; x_wconf 78' lang='grc'>’</span> 
     </span>
     <span class='ocr_line' id='line_1_37' title="bbox 271 4365 1463 4442; baseline -0.003 -16"><span class='ocrx_word' id='word_1_352' title='bbox 271 4374 342 4434; x_wconf 88' lang='lat' dir='ltr'>dum,</span> <span class='ocrx_word' id='word_1_353' title='bbox 362 4388 421 4425; x_wconf 89' lang='lat' dir='ltr'>cum</span> <span class='ocrx_word' id='word_1_354' title='bbox 440 4387 622 4441; x_wconf 87' lang='lat' dir='ltr'>nonunquam</span> <span class='ocrx_word' id='word_1_355' title='bbox 641 4372 769 4424; x_wconf 89' lang='lat' dir='ltr'>malorum</span> <span class='ocrx_word' id='word_1_356' title='bbox 783 4374 895 4441; x_wconf 85' lang='lat' dir='ltr'>peccata</span> <span class='ocrx_word' id='word_1_357' title='bbox 909 4369 996 4425; x_wconf 89' lang='lat' dir='ltr'>iustos</span> <span class='ocrx_word' id='word_1_358' title='bbox 1016 4370 1168 4442; x_wconf 87' lang='lat' dir='ltr'>impediant,</span> <span class='ocrx_word' id='word_1_359' title='bbox 1195 4374 1224 4423; x_wconf 90' lang='lat' dir='ltr'>et</span> <span class='ocrx_word' id='word_1_360' title='bbox 1241 4365 1332 4422; x_wconf 86' lang='lat' dir='ltr'>iniusti</span> <span class='ocrx_word' id='word_1_361' title='bbox 1351 4367 1463 4423; x_wconf 73' lang='lat' dir='ltr'>virtute·</span> 
     </span>
     <span class='ocr_line' id='line_1_38' title="bbox 270 4459 1460 4537; baseline -0.003 -21"><span class='ocrx_word' id='word_1_362' title='bbox 270 4479 320 4537; x_wconf 76' lang='lat' dir='ltr'>pro</span> <span class='ocrx_word' id='word_1_363' title='bbox 344 4463 412 4517; x_wconf 85' lang='lat' dir='ltr'>vicio</span> <span class='ocrx_word' id='word_1_364' title='bbox 438 4479 503 4531; x_wconf 90' lang='lat' dir='ltr'>sepe</span> <span class='ocrx_word' id='word_1_365' title='bbox 529 4462 624 4516; x_wconf 83' lang='lat' dir='ltr'>terant.</span> <span class='ocrx_word' id='word_1_366' title='bbox 657 4461 712 4517; x_wconf 86' lang='lat' dir='ltr'>Sed</span> <span class='ocrx_word' id='word_1_367' title='bbox 736 4464 763 4514; x_wconf 90' lang='lat' dir='ltr'>in</span> <span class='ocrx_word' id='word_1_368' title='bbox 788 4465 881 4515; x_wconf 88' lang='lat' dir='ltr'>nostre</span> <span class='ocrx_word' id='word_1_369' title='bbox 906 4460 1112 4516; x_wconf 82' lang='lat' dir='ltr'>deliberacionis</span> <span class='ocrx_word' id='word_1_370' title='bbox 1136 4459 1266 4526; x_wconf 83' lang='lat' dir='ltr'>examine,</span> <span class='ocrx_word' id='word_1_371' title='bbox 1294 4459 1460 4514; x_wconf 73' lang='lat' dir='ltr'>ubiiesticie</span> 
     </span>
     <span class='ocr_line' id='line_1_39' title="bbox 226 4551 1461 4626; baseline -0.005 -17"><span class='ocrx_word' id='word_1_372' title='bbox 226 4611 231 4618; x_wconf 69' lang='lat'>,</span> <span class='ocrx_word' id='word_1_373' title='bbox 270 4554 389 4626; x_wconf 85' lang='lat' dir='ltr'>experiri</span> <span class='ocrx_word' id='word_1_374' title='bbox 404 4572 454 4607; x_wconf 89' lang='lat' dir='ltr'>non</span> <span class='ocrx_word' id='word_1_375' title='bbox 469 4553 543 4607; x_wconf 85' lang='lat' dir='ltr'>novit</span> <span class='ocrx_word' id='word_1_376' title='bbox 554 4553 689 4617; x_wconf 88' lang='lat' dir='ltr'>iniuriam,</span> <span class='ocrx_word' id='word_1_377' title='bbox 707 4554 747 4606; x_wconf 90' lang='lat' dir='ltr'>sic</span> <span class='ocrx_word' id='word_1_378' title='bbox 767 4552 940 4622; x_wconf 87' lang='lat' dir='ltr'>peccancium</span> <span class='ocrx_word' id='word_1_379' title='bbox 960 4554 1142 4607; x_wconf 87' lang='lat' dir='ltr'>desideramus</span> <span class='ocrx_word' id='word_1_380' title='bbox 1160 4551 1247 4623; x_wconf 88' lang='lat' dir='ltr'>puniri</span> <span class='ocrx_word' id='word_1_381' title='bbox 1267 4563 1414 4619; x_wconf 60' lang='lat' dir='ltr'>acessus,</span> <span class='ocrx_word' id='word_1_382' title='bbox 1432 4554 1461 4603; x_wconf 90' lang='lat' dir='ltr'>ut</span> 
     </span>
    </p>
   </div>
   <div class='ocr_carea' id='block_1_5' title="bbox 206 4637 1460 4809">
    <p class='ocr_par' dir='ltr' id='par_1_8' title="bbox 206 4637 1460 4809">
     <span class='ocr_line' id='line_1_40' title="bbox 206 4637 1460 4715; baseline -0.007 -14"><span class='ocrx_word' id='word_1_383' title='bbox 206 4637 215 4649; x_wconf 55' lang='lat'><em>⁴</em></span> <span class='ocrx_word' id='word_1_384' title='bbox 270 4646 386 4701; x_wconf 86' lang='lat' dir='ltr'>fidelium</span> <span class='ocrx_word' id='word_1_385' title='bbox 407 4645 564 4697; x_wconf 85' lang='lat' dir='ltr'>innocencia</span> <span class='ocrx_word' id='word_1_386' title='bbox 587 4662 638 4698; x_wconf 87' lang='lat' dir='ltr'>non</span> <span class='ocrx_word' id='word_1_387' title='bbox 661 4650 811 4715; x_wconf 85' lang='lat' dir='ltr'>prematur,</span> <span class='ocrx_word' id='word_1_388' title='bbox 840 4644 889 4698; x_wconf 86' lang='lat' dir='ltr'>sed</span> <span class='ocrx_word' id='word_1_389' title='bbox 913 4644 1096 4698; x_wconf 85' lang='lat' dir='ltr'>misericordia</span> <span class='ocrx_word' id='word_1_390' title='bbox 1124 4643 1207 4713; x_wconf 83' lang='lat' dir='ltr'>rigori</span> <span class='ocrx_word' id='word_1_391' title='bbox 1231 4643 1414 4714; x_wconf 79' lang='lat' dir='ltr'>propenderet</span> <span class='ocrx_word' id='word_1_392' title='bbox 1435 4643 1460 4693; x_wconf 88' lang='lat' dir='ltr'>et</span> 
     </span>
     <span class='ocr_line' id='line_1_41' title="bbox 271 4733 915 4809; baseline -0.003 -19"><span class='ocrx_word' id='word_1_393' title='bbox 271 4740 421 4809; x_wconf 84' lang='lat' dir='ltr'>preferatur</span> <span class='ocrx_word' id='word_1_394' title='bbox 434 4733 586 4803; x_wconf 83' lang='lat' dir='ltr'>benignitas</span> <span class='ocrx_word' id='word_1_395' title='bbox 600 4735 793 4805; x_wconf 87' lang='lat' dir='ltr'>quodammodo</span> <span class='ocrx_word' id='word_1_396' title='bbox 808 4735 915 4788; x_wconf 89' lang='lat' dir='ltr'>ulcioni.</span> 
     </span>
    </p>
   </div>
   <div class='ocr_carea' id='block_1_6' title="bbox 0 0 1612 5392">
    <p class='ocr_par' dir='ltr' id='par_1_9' title="bbox 0 0 1612 5392">
     <span class='ocr_line' id='line_1_42' title="bbox 0 0 1612 5392; baseline 0 0"><span class='ocrx_word' id='word_1_397' title='bbox 0 0 1612 5392; x_wconf 95' lang='lat' dir='ltr'> </span> 
     </span>
    </p>
   </div>
  </div>
 </body>
</html>
