3209 5392
823 906 885 977 14.

526 1085 587 1148 ber
603 1085 798 1149 Banasam
815 1084 944 1169 principi
961 1084 1080 1150 elteri·
1097 1091 1155 1150 etc.

799 1240 879 1298 1274.

252 1389 282 1440 K.
298 1385 401 1457 liudolf
414 1386 482 1456 zeipt
500 1385 585 1439 circem
598 1385 712 1438 Frlraten
729 1401 775 1450 on,
796 1386 861 1439 doec
880 1403 910 1438 er
922 1402 1012 1456 coepero
1025 1382 1206 1440 Adoececnbcit
1217 1385 1268 1438 der
1278 1383 1440 1455 peietliclren

251 1477 363 1531 Furetcn
380 1474 434 1546 auf
444 1475 503 1529 clem
518 1473 609 1528 Conci!
623 1492 655 1527 zo
669 1474 740 1541 Lporr
761 1475 813 1528 den
824 1473 967 1545 Reirbnap
986 1474 1042 1544 auf
1049 1475 1100 1529 dae
1111 1473 1221 1529 Melete
1237 1473 1368 1545 Osterfeet
1378 1493 1441 1530 ver·

510 1563 623 1618 celeberr
635 1562 719 1628 babc3
736 1582 768 1619 er
779 1573 854 1635 mdpe
866 1565 980 1618 aedano
992 1562 1066 1618 nicbt
1075 1563 1175 1634 felleo.

340 1708 465 1772 Gerbert,
481 1708 507 1769 l,
519 1707 562 1760 22.

336 1854 496 1936 desumpto
508 1852 567 1916 iam
578 1853 706 1935 pridem,
719 1853 811 1916 diuini
824 1853 1025 1935 disposicione
1033 1852 1073 1939 a)
1082 1853 1211 1925 consilii,
1228 1853 1306 1936 regii
1323 1853 1440 1937 dyade-

247 1966 327 2026 mate
343 1961 542 2044 principatus,
567 1981 636 2025 cum
659 1961 697 2024 ad
720 1962 778 2024 boc
798 1960 956 2043 potissime
973 1966 1078 2025 nostra
1093 1963 1225 2044 suspiret
1241 1963 1387 2036 intencio,
1404 1968 1438 2026 ut

236 2091 304 2153 pax
320 2069 471 2140 ecclesiis,
487 2069 649 2133 concordia
665 2068 805 2151 plebibus
829 2074 860 2134 et
881 2067 1009 2133 ubilibet
1029 2069 1163 2133 moribus
1187 2069 1346 2153 disciplina
1363 2089 1439 2135 con·

246 2180 431 2246 crescerent,
446 2176 611 2258 reipublice
626 2176 788 2240 universali
805 2182 885 2240 statu
901 2175 1029 2259 pacifice
1051 2174 1229 2242 retlo'rente:
1255 2195 1330 2240 ecce
1355 2178 1437 2262 quod

248 2293 418 2351 nostrorum
438 2286 625 2369 principum,
647 2290 708 2349 tam
731 2285 1008 2349 ecclesiasticorum
1024 2306 1114 2371 quarn
1130 2287 1328 2359 secularium,
1352 2306 1439 2350 com-

246 2398 397 2468 municato
414 2395 550 2466 consilio,
566 2394 597 2457 in
612 2394 734 2457 instanti
756 2394 890 2476 proximo
913 2395 991 2459 festo
1014 2396 1110 2459 Pasce
1133 2395 1213 2478 apud
1229 2396 1320 2458 talem
1334 2397 1438 2459 locum

246 2507 430 2585 solempnem
458 2501 574 2566 curiam
601 2501 738 2564 duximus
766 2501 961 2573 edicendam,
990 2503 1076 2566 cuius
1104 2504 1206 2586 utique
1234 2503 1438 2567 celebracioni

246 2611 406 2695 magnifice
422 2609 453 2673 in
469 2609 614 2672 decencia
630 2609 706 2691 regii
722 2614 896 2691 apparatus,
914 2609 939 2671 si
956 2615 1043 2692 grata
1059 2630 1093 2673 se
1109 2609 1195 2674 vobis
1214 2610 1337 2675 offerret
1348 2610 1439 2675 habi-

245 2720 325 2793 litas,
348 2720 496 2783 interesse
523 2737 578 2781 nos
595 2717 755 2800 plurimum
773 2717 948 2781 delectaret.
981 2717 1092 2781 Verum
1109 2718 1327 2801 quantumlibet
1343 2739 1438 2801 super

246 2827 304 2890 hec
327 2827 366 2910 b)
394 2834 497 2891 nostra
524 2827 640 2889 ferveat
663 2827 701 2913 e)
730 2824 867 2898 aliectio,
901 2825 973 2889 licet
1005 2827 1036 2889 in
1068 2826 1128 2890 hoo
1162 2833 1267 2890 noster
1298 2828 1443 2891 exardeat

247 2934 363 2998 animus
383 2935 424 3021 ¹),
439 2934 523 3016 pacis
539 2933 644 2997 lloride
661 2933 841 3004 sitibundus,
865 2934 934 3016 quia
950 2939 1050 2996 tamen
1070 2934 1260 2998 venerabiles
1284 2934 1442 3018 principes

247 3044 341 3107 nostri
357 3041 518 3114 karissimi,
533 3060 631 3125 nuper
646 3040 683 3103 de
700 3041 832 3104 Romana
849 3042 932 3104 curia
947 3041 1121 3114 redeuntes,
1135 3041 1222 3105 nobis
1236 3049 1442 3124 exposuerunt

246 3171 399 3235 expresse,
427 3151 507 3234 quod
536 3148 736 3212 ecclesiastici
771 3149 941 3231 principes,
975 3168 1090 3213 moram
1123 3149 1221 3214 adhuc
1250 3150 1282 3213 in
1310 3152 1441 3214 concilio

246 3260 440 3343 [lugdunensi
456 3258 613 3329 iacientes,
630 3278 690 3321 nou
705 3262 832 3339 possunt
848 3257 946 3320 eidem
968 3258 1051 3320 curie
1068 3256 1106 3319 ob
1129 3263 1192 3320 tam
1213 3257 1317 3321 brevis
1342 3278 1442 3340 angu-

246 3371 336 3435 stiam
350 3367 494 3450 temporis
512 3368 699 3450 aliquatenus
715 3366 878 3429 interesse:
903 3365 1071 3449 predictam
1089 3367 1213 3437 curiam,
1239 3365 1277 3429 de
1300 3365 1435 3430 fidelium

246 3483 416 3542 nostrorum
443 3475 586 3548 consilio,
614 3494 709 3557 usque
736 3474 775 3536 ad
802 3473 966 3555 proximum
989 3473 1178 3557 subsequens
1200 3474 1312 3536 festum
1333 3474 1439 3537 Pasce

246 3587 436 3655 decernimus
449 3585 490 3671 d)
506 3583 737 3667 prorogandam,
754 3583 824 3668 quia
840 3581 871 3644 in
886 3587 931 3646 tot
946 3586 977 3644 et
992 3586 1053 3645 tam
1069 3600 1247 3663 magnorum
1262 3581 1435 3664 principum

245 3694 388 3775 absencia
404 3715 463 3759 nou
479 3692 640 3775 expediens
657 3690 841 3756 arbitramur
853 3695 905 3755 aut
921 3690 1093 3754 condecens
1108 3696 1171 3754 tam
1186 3688 1310 3756 utilibus
1327 3695 1436 3754 ettam

247 3804 347 3871 arduis
364 3802 552 3867 celebrandis
564 3801 736 3884 solempniis
749 3823 804 3866 uos
815 3802 935 3865 involvi.
953 3799 1030 3883 Quia
1046 3801 1139 3882 igitur
1154 3801 1253 3885 ipsum
1269 3799 1432 3881 negocium

246 3912 384 3978 decoctio
400 3915 516 3975 matura
532 3911 648 3973 consilii
665 3910 803 3974 salutaris
820 3909 961 3992 amplecti
984 3909 1148 3980 desiderat,
1171 3909 1263 3973 nimie
1285 3909 1439 3973 festinan·

247 4022 294 4086 cie
317 4021 432 4086 evitans
453 4019 648 4103 precipicium
669 4019 840 4090 ruinosum,
868 4018 1072 4081 sinceritatem
1094 4023 1175 4081 tuam
1197 4017 1378 4101 requirimus
1403 4019 1434 4081 in

245 4130 315 4193 fidei
332 4129 443 4202 debito,
460 4148 518 4212 quo
529 4128 660 4191 Romano
672 4127 797 4211 imperio
810 4132 900 4212 atque
913 4125 1000 4191 uobis
1013 4126 1204 4209 astringeris,
1215 4132 1245 4189 te
1258 4132 1437 4197 monentes,

332 4309 366 4378 o)
381 4308 585 4379 dispensacione
598 4307 625 4361 Z.
644 4335 675 4347 ··
689 4305 721 4375 b)
738 4308 790 4361 boc
805 4307 831 4360 Z.
846 4335 880 4347 -
894 4306 925 4375 c)
940 4304 1030 4363 luerat
1042 4306 1071 4360 Z.
1087 4336 1121 4346 -
1134 4306 1172 4376 d)
1185 4306 1356 4362 decrevimus
1371 4306 1401 4359 Z.

248 4472 571 4488 ...OQ—*nfi—

277 4589 300 4650 a)
320 4592 404 4638 Verum
427 4590 596 4647 quantumlibet
618 4603 689 4648 super
710 4591 756 4636 bec
778 4594 859 4638 nostm
879 4593 970 4638 len-veut
991 4590 1085 4638 ruendo
1111 4591 1157 4639 und
1173 4590 1234 4635 licet
1252 4589 1276 4634 iu
1295 4586 1340 4633 boc
1358 4588 1439 4631 noster

318 4681 430 4729 exardeat
446 4682 545 4734 animus,
563 4682 622 4727 zwei
638 4683 807 4728 verschiedene
820 4683 1017 4744 Bereiobnungen
1034 4683 1072 4727 mr
1090 4680 1220 4726 desselben
1234 4679 1370 4731 dedanim,
1383 4676 1428 4720 wie

318 4772 355 4821 eie
367 4772 392 4817 in
403 4772 513 4818 Formelu
525 4773 566 4817 mit
579 4774 632 4818 oen
645 4774 774 4819 wortcbeu
786 4785 828 4818 eeu
839 4773 1079 4832 aneinandergereibt
1092 4785 1120 4815 zu
1135 4770 1232 4814 werden
1256 4768 1357 4829 pflegeu.
