3209 5392
1273 506 1349 582 139

157 692 317 771 paternam
324 683 493 751 curabimus
500 683 729 750 sollicitudinem
736 684 889 750 exhibere.
897 681 1351 766 Moncmusigitursercnitatem

155 794 447 861 tuametinDomino
461 793 663 867 cohortamur,
677 801 836 879 quatenus,
849 795 928 860 omni
935 795 1054 880 penitus
1067 813 1187 859 morosa
1203 792 1352 875 deposito,

154 904 297 989 effugatis
318 903 446 971 tristicie
473 903 624 979 tenebris,
652 904 765 969 exultes
786 906 818 969 in
833 904 961 970 Domino
978 909 1008 969 et
1024 904 1055 967 in
1071 924 1108 968 eo
1125 901 1344 968 consolacionis

160 1016 292 1099 recipias
308 1012 499 1087 medicinam,
515 1014 567 1098 qui
581 1033 637 1097 pro
652 1014 809 1097 temporali
826 1014 1010 1098 spiritualem
1025 1012 1080 1077 tibi
1091 1011 1352 1096 patremproridit

158 1131 192 1190 et
213 1130 246 1189 in
266 1122 371 1190 matris
392 1121 476 1187 obitu
496 1128 623 1188 matrem
644 1123 806 1190 ecclesiam
821 1127 957 1189 materna
973 1121 1174 1187 solticiurdine
1189 1128 1241 1188 tue
1256 1120 1351 1187 indoti

158 1232 331 1318 deputavit,
359 1237 393 1297 ut
414 1232 513 1297 tactus
534 1231 723 1316 postmodum
745 1233 793 1297 vir
814 1238 845 1297 et
861 1232 894 1321 s)
909 1231 1001 1315 regni
1020 1230 1096 1296 solio
1119 1231 1264 1296 solidatus
1282 1251 1349 1296 eam

156 1342 285 1426 amplius
300 1339 466 1414 venereris,
492 1361 547 1424 per
573 1360 663 1425 quam
687 1341 732 1405 sic
755 1347 785 1405 tc
808 1341 986 1424 cognoveris
1009 1339 1179 1406 exaltatum.
1211 1339 1346 1405 Nuncios

154 1459 258 1518 autem
283 1456 351 1515 tuos
379 1449 535 1514 serenitati
561 1454 612 1514 tua
637 1451 817 1534 propensius
834 1449 1098 1520 commendamus,
1119 1469 1196 1533 qnos
1212 1448 1350 1532 magnid—
1409 1486 1413 1496 ·

156 1562 265 1625 cencio
281 1567 332 1625 tue
348 1557 452 1623 fideles
468 1563 499 1622 et
513 1558 545 1621 in
561 1558 730 1624 commissis
746 1557 806 1623 sibi
823 1559 958 1642 negociis
975 1558 1119 1623 sollicitos
1135 1562 1347 1641 protestamur,

151 1675 300 1753 rogantes
328 1674 475 1752 quatenns
502 1667 626 1731 eoadem
658 1667 766 1733 intuitu
799 1666 933 1750 benigno
967 1667 1115 1752 respicias
1143 1672 1174 1731 at
1201 1667 1341 1734 honores.

250 1832 438 1903 Ergdnzungcn
451 1846 500 1885 aus
522 1828 793 1920 fluidam-Brittones
812 1830 829 1893 Ι,
846 1828 869 1883 1.
882 1829 926 1885 27.
941 1828 974 1901 α)
995 1830 1163 1884 innocentius
1182 1832 1235 1884 etc.
1250 1829 1349 1884 Frerte·

153 1924 215 1977 rico
229 1926 280 1977 ets.
295 1943 332 1966 ⁴-
353 1919 388 1994 β)
410 1927 436 1977 at
456 1921 566 1977 recenti.
582 1950 614 1962 -
628 1920 660 1994 q)
672 1938 722 1994 per
739 1921 854 1976 dilectos
868 1922 936 1977 tilios
955 1925 1107 1991 magistrum
1125 1923 1157 1976 G.
1172 1919 1230 1993 (B.)
1243 1922 1352 1975 suddia-

154 2032 254 2070 cunum
268 2017 385 2069 nostrum
399 2014 428 2068 et
438 2013 469 2067 L.
482 2012 607 2076 iadicem,
620 2013 726 2067 nuntios
735 2018 810 2075 ‘tusa
825 2014 895 2069 siros
908 2013 1019 2085 peritos.
1033 2014 1160 2084 providos
1173 2020 1200 2067 et
1209 2014 1352 2069 demotos.

156 2103 556 2176 -mmmmu-am

731 2368 791 2442 18.

485 2599 490 2610 .
565 2550 659 2633 ‘ispe
674 2550 791 2614 ducisse
807 2549 933 2614 tastrte.

164 2710 271 2781 Grcqor
287 2707 332 2761 IX.
355 2714 447 2761 trustes
462 2708 507 2763 die
524 2707 652 2780 Hermon
669 2707 806 2763 Theodora
818 2726 868 2762 oon
884 2700 1033 2764 osterreich
1050 2709 1115 2764 tiber
1132 2710 1183 2765 den
1206 2710 1262 2765 Tou
1280 2707 1353 2766 adores

164 2796 293 2854 Gemohls
311 2798 430 2871 leopold
452 2800 490 2854 VI.
509 2799 566 2853 und
583 2798 732 2872 oersprtctat
752 2798 797 2855 dic
814 2799 873 2854 dem
898 2798 1084 2855 Verstordenea
1105 2800 1249 2857 dewieacue
1269 2802 1354 2857 &aas

469 2889 523 2961 auf
532 2891 574 2945 aie
585 2891 643 2945 und
653 2888 732 2947 sires
744 2889 817 2947 &lou
830 2908 862 2947 zu
873 2890 1042 2964 uterum

255 3037 396 3093 Hanthaier
420 3033 492 3091 Fasti
512 3035 722 3108 Campditianscs
744 3037 776 3102 ΙΙ,
796 3037 860 3092 iii.

250 3164 335 3249 Quod
361 3165 455 3248 potati
478 3164 590 3229 doloris
619 3164 819 3230 amaritudine
841 3162 1004 3230 amaricata
1026 3163 1085 3229 filie
1109 3171 1210 3231 nostre
1239 3185 1349 3238 conso-

155 3274 285 3339 lacionis
302 3274 441 3340 haustum
456 3274 649 3359 proponimus
664 3274 900 3358 propinandum,
918 3273 1078 3339 sinceritas
1096 3273 1189 3339 officit
1203 3261 1351 3348 karitatis,

157 3405 218 3471 qne
235 3385 275 3448 nil
290 3384 451 3468 humanum
467 3404 484 3448 a
501 3404 535 3447 se
550 3389 670 3468 reputat
685 3383 831 3457 alienum,
848 3403 907 3468 que
923 3384 969 3447 sic
985 3384 1066 3449 omni
1083 3384 1196 3449 dolenti
1212 3383 1352 3450 condolet

157 3501 191 3558 et
222 3495 402 3578 compatitur
431 3493 579 3577 pacienti,
611 3498 644 3559 ut
675 3513 735 3557 non
765 3493 863 3559 minus
894 3493 926 3557 in
957 3494 1078 3567 alienis,
1110 3512 1198 3577 quam
1230 3495 1262 3559 in
1289 3496 1352 3558 suis

158 3604 310 3689 angustiis
331 3603 476 3670 anxietur.
506 3604 586 3668 Sane
615 3602 719 3668 audito
741 3622 837 3687 nuper
853 3602 935 3668 obitu
953 3602 1105 3687 magnifici
1120 3602 1205 3668 ducis
1220 3604 1350 3676 dustria,

157 3714 217 3779 viri
229 3713 274 3778 tui
290 3711 890 3802 1),nonpotuinrnsgraviternontoroari,
902 3713 1041 3797 quicum,
1052 3703 1193 3797 tanquam
1203 3713 1350 3803 Christia-

159 3823 318 3890 nissimum
344 3821 528 3907 principem,
555 3821 585 3886 in
601 3819 748 3887 minorum
775 3820 875 3887 officio
904 3821 1115 3895 constitutum,
1143 3822 1266 3908 speciali
1282 3823 1350 3887 dili-

161 3940 270 4020 gentes
286 3931 407 4020 affcctu
423 3932 522 4017 ipsum
537 3950 610 4015 erga
626 3952 682 3996 nos
699 3937 730 3996 et
744 3932 907 3998 Romanam
923 3932 1084 3997 ecclesiam
1100 3953 1159 3998 non
1175 3939 1236 3998 tam
1257 3953 1350 4018 argu·

157 4044 269 4109 mentis
280 4041 586 4134 probabilibusquam
598 4041 807 4125 experimentis
824 4041 1013 4107 evidentibus
1026 4040 1143 4106 tideiem
1158 4043 1349 4127 probavimus

158 4175 196 4220 ac
214 4155 363 4218 devotum.
402 4150 502 4235 Quare
518 4156 630 4216 tantam
648 4151 684 4214 de
701 4151 796 4235 ipsius
813 4151 992 4234 gerebamus
1009 4152 1184 4216 sinceritate
1200 4150 1350 4227 fiduciam,

157 4272 192 4331 ut
213 4265 244 4329 in
266 4263 401 4347 negociis
423 4261 506 4347 pacis
531 4260 664 4325 eiusdem
691 4243 958 4346 acquiesceremus
981 4261 1114 4326 consiliis
1138 4267 1168 4326 ct
1191 4261 1349 4327 desideriis

157 4374 347 4447 foveremus,
375 4376 547 4457 reputantes
571 4370 630 4435 sibi
657 4371 764 4434 merito
787 4370 891 4435 deberi
915 4370 1045 4456 quitquit
1067 4372 1166 4435 eidem
1189 4391 1347 4457 possemus

155 4484 280 4551 honoris
309 4489 339 4549 et
359 4482 462 4567 gracie
490 4480 638 4565 inpertiri.
678 4480 747 4546 Tibi
782 4499 901 4567 quoque
929 4487 1071 4567 tanquam
1093 4480 1152 4546 iilic
1174 4483 1297 4567 speciali
1319 4494 1349 4551 ct
1464 4516 1467 4524 ·

195 4778 220 4843 ¹)
236 4780 336 4841 Herzog
347 4778 455 4839 Leopotd
466 4778 501 4825 vl.
514 4777 579 4825 stsrh
590 4788 627 4822 am
638 4777 679 4826 28.
690 4778 736 4827 Jnli
749 4779 820 4827 atad.
831 4780 856 4827 8.
867 4779 959 4828 murier
968 4779 1026 4843 tieg.
1038 4793 1060 4840 p.
1073 4779 1128 4828 147.
1147 4817 1150 4824 .
