3209 5392
236 568 314 639 388

235 741 462 806 consummabit.
495 742 588 804 Porro
618 760 686 803 cum
714 741 752 803 ad
780 739 839 803 hoc
867 760 977 826 preces
1006 739 1151 802 iustorum
1180 738 1319 802 assiduas
1348 735 1442 800 nobis

235 870 423 934 summopere
451 850 643 915 necessarias
672 851 864 921 estimemus,
900 849 1098 912 devocionem
1127 854 1258 912 vestram
1286 849 1441 910 attencius

235 963 436 1034 exhortamur,
460 965 608 1043 quatenus
625 959 729 1023 debita
744 959 928 1041 gratitudine
943 959 1125 1040 diligencius
1138 958 1343 1028 attendentes,
1356 958 1442 1041 quod

234 1075 266 1135 in
293 1072 404 1136 vestris
432 1069 559 1152 agendis
586 1069 671 1151 regia
699 1068 785 1134 vobis
815 1068 966 1132 celsitudo
993 1048 1287 1149 libenter'aspirat,
1318 1066 1437 1149 piarum

234 1182 409 1246 oracionum
425 1186 593 1245 vestrarum
610 1177 762 1262 suffragiis
779 1200 835 1243 nos
851 1178 951 1242 divine
968 1177 1135 1242 clemencie
1152 1177 1382 1241 commendetis.

812 1400 876 1472 40.

523 1579 584 1644 Ber
600 1579 796 1643 Romanorum
814 1576 1001 1656 regriclatur
1016 1577 1156 1660 principi.

802 1735 883 1790 1275.

239 1886 325 1957 lidcip
343 1884 448 1955 liudolf
462 1885 535 1940 diuet
552 1886 604 1940 dcc
617 1881 794 1938 Patricrrlren
813 1900 863 1938 von
875 1881 1008 1955 riquilcjc,
1029 1884 1081 1938 den
1100 1883 1189 1938 benten
1215 1885 1279 1954 Wep
1297 1883 1348 1954 frtr
1367 1884 1447 1938 reice

238 1974 377 2048 Bomfalrrl
393 1975 529 2048 cucfindip
547 1992 580 2028 zu
599 1971 710 2028 machere
731 1974 788 2027 und
807 1971 891 2027 dcnlcl
902 1972 956 2028 ihm
981 1971 1102 2044 repleret
1113 1973 1164 2044 fiir
1177 1972 1222 2027 die
1235 1973 1347 2029 declacld
1359 1973 1445 2029 celon

631 2062 839 2134 cufpewcndtcc
851 2062 1047 2135 chddcnpen.

330 2210 456 2272 Gerbsrt,
468 2208 495 2274 2,
510 2208 535 2263 l.

330 2359 480 2442 Quantum
496 2357 587 2423 nobis
601 2359 633 2421 in
642 2363 693 2422 tue
704 2358 879 2424 devocionis
894 2357 1082 2422 exhibicione
1091 2357 1283 2442 complacuit,
1297 2363 1442 2442 quantum

240 2490 319 2535 nunc
335 2469 373 2531 de
389 2473 453 2538 tua,
470 2488 528 2552 que
548 2488 608 2532 uon
621 2471 707 2531 nutat
723 2472 774 2530 aut
790 2446 902 2539 deviat,
918 2467 987 2531 fidei
1004 2467 1135 2548 puritate
1153 2468 1364 2548 presumimus,
1381 2488 1443 2533 non

239 2584 287 2644 est
303 2578 391 2642 facile
408 2577 510 2642 verbis
527 2582 579 2641 aut
594 2576 690 2641 literis
714 2577 872 2659 explicare.
907 2576 994 2659 Quod
1017 2576 1096 2638 enim
1119 2596 1175 2658 pro
1198 2576 1293 2639 nostri
1316 2576 1440 2642 honoris

240 2694 271 2752 et
287 2687 368 2751 sacri
384 2686 503 2770 imperii
518 2686 704 2759 reverencia,
723 2685 782 2749 tuis
801 2686 925 2750 famosis
938 2689 969 2748 et
980 2684 1145 2748 commodis
1157 2684 1272 2749 laribus
1286 2686 1440 2751 derelictis

239 2798 269 2862 in
285 2803 355 2880 igne
366 2794 544 2868 dier-iminis,
561 2795 598 2859 ad
615 2794 867 2878 proficiscendum
884 2794 1042 2860 nobiscum
1058 2794 1097 2858 ad
1115 2815 1257 2860 coronam
1273 2796 1389 2879 imperii
1406 2803 1437 2861 te

239 2907 278 2970 ad
304 2910 407 2989 partes
434 2904 530 2969 Ytalie
558 2910 702 2987 apparatu
737 2903 897 2987 magnifico
926 2905 1121 2977 transtulisti,
1153 2924 1208 2987 pro
1236 2911 1323 2988 grato
1351 2906 1439 2970 valde

239 3014 422 3098 recepimus,
434 3014 489 3077 tibi
505 3019 630 3096 propter
641 3014 699 3076 hoc
714 3015 753 3077 ad
765 3018 868 3095 grates
885 3014 1053 3077 uberrimas
1071 3013 1261 3085 inclinantes,
1278 3019 1309 3077 et
1324 3035 1397 3096 erga
1412 3022 1445 3078 te

241 3146 278 3189 ac
306 3130 375 3188 tuos
403 3142 458 3207 pro
484 3123 553 3187 loco
582 3128 613 3186 et
635 3129 771 3206 tempore
795 3122 901 3205 procul
925 3121 1016 3186 dubio
1040 3122 1236 3206 disponentes
1259 3123 1383 3186 altluere
1399 3129 1447 3187 tot

244 3232 405 3299 beneficiis
415 3233 599 3315 graciarum,
611 3231 690 3316 quod
708 3232 879 3296 nullatcnus
895 3233 1031 3315 penitere
1045 3237 1075 3295 te
1087 3232 1131 3315 a)
1148 3231 1267 3303 debeat,
1285 3252 1340 3315 pro
1356 3233 1452 3296 nostri

246 3344 386 3427 proiectu
402 3342 444 3428 d)
460 3341 588 3406 nominis
605 3341 769 3405 attollendo
786 3341 923 3405 laborum
939 3363 975 3405 ac
988 3347 1159 3424 sumptuum
1173 3360 1263 3404 onera
1276 3343 1448 3423 pertulisse.

244 3453 394 3536 Quocirca
422 3451 637 3535 synceritatem
668 3457 749 3514 tuam
777 3451 977 3534 requirimus,
1006 3455 1155 3536 quatenus
1182 3451 1247 3515 vias
1277 3458 1448 3516 nostrorum

244 3580 461 3646 progressuum
488 3560 527 3624 ad
548 3561 665 3644 imperii
693 3560 832 3623 diadema
859 3561 1005 3643 perutiles
1034 3561 1195 3644 diligenter
1218 3562 1393 3644 excogitans
1416 3569 1448 3627 et

245 3671 424 3756 exquirens,
461 3675 593 3734 nostram
622 3676 652 3735 te
681 3690 740 3733 non
771 3670 875 3753 pigeat
905 3671 1095 3755 presenciam
1129 3670 1309 3754 prestolari,
1346 3692 1452 3736 omnes

159 3804 169 3821 ·
244 3787 314 3846 tuos
330 3780 482 3864 aliosque,
493 3799 569 3863 quos
585 3779 713 3863 poteris,
730 3779 769 3842 ad
785 3779 932 3862 obsequia
947 3785 1049 3844 nostra
1063 3780 1212 3845 allectivis
1226 3780 1452 3846 inductionibus

247 3890 408 3957 excitando
416 3889 466 3978 c).

336 4054 439 4109 Stoblre
453 4050 518 4118 264,
532 4053 689 4108 Patriarcho
702 4052 886 4124 Aquilegcnsi‚
911 4052 1127 4119 ausilihrlicher3
1151 4056 1201 4111 der
1223 4057 1311 4127 Konig
1333 4057 1449 4112 ndmlich

247 4147 353 4202 lordcrt
376 4145 427 4198 den
446 4143 621 4199 Patriarchen
642 4145 710 4199 noch
729 4144 783 4206 auf,
805 4144 852 4197 mit
868 4142 921 4197 ihm
940 4143 966 4198 in
984 4143 1100 4199 Malland
1118 4162 1267 4201 zusammen
1286 4165 1320 4202 zu
1342 4148 1447 4212 treffcn,

249 4224 335 4291 iodom
350 4254 380 4292 er
393 4238 444 4291 den
456 4236 564 4289 Termin
577 4235 626 4289 der
639 4235 768 4306 lironung
780 4235 866 4289 durch
880 4236 931 4289 den
945 4234 1108 4299 Gesandtem
1126 4237 1175 4291 der
1188 4236 1256 4307 jetzt
1276 4256 1335 4293 zum
1348 4240 1447 4311 Papste

248 4331 331 4393 reice,
346 4330 470 4384 eriahren
481 4326 581 4382 vrrirdc.

340 4511 410 4574 c)tc
419 4508 521 4563 iehltV.
536 4539 571 4548 -
584 4508 617 4578 l)
629 4513 757 4579 provectu
771 4509 799 4562 Z.
813 4540 843 4548 -
856 4509 887 4577 c)
903 4491 982 4564 Gerli.
998 4511 1045 4564 hat
1058 4510 1127 4586 noch
1140 4509 1308 4580 Folgcndes:
1322 4513 1452 4567 orituram

248 4601 409 4661 certissime,
422 4599 495 4669 qnod
505 4598 531 4652 in
543 4600 749 4670 termino,quem
760 4598 800 4665 N„
816 4617 895 4669 quern
910 4599 943 4653 ad
957 4602 1040 4671 pedes
1054 4601 1151 4655 domini
1161 4616 1232 4672 pape
1246 4603 1455 4660 transmittimus,

249 4696 338 4746 nostro
356 4689 460 4744 nomine
474 4690 523 4744 tihi
537 4689 639 4762 pandet
654 4688 822 4761 expressius,
842 4697 931 4745 nostra
941 4693 978 4754 tc,
993 4691 1115 4761 aliosque
1129 4690 1222 4745 fideles
1238 4695 1363 4754 nostros,
1382 4693 1459 4749 desi-

249 4782 343 4837 derata
359 4780 515 4851 praesentia
527 4779 623 4834 debeat
638 4781 780 4835 consolari.
