3209 5392
230 537 308 608 318

237 709 305 773 dem
322 730 465 793 germane
482 709 657 783 karissime,
674 731 740 775 cnm
758 717 884 795 paterna
907 712 994 776 domo
1017 712 1195 785 recederes,
1224 720 1255 777 te
1276 719 1435 797 potentum

247 819 347 882 subire
370 820 504 902 palacia,
532 821 700 903 sapientum
722 821 807 885 adine
830 821 954 886 consilia
971 828 1002 884 et
1017 821 1146 885 virorum
1163 821 1341 905 pollenoium
1359 842 1436 887 con-

237 930 336 993 sorcia
352 931 557 1013 frequentare.
590 931 636 993 Tu
652 950 724 994 vero
742 932 861 994 omnino
886 930 1075 1013 degenerans
1098 936 1128 995 et
1149 951 1278 1014 peregre
1293 931 1436 1015 proticis-

241 1056 325 1108 cens‚
343 1058 465 1108 eorum,
492 1038 601 1121 quibus
624 1038 691 1102 finis
713 1059 837 1122 operum
864 1040 995 1103 minatur
1020 1039 1188 1112 interitum,
1217 1060 1343 1125 quorum
1369 1041 1433 1105 vita

232 1146 373 1211 consistit
389 1147 419 1210 in
437 1146 549 1220 tabula,
567 1168 626 1231 que
643 1168 722 1212 nunc
738 1149 912 1213 concutitur
927 1147 1080 1221 fluctibus,
1103 1169 1183 1214 nuuc
1204 1150 1335 1234 scopulis
1359 1170 1435 1215 con-

233 1260 404 1339 quassatur,
425 1275 547 1319 enorme
563 1257 706 1320 videlicet
721 1276 880 1340 pravorum
889 1257 931 1342 a)
947 1258 1109 1340 collegium
1129 1259 1288 1323 intravisti.
1305 1260 1349 1323 Ex
1373 1279 1435 1344 quo

231 1384 307 1429 sane
330 1365 433 1429 fratris
454 1365 571 1428 animus
589 1367 747 1429 amaricari
764 1386 823 1429 non
841 1366 931 1429 desiit
947 1371 978 1430 et
993 1367 1286 1451 consanguineorum
1304 1368 1436 1434 omnium

230 1473 389 1540 turbantur
408 1481 544 1557 pectora,
565 1495 692 1558 quorum
715 1475 835 1539 t'uturus
858 1475 916 1540 dux
938 1481 970 1541 et
990 1480 1091 1540 rector
1107 1476 1279 1559 sperabaris
1294 1479 1435 1562 recipere

234 1582 394 1666 dyadema.
427 1582 495 1646 Non
524 1583 602 1646 enim
625 1583 655 1647 id
678 1582 715 1647 de
737 1589 768 1647 te
791 1589 842 1647 tua
860 1583 991 1666 cogebat
1011 1584 1127 1648 indoles
1144 1605 1199 1648 uos
1217 1605 1356 1670 sperare,
1381 1588 1434 1671 qui

232 1694 322 1778 quasi
339 1693 477 1756 matutini
499 1693 608 1756 sideris
630 1693 732 1758 radius
755 1692 833 1757 inter
848 1693 999 1758 virtuosos
1017 1695 1117 1759 socios
1134 1695 1284 1760 radiabas.
1317 1698 1435 1762 Adeon

232 1803 326 1885 igitur
341 1807 496 1865 revertere
513 1808 543 1865 et
560 1804 591 1866 in
607 1802 709 1867 cordis
725 1803 770 1867 tui
793 1802 861 1865 acie
885 1804 1010 1885 provide
1034 1804 1193 1869 considera
1216 1811 1246 1868 et
1267 1807 1435 1891 perpende,

233 1911 305 1995 quid
327 1932 363 1973 en
386 1909 557 1975 huiusmodi
582 1911 766 1992 evagaeione
793 1910 848 1973 tibi
874 1912 971 1993 possit
993 1913 1134 1976 accidere
1158 1913 1334 1985 dedecoris,
1358 1917 1432 1999 quid

226 2017 354 2083 ruboris.

804 2378 864 2448 19.

619 2553 756 2635 Princeps
773 2553 805 2617 ll.
823 2554 940 2618 domlno
956 2571 1042 2637 pape.

787 2714 865 2769 1274.

229 2854 279 2910 Er'n
301 2854 472 2928 Ileicbafitrat
493 2856 567 2912 litor
588 2857 641 2912 den
662 2860 745 2931 Papot
760 2859 862 2931 Grcpor
875 2860 917 2922 X..
939 2859 998 2913 dem
1020 2859 1124 2931 Konige
1145 2858 1251 2931 liudolf
1267 2859 1315 2915 mil
1335 2859 1428 2916 aeiner

693 2951 780 3004 Garnae
793 2947 970 3005 belenateben.

320 3096 399 3150 Gerb.
415 3093 439 3160 l,
454 3094 496 3149 38.
518 3095 652 3149 Bodmanu
666 3112 691 3166 p.
707 3094 768 3149 130.

319 3263 453 3324 Humane
468 3260 655 3324 condicionis
670 3261 802 3342 dignitas
817 3281 870 3323 sue
883 3259 1034 3341 primitive
1048 3259 1172 3342 originis
1187 3282 1246 3324 non
1258 3262 1426 3334 immemor,

228 3389 287 3452 qua
303 3390 407 3434 omnes
424 3369 463 3432 ab
484 3370 574 3435 inicio
596 3370 683 3433 liberi
711 3369 932 3439 nascebantur,
960 3388 1016 3431 nec
1044 3368 1227 3450 presidentis
1250 3370 1425 3452 preminen-

229 3478 356 3565 ciamb)
374 3485 559 3561 cognoverat
568 3478 617 3565 c),
630 3478 695 3542 visa
710 3479 806 3566 estol)
821 3477 975 3542 servitutis
990 3478 1094 3559 iugum
1102 3485 1242 3542 excutere
1256 3485 1287 3542 et
1303 3479 1426 3543 dominii

120 3587 460 3670 f,1.49..precellenciam
496 3588 638 3651 refutare.
690 3587 800 3651 Verum
834 3587 980 3670 impunita
1012 3586 1254 3670 delinquencium
1286 3588 1426 3662 licencia,

225 3697 408 3760 incentivum
425 3695 570 3760 malivolis
587 3696 722 3760 tribuens
740 3695 945 3779 delinquendi,
957 3701 1002 3759 tot
1013 3695 1132 3759 malicie
1145 3697 1260 3760 semina
1276 3698 1307 3759 in
1323 3699 1426 3763 areola

225 3804 329 3869 matris
346 3805 477 3868 ecclesie
495 3810 659 3887 sparserat,
676 3805 756 3888 quod
773 3804 870 3869 urtice
887 3813 919 3867 et
931 3805 1055 3869 aliarum
1067 3804 1247 3869 nocencium
1263 3806 1425 3870 herbarum

225 3913 379 3978 venositas
396 3914 461 3977 vise
478 3923 549 3978 sunt
564 3914 697 3979 triticum
715 3914 898 3978 dominicum
914 3914 1075 3979 suffocare.
1107 3915 1300 3996 Prospiciens
1321 3916 1425 3999 itaque

228 4024 267 4087 de
296 4023 361 4086 celo
390 4023 530 4096 iusticia,
558 4024 596 4087 ad
624 4023 832 4106 premiandum
854 4022 1003 4088 iustorum
1026 4024 1132 4088 merita
1155 4029 1185 4087 et
1201 4024 1426 4107 reprimendum

225 4132 374 4196 maliciam
390 4152 611 4215 perversorum,
627 4133 723 4196 virum
742 4133 910 4197 secundum
923 4152 977 4196 cor
991 4152 1076 4196 suum
1089 4133 1218 4214 prefecit
1237 4134 1368 4197 interris
1387 4134 1425 4198 de

225 4247 272 4312 sui
300 4245 504 4330 prolanditate
532 4242 666 4314 consilii,
695 4243 849 4306 dominum
870 4243 904 4305 R.
928 4243 1127 4305 Romanorum
1155 4261 1277 4324 regem,
1306 4243 1424 4307 cunctis

224 4355 399 4420 mortalibus
422 4352 637 4424 reverendum,
662 4371 680 4415 a
697 4371 773 4434 quo,
797 4352 879 4415 velut
895 4351 968 4413 iuris
985 4351 1066 4414 racio
1083 4353 1228 4433 precipit,
1256 4352 1346 4415 feoda
1363 4372 1423 4416 una

225 4485 293 4528 cum
310 4464 422 4527 nostris
439 4462 507 4525 filiis
524 4483 580 4526 nec
603 4481 663 4525 non
685 4460 750 4524 aliis
775 4460 964 4524 orientalium
980 4461 1116 4544 parcium
1132 4459 1318 4544 principibus
1334 4481 1423 4525 rece-

316 4681 349 4752 a)
363 4680 478 4751 plebium
493 4680 519 4732 Z.
530 4710 561 4717 -
572 4678 603 4744 d)
616 4677 793 4748 preminencin
809 4677 835 4729 Z.
845 4676 917 4743 -c)
931 4678 1114 4745 cognoverant
1128 4694 1160 4730 zu
1172 4677 1256 4731 lesen.
1271 4707 1304 4716 —
1320 4676 1355 4747 d)
1366 4676 1423 4731 nisa

224 4776 267 4827 est
282 4772 372 4827 Bodm.
