3209 5392
762 739 826 809 58.

188 914 327 993 lrlnoeps
352 916 455 978 scrlbll
472 914 665 977 Romanorum
688 916 761 994 regl,
779 922 923 996 qnontnno
941 919 1105 996 congaudet
1120 919 1258 1001 potencie
1275 940 1328 985 sue
1351 941 1386 986 no

188 1022 339 1099 lcllcltotl‚
359 1041 393 1085 no
411 1040 502 1105 snper
517 1020 707 1104 sponsalibus
719 1025 800 1086 luter
813 1042 880 1086 cnm
894 1029 924 1086 el
939 1027 1081 1106 quendem
1100 1047 1197 1108 regem
1211 1032 1384 1095 contraclls.

666 1181 738 1235 1276
751 1180 820 1236 oder
834 1181 914 1238 1277.

188 1325 238 1378 llio
255 1323 373 1394 Biocbof
391 1324 620 1399 deplecboottnscbt
641 1325 694 1379 den
713 1326 801 1398 Konop
821 1327 927 1398 Bocdolf
946 1345 1035 1399 coepero
1054 1329 1103 1382 der
1129 1329 1276 1402 Verlobunp
1299 1333 1386 1386 omnen

359 1414 467 1470 Tocbtcr
480 1416 622 1470 Clementia
634 1416 681 1471 mit
693 1417 752 1469 dem
765 1418 867 1489 Herzog
879 1420 1003 1473 Andreas
1014 1437 1064 1472 ooo
1080 1421 1228 1476 Slooone'eu.

283 1563 423 1623 Bodmann,
438 1580 463 1632 p.
480 1560 523 1614 28.
538 1561 629 1629 Vergl.
643 1562 710 1614 nbcn
726 1561 753 1615 S.
767 1560 913 1615 aua—306
927 1563 980 1615 und
993 1563 1046 1617 385
1059 1580 1102 1617 no.
1116 1566 1159 1618 37.

281 1707 357 1770 Cum
369 1709 494 1770 Romani
510 1707 597 1787 regni
614 1706 684 1769 felix
696 1708 882 1788 prosperitas
897 1714 927 1771 et
943 1710 1077 1789 regentis
1090 1709 1248 1792 imperinm
1261 1711 1303 1796 n)
1316 1696 1387 1793 pro-

190 1816 279 1896 spera
308 1815 437 1877 felicitas
462 1815 640 1884 nunciatur,
668 1814 807 1877 ubertate
824 1815 948 1877 mirifica
971 1816 1148 1888 fecundata,
1171 1821 1340 1883 succrescit
1356 1821 1387 1880 in

190 1923 276 1987 nobis
292 1925 418 1986 materia
435 1923 623 2005 gaudiorum,
643 1929 673 1985 et
690 1923 818 1986 diversis
835 1924 983 2005 angustiis
1000 1930 1192 2006 angustatum
1209 1929 1239 1989 in
1257 1929 1386 1990 ecclesie

188 2037 290 2095 nostre
307 2030 541 2094 adversitatibus
560 2036 666 2113 peetus
685 2036 820 2093 nostrum
839 2031 907 2093 letis
924 2035 1034 2095 vestris
1052 2034 1246 2097 successibus
1263 2034 1388 2116 amplia·

188 2146 248 2210 tur,
264 2140 399 2221 pascitur
416 2143 457 2207 et,
474 2139 504 2199 in
522 2143 665 2221 quantum
681 2144 783 2202 vestre
799 2141 940 2220 potencie
957 2140 1083 2204 brachia
1101 2143 1232 2206 dilatatis
1247 2144 1386 2206 funiculis

190 2248 294 2310 virium
311 2247 408 2309 lacius
424 2246 625 2316 roborantur,
650 2247 681 2309 in
703 2252 818 2311 tantum
843 2254 945 2311 nostra
968 2249 1128 2330 precordia
1148 2250 1387 2314 redundantibus

193 2357 311 2438 gaudiis
328 2355 423 2418 alcius
440 2355 572 2417 relevata
590 2356 749 2436 respirant.
775 2355 820 2417 llli
833 2360 933 2418 minen
944 2356 1008 2419 Deo
1026 2358 1171 2421 altissimo
1188 2358 1278 2439 digne
1297 2359 1389 2421 devo-

192 2465 289 2528 cionis
304 2463 498 2545 rependimus
515 2464 648 2543 gracias,
661 2465 712 2545 qui
726 2465 756 2525 in
768 2463 854 2526 vobis
871 2464 981 2527 virtute
995 2486 1050 2528 sue
1063 2469 1203 2548 potencie
1216 2488 1266 2529 res
1280 2486 1389 2549 opera-

190 2582 239 2635 tur
255 2573 330 2635 adeo
348 2572 515 2652 graciosas,
533 2576 565 2634 ut
581 2572 689 2642 eciam,
706 2572 787 2654 quod
803 2572 932 2635 humane
949 2574 1087 2635 modulus
1100 2574 1252 2637 facultatis
1267 2574 1388 2638 difficile

191 2688 222 2744 et
237 2682 323 2746 valde
340 2681 526 2764 impossibile
542 2687 663 2764 reputat
686 2681 738 2763 b),
761 2682 933 2745 moderator
956 2683 1007 2745 alti
1037 2684 1155 2746 consilii
1170 2685 1227 2747 Dei
1255 2684 1331 2747 filius
1359 2687 1389 2747 in

191 2792 326 2873 negociis
342 2792 452 2853 restris
469 2789 551 2852 facili
567 2790 688 2852 levitate
705 2789 868 2861 modificat,
886 2790 1004 2871 perficit
1026 2796 1056 2853 et
1080 2801 1274 2854 consummat.
1309 2794 1390 2856 Sane

191 2920 282 2982 super
296 2899 497 2981 sponsalibus,
514 2899 594 2961 inter
610 2896 649 2983 α)
666 2903 796 2961 vestram
815 2898 903 2960 filiam
921 2905 952 2961 et
967 2899 1004 2962 N.
1023 2899 1212 2964 laudabiliter
1234 2901 1389 2970 ordinatis,

191 3009 296 3072 laudes
320 3007 517 3091 omnipotenti
540 3007 604 3068 Deo
626 3006 804 3078 referimus,
829 3027 865 3068 eo
889 3006 968 3090 quod
992 3007 1030 3070 ad
1046 3007 1293 3071 sublimacionem
1311 3010 1390 3071 sacri

190 3119 308 3200 imperii
336 3118 443 3181 foedus
471 3116 642 3181 huiusmodi
677 3115 816 3178 amicicie
851 3115 981 3178 feliciter
1008 3118 1151 3179 durature
1181 3118 1331 3181 credimus
1360 3124 1390 3179 et

192 3248 347 3309 speramus
366 3227 507 3289 divinitus
532 3227 702 3288 adunatum.
721 3224 754 3286 ln
778 3244 836 3308 qua
853 3225 971 3287 scilicet
987 3225 1107 3295 unione,
1125 3232 1245 3306 sperata
1263 3226 1391 3298 diucius,

193 3338 359 3400 commocio
390 3336 570 3399 divisionum
599 3340 631 3396 et
658 3334 811 3403 scismata,
839 3352 898 3416 qne
923 3335 1069 3397 adversus
1093 3333 1218 3396 Romani
1253 3335 1389 3398 culminis
1401 3345 1443 3382 ¹²⁰¹·
1454 3345 1508 3383 6⁰⁰·

192 3468 282 3510 unum
299 3446 333 3527 e)
351 3452 442 3526 caput
459 3466 492 3507 se
510 3443 628 3506 elevant
645 3449 674 3504 et
692 3443 851 3515 extollunt,
875 3442 1034 3506 deficiente
1058 3464 1129 3525 spe,
1152 3463 1247 3506 uacua
1264 3464 1391 3506 conver-

192 3563 294 3621 tentur
307 3556 344 3618 nd
361 3572 531 3636 vesperam,
548 3558 580 3616 ut
596 3552 725 3615 adorent
744 3551 873 3633 vestigia
889 3552 972 3632 regis
988 3550 1150 3632 magnifici,
1168 3572 1256 3636 quern
1273 3554 1391 3634 magni·

192 3665 293 3728 licavit
309 3664 477 3726 ditissimus
501 3662 531 3723 in
554 3661 673 3723 sublimi
698 3659 773 3724 solio
795 3660 982 3730 monarcbie,
1000 3659 1179 3724 confirmans
1197 3667 1227 3722 et
1243 3662 1389 3725 roborans

191 3792 318 3855 regnum
333 3772 406 3834 eius.

290 3935 323 4005 α)
344 3936 503 4003 Ergtnnuog
523 3949 570 3985 ans
590 3931 735 3989 Bodmaun,
756 3950 784 4002 p.
804 3929 848 3983 28.
869 3931 1003 3984 Dominam
1023 3933 1153 3990 nostram,
1179 3929 1257 3983 liliam
1276 3935 1389 3985 vestram

197 4036 224 4082 et
242 4028 374 4082 illustrem
395 4025 544 4093 principem
561 4024 593 4074 N·
614 4022 713 4075 Ducem
733 4020 899 4081 Sclaronine,
919 4020 952 4074 de
972 4035 1103 4073 consensu
1122 4019 1280 4073 sanctissimi
1300 4021 1385 4075 Patrio

192 4120 276 4176 nostrl
297 4121 324 4173 et
345 4115 458 4173 Domini,
479 4113 594 4165 Sanctae
613 4111 687 4164 Rom.
707 4110 848 4165 Ecclesiae
869 4110 969 4163 Summi
983 4108 1118 4165 Pontificio
1132 4110 1303 4166 landabiliter
1317 4110 1390 4165 ordi-

196 4211 266 4266 natis
279 4209 372 4265 landes
386 4203 559 4275 omnipotenti
572 4203 629 4257 Deo
643 4201 782 4257 referimus
796 4205 849 4257 etc.

81 4414 85 4419 ,
287 4354 322 4424 o)
344 4350 453 4407 Romani
476 4348 548 4417 regis
566 4345 696 4416 magnifici
716 4361 845 4417 prospera
863 4346 941 4399 nobis
960 4344 1076 4399 felicitas
1095 4345 1123 4399 Z.
1146 4375 1175 4384 -
1191 4345 1223 4416 d)
1246 4344 1349 4399 indicat
1360 4345 1388 4400 Z.

195 4478 226 4489 -
249 4446 281 4515 c)
300 4460 380 4498 unum
393 4441 460 4494 fehlt
472 4440 501 4494 Z.
