3209 5392
1243 577 1317 648 177
1359 544 1363 549 ’

134 760 162 817 ct
183 755 317 817 securius
340 752 562 834 inexpugnabili
585 752 746 816 amicorum
764 751 888 815 vallatus
905 751 1065 814 munimine
1082 751 1188 813 nullius
1206 751 1319 832 poteris

132 861 187 923 iam
203 859 297 923 hostis
316 860 442 922 adverso
460 860 619 922 conamina
636 860 810 923 formidare.
1091 945 1093 948 Ι

222 968 334 1030 Verum
350 985 418 1029 cum
434 967 493 1030 iam
510 971 628 1049 tempus
647 967 813 1038 advenerit,
837 967 916 1050 qnod
942 966 1068 1029 dilectos
1091 966 1167 1028 lilios
1189 972 1320 1037 nostros,

134 1076 255 1138 comites
271 1075 309 1138 N.
328 1072 453 1138 efficere
469 1092 578 1156 posses
595 1075 763 1147 unanimes,
786 1094 912 1158 quorum
937 1074 1114 1156 obsequium
1135 1073 1190 1136 tihi
1207 1074 1321 1155 poteris

133 1184 295 1266 applicare,
313 1183 339 1245 si
357 1184 412 1255 eis,
430 1183 481 1265 qui
498 1202 580 1246 arma
603 1182 662 1245 iam
685 1183 801 1264 pridem
825 1184 855 1244 in
878 1189 961 1246 tuum
984 1188 1211 1263 assumpserunt
1227 1181 1321 1256 detrie,

137 1297 282 1360 mentum,
315 1308 352 1353 ex
382 1291 484 1353 innata
517 1290 698 1359 clemencia,
728 1291 758 1352 in
790 1290 964 1371 captivitate
997 1290 1126 1353 detentis
1162 1288 1322 1366 indulseris

132 1397 319 1469 libertatem,
349 1398 542 1460 serenitatem
569 1402 651 1459 tuam
679 1400 793 1459 attente
815 1416 974 1477 rogamus,
1001 1395 1055 1459 tihi
1079 1398 1269 1459 consulentes
1290 1396 1322 1472 in
1426 1397 1433 1416 “

138 1504 225 1569 animi
248 1505 396 1587 puritate,
412 1509 560 1586 quatenus
580 1523 597 1565 a
614 1503 732 1566 vinculo
755 1504 889 1566 carceris
911 1503 994 1584 ipsos
1017 1508 1049 1566 et
1070 1504 1115 1564 eis
1142 1503 1322 1567 adherentes

132 1632 218 1677 cures
240 1613 416 1683 absolvere,
444 1611 621 1675 fortioribus
640 1631 696 1693 per
716 1612 774 1676 hoc
797 1610 870 1684 tihi,
899 1615 1009 1675 amoris
1036 1613 1154 1675 scilicet
1187 1613 1324 1686 nexibus,

134 1720 327 1791 vinciendos,
352 1739 420 1783 eum
437 1720 512 1783 satis
530 1720 653 1782 evidens
669 1725 771 1801 pateat
786 1724 1011 1800 argumentum,
1034 1721 1114 1803 quod
1131 1740 1199 1783 eum
1216 1723 1441 1800 fuerintp,1‚³³,2

133 1828 163 1890 in
193 1834 222 1891 te
255 1828 473 1892 humanitatem
505 1829 634 1909 experti,
672 1833 771 1909 grata
794 1826 849 1889 tihi
877 1828 1044 1909 rependent
1071 1828 1217 1912 obsequia
1245 1833 1327 1892 tante

134 1934 333 2000 vicissitudini
349 1934 554 2017 rependenda.
577 1937 642 2016 Age
660 1955 733 2016 ergo
751 1934 791 1997 fili
809 1936 893 1999 ocius
911 1936 991 2017 qnod
1005 1936 1171 2007 hortamur,
1189 1956 1257 2000 curn
1272 1956 1329 2019 per

134 2044 267 2123 ipsorum
296 2041 508 2105 detensionem
535 2042 633 2104 nullus
662 2041 718 2105 tihi
745 2044 864 2105 fructus
886 2042 1025 2108 videatur
1047 2061 1244 2114 accrescere,
1273 2044 1327 2106 sed

134 2151 200 2215 odia
223 2151 365 2233 utrinqne
390 2171 426 2213 ex
443 2169 478 2213 eo
495 2152 600 2232 pocius
616 2152 647 2214 in
664 2150 800 2233 partibus
823 2152 1026 2220 invalescant,
1049 2170 1107 2232 quc
1123 2171 1179 2233 per
1194 2152 1328 2234 ipsorum

136 2259 352 2323 liheraciooem
368 2262 494 2339 possunt
510 2259 632 2339 penitus
650 2259 818 2340 exstirpari.
852 2258 915 2321 Nos
937 2259 1047 2339 igitur,
1070 2259 1097 2321 si
1119 2259 1199 2341 quod
1216 2259 1327 2326 affeetu

134 2368 337 2450 suggerimus,
354 2366 497 2448 prosequi
515 2365 666 2428 studueris
683 2366 714 2428 in
732 2364 853 2435 effectu,
870 2366 902 2428 id
919 2366 957 2428 ad
973 2384 1032 2428 non
1047 2367 1197 2432 modicum
1211 2372 1329 2448 gratum

133 2475 324 2545 hahehimns,
341 2478 483 2556 tuamque
499 2473 625 2554 proinde
648 2473 845 2536 devocionem
872 2472 972 2555 dignis
994 2473 1026 2536 in
1041 2474 1167 2539 Domino
1190 2474 1328 2539 laudibus

134 2585 315 2648 attollemus.

127 2713 129 2718 ⁴
220 2746 250 2799 lo
273 2745 359 2813 nugs
385 2743 434 2796 der
456 2744 585 2798 Schlacht
611 2747 654 2800 hei
683 2743 882 2816 Westcapellen
908 2746 956 2798 ani
983 2745 1032 2798 der
1053 2745 1122 2799 losel
1158 2746 1329 2808 Walchersn,

141 2834 166 2887 in
191 2834 316 2889 welcher
329 2834 399 2888 Grai
408 2833 517 2888 Florsos
531 2851 582 2888 von
596 2835 719 2899 llolland,
738 2834 826 2904 Kdoig
838 2833 984 2889 Wilhelm's
996 2836 1111 2898 Broder,
1130 2835 1178 2889 das
1190 2853 1238 2890 aus
1251 2836 1330 2889 llan-

141 2925 220 2978 drern
248 2923 303 2978 und
331 2923 484 2977 Fransosen
506 2923 669 2979 hestehende
694 2925 764 2979 Heer
784 2925 832 2980 der
855 2924 945 2979 Gratis
965 2925 1116 2993 Margarets
1133 2941 1182 2978 von
1201 2926 1329 2978 Fleodero

141 3013 279 3085 besiegte,
304 3012 346 3082 (4.
360 3013 414 3068 Jnli
429 3011 508 3073 iana,
521 3013 547 3066 io
562 3012 604 3067 die
617 3013 800 3068 translacionis
816 3015 884 3068 hesti
898 3013 1020 3084 Martini)
1035 3016 1128 3067 humen
1143 3012 1186 3069 die
1197 3014 1329 3084 jdngereo

139 3102 240 3157 Gralen
271 3118 326 3156 von
348 3100 495 3163 Flsoderm
519 3102 608 3155 senne
626 3117 672 3156 ans
690 3101 861 3173 Margareta's
880 3105 988 3157 zweiter
1006 3104 1060 3156 Ehe
1086 3105 1132 3156 mit
1155 3104 1212 3157 dem
1230 3103 1330 3160 Grafen

140 3192 265 3246 wilhelm
277 3207 332 3244 von
344 3191 507 3261 Dsmpierre‚
522 3192 547 3244 in
566 3193 609 3245 die
624 3192 853 3263 Gelaogenschsft
864 3194 952 3263 Kdoig
965 3192 1120 3246 Wilhelm's.
1145 3192 1279 3248 lohannes
1296 3193 1329 3248 de

136 3281 346 3337 Bekalloehmer
356 3280 454 3335 Fontes
467 3280 575 3343 11445.
589 3283 645 3337 Rex
658 3282 739 3350 igilur
752 3282 860 3336 comites
873 3285 907 3336 de
917 3282 1021 3350 Ghysen
1034 3287 1061 3336 et
1073 3284 1108 3337 de
1114 3283 1199 3337 Besso
1212 3284 1331 3353 duosque

136 3371 206 3442 filios
219 3371 371 3443 Margarite
383 3369 515 3425 comitisse
527 3370 649 3441 captivos
664 3371 807 3425 destinavit
819 3373 851 3426 ad
866 3372 1038 3426 Hellandiam.
1064 3372 1153 3441 Vergl.
1169 3371 1236 3427 noch
1249 3373 1330 3439 lieth.

134 3461 258 3514 Pariesd
266 3459 375 3514 London
389 3459 767 3531 1684,p.760sqn.Boehmer
781 3462 847 3531 Reg.
861 3462 923 3532 imp.
935 3462 996 3516 inde
1011 3464 1043 3516 ab
1057 3478 1080 3515 s.
1094 3461 1175 3525 1246,
1189 3478 1216 3531 p.
1229 3460 1265 3515 26
1278 3463 1330 3515 nod

137 3548 1094 3620 1111111113.Ψίιιι.ρις.381,ιιο.3ο3.Βαιιιηοτ3.1ιιῆ.4,23ο.-υηι
1106 3551 1148 3604 die
1161 3550 1332 3622 Freilsssnng

140 3638 227 3693 dieser
246 3638 349 3693 Grafen
370 3638 448 3692 hittet
466 3639 594 3692 lnnocena
607 3640 659 3694 deo
678 3640 772 3708 Kdnig,
795 3641 1018 3695 wehrscheinlich
1038 3657 1088 3693 von
1101 3641 1263 3693 Franlrreich
1281 3642 1331 3693 her

142 3727 210 3781 drzu
229 3732 371 3798 angeregt.
385 3727 542 3797 Vergleiche
560 3729 627 3783 noch
645 3729 705 3782 ioh.
723 3730 882 3790 Meermann,
902 3729 998 3783 Geseh.
1019 3731 1067 3783 des
1088 3729 1188 3782 Grsfen
1207 3728 1331 3783 Wilhelm

138 3832 186 3871 von
199 3816 324 3878 llollsnd‚
339 3817 486 3871 romischen
500 3818 608 3888 Kdnigs.
622 3819 677 3872 Ans
690 3820 749 3872 dem
762 3819 977 3872 llolldodisehen.
991 3818 1100 3889 Leipzig
1116 3817 1196 3881 1787,
1209 3818 1285 3871 Theil
1303 3819 1340 3880 2,,

135 3906 292 3969 lle-124,
308 3905 362 3960 lto
376 3907 429 3960 und
442 3906 505 3967 200,
520 3907 608 3962 temer
619 3907 685 3962 cod.
696 3907 806 3963 Wilher.
821 3909 850 3961 Α.
864 3908 909 3971 93,
920 3907 1018 3961 Archiv
1030 3908 1055 3970 7,
1070 3907 1125 3962 899
1139 3905 1330 3971 „innocencius

137 4000 189 4050 etc.
209 3997 253 4051 W.
266 3996 388 4066 regillo.
403 4000 455 4052 etc.
475 3998 535 4051 Dat.
549 3996 669 4051 lesistis.

696 4151 759 4219 40.

411 4290 492 4371 lupa
506 4289 537 4353 11.
557 4290 697 4371 cplsesps
714 4292 751 4352 de
768 4308 858 4353 cruce
874 4291 1066 4370 predicanda.

698 4410 777 4464 1232.

225 4519 331 4588 Gregor
343 4491 389 4571 IX.
401 4517 508 4587 fordert
520 4518 579 4588 auf,
594 4519 644 4572 doe
657 4520 744 4573 Kreas
754 4536 840 4591 geysa
853 4516 995 4573 Friedrich
1007 4519 1041 4573 11.
1056 4537 1089 4574 su
1098 4519 1239 4592 predipsn.

228 4624 288 4706 Qui
310 4624 448 4708 presides
470 4624 501 4687 in
523 4625 647 4708 specula
669 4627 736 4688 leva
759 4624 877 4707 signnm
900 4631 931 4689 et
952 4627 1058 4707 profer
1072 4627 1218 4692 adversus
1233 4630 1330 4709 pesti·

136 4731 233 4794 lencie
260 4751 388 4813 agonem
404 4733 541 4797 vexillum
556 4733 683 4797 victorie
697 4732 870 4797 christiane.
886 4734 975 4797 Vides
989 4734 1069 4800 enim
1082 4755 1173 4799 canes
1184 4736 1330 4800 latrantes

185 4849 405 4895 rosconmon.
418 4849 538 4896 er.xxv.
1013 4889 1016 4894 4
1079 4823 1113 4875 ¹²
