3209 5392
237 469 262 540 8

233 644 345 709 salutat
361 662 464 707 omnes
481 646 613 726 prelatos
629 643 789 707 inferiores
807 644 966 727 utriusque
982 663 1083 717 sexus,
1098 642 1242 708 videlicet
1257 641 1447 726 prepositos,

231 752 359 817 abbates
377 753 550 835 simplices,
566 752 675 835 positis
693 752 863 817 nominibus
882 752 1062 835 dignitatum
1079 758 1111 817 et
1126 750 1304 818 officiorum.

324 862 463 928 Clericos
484 862 646 948 simplices
660 863 708 926 sic
723 865 860 928 salutat:
884 861 917 924 F.
935 861 993 925 Dei
1015 860 1175 942 gratiani
1195 844 1299 942 supra‘,
1328 857 1446 923 dilecto

231 972 338 1037 devoto
355 990 411 1035 suo
426 971 490 1035 viro
506 970 672 1034 honorabili
685 972 729 1034 vel
751 971 891 1053 prudenti
908 972 955 1036 vel
974 972 1102 1035 scientia
1119 970 1262 1034 adornato
1281 967 1445 1035 canonico,

229 1082 357 1164 plebano
373 1082 421 1144 vel
438 1081 599 1145 scolastico
615 1081 684 1145 talis
701 1081 771 1154 loci,
789 1083 881 1145 etsie
898 1080 936 1145 de
953 1079 1033 1155 aliis,
1050 1080 1179 1163 gratiam
1196 1098 1281 1144 suam
1299 1085 1330 1143 et
1351 1096 1446 1141 omne

196 1273 197 1276 Ἴ
232 1190 354 1254 bonum.

323 1302 480 1378 Quomodo
502 1304 679 1390 imperator
693 1324 800 1369 omnes
816 1307 927 1389 laycos
943 1305 1081 1368 salutat:
1105 1301 1256 1364 Romanus
1273 1298 1442 1380 imperator

229 1410 275 1473 vel
303 1411 504 1475 Romanorum
531 1432 583 1474 rex
610 1413 655 1475 sic
683 1411 790 1478 scribit
818 1411 991 1497 imperatori
1026 1407 1372 1490 Constantinopolitano:
1404 1407 1442 1470 F.

231 1518 289 1581 Dei
312 1519 410 1599 gratia
437 1519 521 1582 Rom.
551 1539 604 1582 rex
632 1526 662 1584 et
684 1540 806 1604 semper
827 1527 975 1602 augustus
996 1519 1165 1583 Jerusalem
1193 1521 1224 1581 et
1246 1515 1360 1599 Sycilie
1386 1535 1445 1578 rex

229 1625 390 1707 magnifico
422 1626 553 1709 principi
584 1634 614 1692 et
641 1629 749 1693 illustri
782 1631 840 1692 Dei
874 1629 972 1711 gratia
1010 1624 1340 1707 Constantinopolitano
1372 1622 1445 1705 regi

231 1735 358 1799 salutem
375 1741 406 1799 et
421 1737 632 1819 prosperitatis
650 1737 816 1801 obtentum.
840 1776 884 1789 -
907 1735 1256 1818 Constantinopolitanus
1279 1732 1443 1796 rescribit:

229 1844 263 1905 Α.
280 1844 338 1907 Dei
366 1845 463 1925 gratia
485 1844 808 1930 Constantinopolitani
832 1847 918 1929 regui
942 1845 1067 1927 angelus
1090 1851 1121 1908 et
1143 1862 1264 1925 semper
1290 1847 1442 1923 augustus
1494 1880 1497 1885 -

231 1951 341 2016 dilecto
370 1958 400 2016 et
432 1953 540 2043 illustri
574 1954 703 2037 principi
731 1957 763 2019 F.
788 1955 845 2018 Dei
879 1955 977 2038 gratia
1011 1952 1136 2018 Romani
1170 1950 1257 2033 regni
1291 1949 1443 2013 advocato

230 2061 358 2125 salntem
380 2068 411 2124 et
433 2081 520 2125 omne
536 2041 663 2126 bonurn.
682 2102 726 2113 -
744 2064 797 2128 Sic
815 2064 951 2128 scribunt
967 2083 1001 2127 se
1018 2068 1120 2126 mutuo
1138 2059 1180 2122 hii
1198 2059 1256 2122 dno
1274 2078 1364 2139 reges
1382 2078 1441 2121 seu

229 2168 445 2252 imperatores,
472 2170 515 2261 ita
543 2172 623 2254 quod
651 2192 773 2254 semper
795 2174 916 2237 mittens
939 2190 1069 2255 persona
1092 2169 1232 2252 preponit
1253 2187 1287 2230 se
1309 2167 1341 2229 in
1357 2166 1443 2230 salu-

228 2277 342 2343 tatione
360 2300 395 2341 ex
412 2279 541 2362 quadam
558 2282 741 2362 arrogantia.

187 2387 196 2395 ’
314 2389 418 2473 Reges
433 2389 595 2474 simplices
610 2391 657 2454 sic
672 2392 813 2457 salutat:
831 2390 888 2472 Qui
902 2410 960 2452 non
974 2394 1044 2453 sunt
1056 2385 1190 2470 imperii:
1203 2384 1274 2449 Viro
1287 2385 1391 2448 inclito
1408 2391 1443 2447 et

226 2495 333 2560 illustri
348 2497 406 2559 Dei
423 2497 521 2578 gratia
538 2499 590 2561 tali
607 2499 673 2580 regi
690 2500 835 2572 Francia,
851 2500 957 2581 Anglie
973 2500 1020 2561 vel
1032 2496 1188 2580 Hyspanie
1204 2495 1237 2558 F.
1255 2495 1312 2558 Dei
1329 2496 1443 2576 gratia,

226 2611 259 2667 ut
287 2625 394 2688 supra,
424 2607 542 2669 sincere
572 2607 740 2671 dilectionis
769 2609 971 2672 constantiam
1000 2614 1030 2670 et
1058 2604 1209 2669 allectum.
1244 2603 1299 2668 Sic
1327 2604 1444 2669 salutat

226 2734 328 2777 omues
345 2703 434 2796 reges
452 2722 482 2778 et
497 2716 651 2800 principes
668 2718 834 2788 seculares,
851 2717 901 2801 qui
920 2736 978 2780 non
995 2715 1123 2779 subsunt
1138 2713 1276 2796 imperio,
1293 2713 1376 2795 ipsos
1401 2713 1437 2775 in

226 2822 406 2888 salutatione
434 2826 652 2908 postponendo.
685 2827 746 2889 Eos
774 2833 891 2898 autem,
915 2826 966 2909 qui
988 2825 1118 2888 subsunt
1140 2822 1285 2904 imperio,
1327 2822 1441 2885 salutat

227 2931 288 2993 sic:
306 2933 339 2995 F.
358 2933 415 2997 Dei
432 2934 542 3015 gratia,
559 2941 712 3017 utsupra,
729 2935 793 2998 viro
811 2935 915 2998 inclito
934 2939 964 2997 et
976 2932 1056 2997 fideli
1069 2931 1189 3014 imperii
1202 2930 1313 2995 dilecto
1328 2929 1440 2994 devoto

228 3061 283 3103 suo
301 3041 336 3105 0.
351 3044 408 3106 Dei
424 3043 523 3126 gratia
540 3044 740 3106 Bohemorum
756 3045 823 3124 regi
841 3051 871 3107 et
888 3044 1035 3107 similibus
1054 3041 1183 3124 gratiam
1201 3058 1286 3103 suam
1303 3045 1334 3103 et
1349 3059 1441 3104 omne

228 3149 348 3214 bouum.
383 3153 436 3216 Sic
465 3155 575 3216 salutat
603 3172 706 3216 omues
734 3166 826 3233 reges
854 3162 885 3217 et
913 3153 1067 3236 principes
1096 3150 1250 3214 seculares
1281 3149 1439 3213 subiectos

229 3258 367 3341 irnperio.
1007 3261 1016 3278 ⁸

318 3371 449 3436 Nobiles
470 3379 569 3437 eoctrn
587 3373 756 3459 principes
781 3372 830 3437 sic
845 3375 984 3437 salutat:
1010 3370 1124 3434 Omnes
1147 3368 1264 3432 nobiles
1287 3370 1379 3442 alios,
1402 3378 1441 3436 ut

229 3479 367 3552 comites,
383 3479 513 3543 barones
530 3480 628 3552 liberi,
644 3481 799 3563 principes
818 3486 848 3544 et
861 3482 973 3544 similes
987 3480 1098 3547 salutat
1112 3477 1291 3561 simpliciter
1303 3479 1440 3542 vocando

229 3607 280 3649 eos
294 3589 373 3651 viros
388 3588 516 3659 nobiles,
533 3590 659 3652 dilectos
682 3590 806 3653 devotos
821 3611 892 3653 suos
905 3589 1035 3672 gratiam
1052 3608 1137 3653 suam
1154 3596 1184 3651 et
1201 3607 1290 3651 omne
1314 3587 1437 3650 bonum.

322 3699 481 3777 Quomodo
504 3700 622 3765 milites
650 3709 681 3765 et
703 3701 835 3766 clientes
857 3721 956 3787 osque
978 3700 1024 3764 as
1047 3721 1157 3765 sarcos
1178 3699 1272 3786 plebe
1296 3699 1438 3762 salutet:

228 3806 338 3870 Milites
369 3815 399 3871 et
426 3807 551 3870 clientes
579 3827 677 3890 usque
705 3809 743 3872 ad
771 3828 876 3872 servos
905 3808 1036 3890 appellat
1068 3808 1234 3890 imperator
1261 3805 1439 3889 simpliciter

229 3916 358 3980 dilectos
375 3915 479 3979 fideles
497 3917 621 3980 devotos
640 3937 720 3980 suos

217 4088 225 4101 ,
318 4024 490 4089 Notandum
517 4032 634 4098 autem,
663 4027 744 4109 quod
771 4026 937 4108 imperator
958 4024 1004 4087 vel
1026 4047 1078 4088 rex
1099 4025 1301 4097 Romanorum
1323 4024 1435 4087 nullum

228 4134 360 4215 appellat
381 4132 524 4219 dilectum
547 4134 687 4197 devotum
708 4136 755 4197 vel
777 4134 895 4196 fidelem
918 4132 1036 4216 imperii
1058 4134 1122 4196 sive
1145 4134 1276 4198 clericus
1305 4133 1345 4197 sit
1372 4133 1437 4196 siue

227 4241 349 4323 laycus,
368 4241 576 4325 cuiuscunque
592 4242 706 4306 fuerint
722 4242 928 4314 condicionis,
946 4242 1004 4305 nisi
1021 4262 1089 4306 eum
1106 4243 1158 4325 qui
1181 4249 1302 4324 spectat
1325 4241 1363 4306 ad
1378 4243 1435 4304 im-

227 4350 346 4434 perium
362 4350 428 4415 iure
444 4349 606 4415 vasallatus
624 4351 673 4438 a).

319 4461 502 4547 imperator
527 4460 746 4547 imperatrici:
783 4461 817 4525 F.
835 4459 892 4523 Dei
919 4459 1034 4542 gratia,
1063 4467 1096 4524 ut
1122 4481 1231 4543 supra,
1261 4462 1370 4524 dilecte
1398 4480 1434 4523 ac

227 4568 330 4633 inclite
365 4568 509 4632 consorti
534 4589 589 4636 sue
621 4571 821 4636 Romanorum
858 4569 1045 4652 imperatrici
1082 4577 1113 4634 et
1143 4591 1265 4654 semper
1294 4575 1435 4651 auguste,

325 4695 359 4762 a)
380 4694 517 4750 vasallatis
530 4695 560 4751 V.
