3209 5392
249 514 326 583 246

246 686 457 748 Verumtamen
473 686 550 747 inter
567 704 669 746 omnes
686 685 760 747 alios
776 705 867 767 reges
884 691 915 748 et
929 684 1082 768 principes
1100 682 1182 745 orbis
1198 689 1279 746 terre
1296 682 1443 765 precipue

247 792 465 875 compassionis
481 790 590 855 allecto
607 793 686 855 oculi
709 794 805 856 nostri
826 812 881 874 pre
903 792 1004 874 inopia
1026 792 1223 871 languerunt,
1251 791 1443 853 lacrimarum

246 902 330 964 fonte
361 900 421 963 iam
453 900 616 972 desiccati,
654 920 690 963 eo
723 901 802 983 quod
833 900 913 965 idem
945 899 1155 963 sanctissimus
1186 904 1274 980 pater
1304 898 1443 961 thronum

246 1013 381 1070 nostrum
397 1027 488 1089 super
502 1027 592 1088 reges
611 1014 641 1071 et
656 1028 751 1089 regna
768 1007 967 1088 constituens,
984 1026 1050 1078 nos,
1064 1006 1133 1068 dum
1149 1004 1275 1077 viveret,
1291 1006 1350 1087 piis
1368 1025 1443 1067 con-

246 1114 370 1179 fovebat
385 1114 568 1196 amplexibus
585 1121 616 1177 et
630 1119 756 1198 paterno
772 1116 877 1178 lavore
893 1114 1063 1177 medullitus
1082 1112 1236 1194 diligebat.
1265 1113 1358 1175 Porro
1376 1132 1445 1175 cum

249 1221 289 1285 ad
311 1221 482 1286 huiusmodi
503 1223 673 1304 reparanda
698 1223 857 1304 dispendia
880 1242 954 1305 opes
978 1227 1010 1285 et
1031 1227 1113 1285 artes
1135 1220 1264 1285 humane
1292 1218 1455 1292 deficiant,

249 1348 307 1411 que
334 1329 441 1412 pocius
469 1330 682 1412 disposicionis
710 1350 840 1413 superne
862 1329 1013 1412 provisio,
1042 1349 1182 1392 necnon
1209 1327 1264 1391 fati
1291 1327 1444 1410 generalis

250 1437 396 1519 equalitas
414 1438 586 1500 consolatur
601 1438 643 1523 a)
660 1443 691 1501 et
708 1439 828 1501 confert
850 1437 985 1501 eiusdem
1006 1436 1122 1500 doloris
1144 1435 1329 1506 remedium,
1357 1435 1444 1498 cuius

247 1545 295 1606 vix
312 1564 440 1627 unquam
459 1545 496 1607 de
518 1551 621 1608 nostro
642 1550 766 1622 pectore
788 1545 876 1625 signa
898 1544 1051 1608 cicatricis
1075 1543 1203 1608 occidue
1224 1544 1447 1625 propellentur:

249 1652 313 1715 sola
335 1652 393 1714 hac
415 1651 505 1714 animi
522 1652 697 1715 fortitudine
715 1657 873 1733 concepta,
890 1652 1032 1715 videlicet
1049 1651 1100 1734 qui
1113 1650 1325 1715 ecclesiastico
1336 1651 1446 1713 famulo

249 1781 303 1823 suo
319 1759 416 1841 Moysi
444 1780 503 1822 non
529 1761 681 1823 concessit
709 1761 861 1824 deducere
887 1762 1030 1843 populum
1058 1780 1161 1833 suum,
1189 1761 1281 1823 alium
1302 1761 1369 1823 loco
1387 1758 1446 1830 sui,

251 1869 426 1931 meritorum
448 1870 584 1933 claritate
607 1872 819 1952 conspicuum,
848 1870 1042 1953 subrogarit,
1068 1878 1315 1934 consumaturum
1336 1873 1447 1931 cuncta

249 1977 379 2040 feliciter
416 1996 472 2059 per
509 1985 626 2060 patrem
653 1978 823 2061 predictum
851 1979 1072 2042 sanctissimum
1105 1977 1267 2041 salubriter
1293 1977 1445 2039 inchoata.

249 2085 294 2148 Ad
310 2085 368 2148 hoc
385 2084 478 2167 igitur
493 2086 622 2168 piissimi
639 2106 800 2169 quesumus
817 2093 936 2170 patres,
953 2087 1130 2150 universalis
1153 2087 1284 2150 ecclesie
1307 2084 1447 2148 cardines

252 2199 282 2255 et
298 2195 455 2276 columpne
471 2195 635 2267 ferventes,
653 2200 793 2258 exercete
809 2195 927 2276 vigilias
951 2202 981 2259 et
1005 2194 1158 2258 officiosas
1175 2214 1263 2259 curas
1287 2199 1318 2256 et
1339 2211 1448 2274 operas
1547 2203 1550 2207 ‘

252 2302 412 2384 applicate,
428 2308 471 2374 ut,
487 2302 623 2383 relegato
640 2302 801 2365 cuiuslibet
818 2302 1026 2366 contencionis
1044 2303 1212 2374 obstaculo,
1229 2301 1314 2364 ocius
1336 2299 1447 2363 mundo

251 2408 396 2491 acephalo
414 2409 515 2491 presul
532 2410 722 2472 necessarius
739 2395 878 2492 eligatur,
895 2409 946 2473 ubi
962 2410 1082 2473 diuinus
1094 2411 1255 2473 instinctus
1268 2429 1322 2472 ros
1335 2408 1449 2471 excitet

253 2522 283 2581 et
310 2517 444 2599 pondera
472 2516 580 2580 subeat
607 2517 757 2601 equitatis.
774 2555 821 2566 -
837 2518 979 2582 Ceterum
994 2518 1083 2590 licet,
1107 2524 1140 2581 ut
1155 2518 1282 2598 legitur,
1299 2515 1449 2579 notorium

254 2630 336 2688 esset
352 2629 382 2686 et
397 2624 552 2706 probabile
569 2624 836 2688 innumerabilibus
853 2626 1050 2707 argumentis,
1068 2625 1147 2708 quod
1164 2626 1325 2706 generacio
1340 2628 1448 2705 pereat

255 2732 456 2813 generacione
484 2733 578 2796 altera
606 2732 805 2805 succedente,
835 2733 906 2817 quia
932 2737 1035 2796 tamen
1057 2741 1138 2798 terra
1162 2732 1278 2796 stabilis
1300 2736 1402 2794 manet
1417 2730 1448 2793 in

256 2846 392 2904 eternum
408 2842 449 2927 ¹),
462 2840 594 2902 ecclesia
605 2839 809 2903 videlicetDei
822 2839 881 2903 vivi
894 2840 925 2903 in
937 2841 999 2903 suis
1016 2840 1144 2922 agendis
1163 2847 1194 2905 et
1206 2838 1450 2905 ordinacionibus

256 2947 441 3029 agendorum
474 2953 590 3011 matura
621 2946 845 3011 deliberacione
878 2947 1031 3021 decoctis,
1063 2948 1222 3012 immobilis
1253 2951 1448 3030 perseuerat:

255 3062 414 3139 antequam
431 3056 467 3118 de
483 3061 579 3119 morte
594 3056 704 3137 prelati
719 3056 813 3138 patris
831 3056 1013 3120 sanctissimi
1030 3057 1068 3119 ad
1085 3077 1139 3120 nos
1155 3076 1259 3120 rumor
1275 3057 1402 3119 infestus
1420 3059 1451 3117 et

255 3162 374 3227 nubilus
401 3163 607 3245 pervenisset,
635 3183 689 3226 nos
718 3169 749 3226 et
776 3169 896 3227 nostros
920 3165 1145 3227 accinxeramus
1162 3164 1290 3237 aditor,
1319 3169 1353 3227 ut
1368 3163 1451 3224 iuxta

258 3270 348 3355 quod,
364 3269 465 3334 restrd
482 3269 633 3334 mediante
651 3272 787 3342 consilio,
805 3274 904 3336 luerat
920 3273 1100 3343 ordinatum.
1117 3273 1144 3336 si
1161 3275 1223 3336 lata
1238 3273 1395 3346 favissent,
1413 3270 1451 3333 de

259 3379 462 3443 sacrosanctis
480 3379 545 3441 eius
561 3379 697 3442 manibus
715 3381 955 3462 suscepissemus
974 3381 1112 3444 diadema
1134 3379 1261 3463 imperii.
1295 3380 1358 3444 Sed
1379 3379 1454 3441 licet

258 3489 345 3552 aliter
374 3488 472 3551 risum
505 3488 595 3549 fuerit
625 3486 655 3551 in
688 3488 815 3551 excelsis
840 3489 919 3570 apud
947 3488 1078 3552 omnium
1102 3495 1286 3561 creatorem,
1318 3488 1386 3572 qui,
1419 3494 1453 3551 ut

258 3617 424 3680 speramus,
441 3597 580 3679 disponet
595 3596 626 3657 in
642 3595 716 3658 sede
733 3596 901 3677 apostolica
922 3597 1018 3660 uirum
1041 3598 1209 3660 secundum
1231 3616 1285 3660 cor
1306 3602 1453 3667 nostrum,

259 3707 357 3772 adhuc
379 3712 480 3770 tamen
506 3711 538 3767 in
559 3704 625 3786 ipso
647 3705 832 3785 procedendi
854 3706 1008 3787 proposito
1030 3707 1128 3787 parati
1144 3705 1259 3786 pariter
1275 3710 1306 3768 et
1321 3703 1454 3767 accincti

260 3818 417 3900 ipsumque
439 3815 498 3878 iter
520 3817 671 3879 dumtaxat
692 3815 904 3896 suspendimus
926 3820 957 3878 et
977 3816 1109 3878 laxamus
1132 3815 1171 3878 ad
1194 3821 1328 3896 tempus,
1355 3814 1455 3877 donec

260 3944 315 4007 per
351 3944 405 3986 vos
439 3927 489 3986 aut
527 3924 658 3985 futurum
687 3942 835 3986 summum
862 3922 1052 4004 pontificem,
1099 3941 1225 4006 quorum
1255 3921 1454 4003 beneplacitis

262 4054 383 4117 semper
413 4035 443 4095 in
475 4034 555 4095 omni
586 4033 708 4115 spiritus
741 4032 976 4115 promptitudine
1009 4033 1193 4115 disponimus
1226 4030 1366 4103 obedire,
1399 4049 1455 4093 nos

353 4160 387 4227 a)
406 4160 454 4214 Die
473 4160 600 4227 folgeodc
618 4158 703 4213 Stellc
723 4159 759 4212 ist
778 4158 995 4212 unversttudlich
1015 4158 1069 4212 und
1090 4158 1210 4211 offenbar
1222 4153 1391 4226 corrumpirt.
1411 4154 1457 4208 lici

263 4241 378 4305 Gerber't
397 4250 482 4304 beisst
495 4266 539 4301 es:
548 4268 561 4301 ·.
575 4286 582 4300 .
594 4248 744 4319 aequalitas
760 4249 933 4303 consolatur:
944 4248 1054 4301 doloris
1069 4247 1188 4301 ciusdem
1203 4246 1360 4307 remedium,
1379 4244 1456 4298 cuius

261 4341 304 4394 vix
322 4356 439 4409 unquam
459 4341 491 4391 de
510 4345 604 4393 nostro
625 4345 736 4409 pectore
757 4339 901 4409 cicatricis,
914 4339 1027 4393 occiduo
1046 4340 1122 4408 signa
1142 4338 1301 4396 transibunt,
1327 4335 1457 4389 exanimi

262 4429 415 4485 fortitudine
434 4432 460 4484 in
474 4432 526 4484 boc
545 4430 746 4500 propinavimus
765 4430 841 4484 nobis
861 4446 926 4499 ipsis
946 4428 1108 4482 indubitatae
1121 4427 1236 4482 fiduciae
1251 4444 1300 4497 spe
1313 4426 1458 4495 concepta,

265 4520 335 4590 qnod
351 4521 396 4590 qui
411 4520 496 4574 electo
510 4521 608 4574 larnulc
624 4537 673 4573 suo
688 4524 739 4572 etc.
1211 4517 1216 4531 '

299 4740 322 4799 ι)
335 4739 431 4783 conon
446 4738 466 4788 r,
480 4737 500 4781 4.
