3209 5392
429 782 533 843 lerna
549 778 767 861 appellcclonls
782 779 821 844 acl
837 780 1006 844 terminum.

203 952 239 1017 Α.
271 952 330 1017 Dei
362 954 511 1042 gratian]
527 954 595 1018 talis
628 953 759 1018 ecclesie
790 955 964 1037 prepositus
989 958 1147 1037 totumque
1179 950 1314 1015 eiusdem

123 1060 244 1124 ecclesie
261 1062 434 1143 capitulum.
468 1063 608 1128 Scientes
631 1082 686 1126 nos
709 1063 867 1144 granaria
890 1062 941 1126 tali
964 1060 1083 1127 domino
1099 1062 1167 1125 talis
1185 1060 1314 1126 ecclesie

123 1171 258 1252 episcopo
271 1169 303 1233 in
317 1191 353 1234 eo
367 1174 457 1255 quod,
474 1172 652 1236 auctoritate
669 1190 724 1234 sua
741 1171 828 1234 nobis
845 1193 905 1235 non
921 1170 1053 1235 exhibita
1066 1190 1123 1233 nec
1135 1191 1190 1253 per
1203 1169 1314 1233 domini

122 1297 192 1360 pape
206 1277 311 1341 literas
329 1299 386 1341 nec
402 1300 457 1363 per
472 1280 545 1344 alias
562 1281 759 1351 auctenticas,
776 1300 831 1343 nos
848 1280 952 1344 citauit
966 1280 1005 1343 ad
1019 1282 1085 1344 loca
1098 1278 1267 1361 periculosa
1284 1284 1315 1341 et

121 1393 238 1460 remota,
257 1406 326 1451 cum
343 1410 402 1453 non
419 1395 538 1454 constet
553 1389 656 1460 nobis,
679 1394 711 1452 ut
739 1388 875 1460 diximus,
898 1390 936 1452 de
952 1389 1130 1454 auctoritate
1154 1408 1217 1451 sua.
1241 1388 1315 1450 Item

123 1497 184 1581 quia
200 1498 387 1564 autenticum
404 1519 500 1573 suum,
517 1500 543 1562 si
559 1499 640 1583 quod
661 1498 763 1571 babet,
792 1499 955 1564 clausulam
982 1522 1041 1577 non
1068 1498 1202 1562 continet
1235 1516 1314 1570 ,non
1433 1548 1437 1553 .

122 1608 252 1672 obstante
286 1609 459 1674 conditione
489 1610 526 1674 de
554 1609 669 1672 duabus
700 1607 789 1672 dietis
824 1610 904 1674 edita
931 1611 963 1673 in
990 1609 1118 1674 concilio
1146 1606 1314 1690 generali“,

122 1739 203 1800 super
237 1718 299 1781 biis
326 1725 356 1783 et
383 1719 449 1782 aliis
477 1719 699 1802 gravaminibus
724 1721 762 1783 ad
786 1720 890 1783 sedem
914 1719 1109 1803 apostolicam
1132 1718 1314 1802 appellamus

121 1836 147 1893 et
160 1828 299 1911 ponimus
317 1851 372 1895 nos
390 1836 420 1895 et
436 1830 596 1894 ecclesiam
618 1835 751 1894 nostram
779 1830 835 1894 sub
851 1831 1070 1913 protectionem
1093 1828 1203 1893 domini
1226 1848 1314 1912 pape,

120 1940 327 2022 presignantes
356 1940 514 2005 terminum
530 1939 743 2023 appellacionis
771 1947 875 2004 nostre
904 1947 1040 2006 octavam
1067 1939 1149 2002 Petri
1176 1944 1207 2002 et
1232 1938 1315 2002 Pauli

121 2051 320 2132 apostolorum
338 2047 386 2135 l).

430 2254 533 2316 lerna
549 2251 767 2335 appellaclonls
784 2253 850 2315 elne
865 2254 1001 2317 terniue.

203 2411 236 2474 B.
255 2411 299 2498 e)
315 2411 372 2474 Dei
385 2412 488 2493 gracia
503 2411 572 2475 talis
590 2411 720 2474 ecclesie
737 2411 897 2494 episcopus
915 2411 1046 2476 discreto
1062 2411 1127 2476 riro
1139 2412 1171 2474 Α.
1189 2410 1316 2473 misera·

123 2519 201 2582 cione
219 2520 324 2583 divina
341 2519 409 2584 talis
424 2520 484 2610 loci
500 2520 655 2603 preposito
672 2540 708 2584 ac
725 2512 817 2583 iudici
835 2521 990 2603 delegato,
1007 2521 1133 2584 salutem
1150 2524 1208 2582 etc.
1241 2517 1315 2581 Cum

121 2629 305 2692 uenerabiles
337 2634 450 2711 patres,
483 2628 621 2692 dominus
656 2627 928 2712 Magdeburgensis
961 2633 991 2692 et
1021 2629 1056 2691 H.
1088 2626 1314 2711 Herbipolensis

123 2737 248 2819 episcopi
281 2737 460 2801 auctoritate
488 2724 654 2820 apostolica
683 2738 889 2821 episcopatum
917 2737 1004 2801 nobis
1037 2737 1216 2802 contulerint
1231 2739 1314 2822 llys·

122 2842 313 2918 saonensem,
341 2868 378 2909 ne
400 2847 471 2929 quid
493 2868 510 2910 a
532 2846 617 2910 vobis
639 2847 687 2910 vel
709 2846 750 2935 d)
772 2846 810 2910 ab
827 2847 893 2910 aliis
916 2848 946 2910 in
970 2846 1064 2911 nostri
1084 2847 1157 2911 iuris
1178 2847 1314 2930 adtemp-

121 2961 193 3018 tetur
207 2956 411 3038 preindicium
427 2956 457 3019 in
472 2957 530 3020 bac
547 2962 649 3039 parte:
675 2957 818 3021 noveritis
835 2977 890 3020 nos
907 2959 937 3020 in
955 2957 992 3045 e)
1010 2957 1130 3041 scriptis
1155 2956 1193 3020 acl
1210 2956 1314 3021 sedem

121 3068 310 3147 apostolicam
327 3068 505 3150 appellasse,
524 3088 612 3152 quarn
629 3069 865 3150 appellacionem
882 3070 978 3134 eciam
995 3091 1096 3135 coram
1112 3070 1197 3136 vobis
1215 3072 1313 3134 denuo

122 3175 290 3256 profitemur
311 3173 360 3262 f).

507 3379 661 3441 'lroctatus
679 3381 928 3445 executorlarnr.

598 3506 756 3553 Distluctloll
771 3508 814 3565 p).

203 3646 283 3710 Dum
298 3645 330 3709 in
347 3645 514 3710 donacione
529 3645 750 3729 prebendarum
765 3651 835 3729 post
851 3645 1007 3728 petitorias
1025 3630 1214 3709 executorias
1235 3664 1313 3729 papa

125 3753 188 3818 lare
214 3756 329 3827 soleat,
358 3755 519 3819 videndum
543 3762 606 3830 est,
635 3756 706 3840 quid
729 3756 768 3820 sit
784 3765 949 3822 executor.
982 3756 1133 3819 Erecutor
1150 3754 1259 3819 dicitur
1276 3775 1312 3818 eo

125 3863 194 3944 quod
209 3864 276 3946 ipse
294 3869 457 3946 exequatur
474 3864 537 3928 siue
555 3865 634 3949 quod
650 3886 706 3948 per
718 3886 785 3929 eum
797 3864 952 3928 sentencia
964 3863 1011 3926 rel
1023 3864 1136 3927 factum
1149 3862 1312 3946 superioris

16 3996 17 3999 ¹
126 3970 246 4055 debiturn
264 3970 415 4036 sorciatur
431 3972 602 4038 ellectum..

109 4083 115 4098 '
201 4086 404 4149 Executorea
419 4062 542 4149 dominii
551 4107 643 4174 pope
658 4087 772 4171 largam
788 4086 902 4151 habent
913 4082 1165 4169 jurisdictionem,
1183 4107 1219 4150 eo
1232 4086 1312 4170 quod

125 4193 252 4258 scribituu
269 4195 313 4256 eis
329 4193 361 4256 in
376 4192 472 4257 literis
497 4215 572 4278 „per
595 4217 752 4261 censuram
776 4195 1048 4266 ecclesiasticam“,
1070 4214 1125 4277 per
1146 4215 1204 4279 que
1220 4196 1312 4261 rerba

124 4300 172 4364 tria
186 4303 388 4385 intelliguntur
405 4304 563 4385 specialia:
588 4306 790 4377 interdictum,
809 4303 965 4387 suspensio
984 4308 1014 4365 et
1027 4305 1310 4369 excommunicacio.

15 4490 16 4493 Ἴ
125 4405 299 4476 Generaliter
320 4417 421 4476 autem
450 4431 537 4476 omne
566 4413 597 4478 id
621 4414 699 4498 quod
729 4413 908 4479 auctoritate
931 4411 1139 4475 ecclesiastiea
1162 4413 1311 4496 interponi

126 4518 199 4592 solet,
215 4521 339 4604 intelligi
357 4521 448 4586 debet
465 4523 502 4586 de
518 4523 691 4598 rebellibus,
709 4525 778 4609 quia
794 4529 954 4587 crescente
972 4524 1161 4586 contumacia
1178 4529 1236 4607 etc.

1322 4291 1366 4331 rol.
1374 4292 1398 4332 1⁸
1408 4295 1427 4333 b.

15 4724 16 4767 p
203 4685 237 4755 a)
258 4685 425 4740 miseratione
447 4685 534 4742 divina
557 4689 584 4742 Ζ.
600 4718 630 4731 -
647 4688 679 4759 b)
703 4704 745 4760 ap.
763 4690 886 4760 proximo
906 4704 975 4745 nuuc
995 4692 1140 4744 venturam.
1155 4688 1218 4742 unt.
1231 4688 1259 4741 Ζ.
1275 4716 1310 4728 -

125 4768 151 4836 ⁶)
163 4771 191 4827 (i.
201 4775 227 4829 Ζ.
239 4806 270 4817 -·
282 4776 318 4847 d)
332 4795 379 4832 seu
388 4779 416 4832 Z.
430 4807 465 4820 -
477 4780 510 4847 e)
524 4779 553 4834 in*
563 4782 614 4835 biis
627 4782 655 4834 Z.
670 4811 702 4823 -
713 4780 747 4852 f)
762 4784 942 4851 protestamur
956 4781 1015 4836 nac
1027 4782 1055 4834 Z.
1066 4779 1103 4851 q)
1116 4778 1185 4834 bist.
1199 4778 1255 4832 xll.
1270 4778 1304 4834 V.
