3209 5392
296 523 370 596 114

290 707 452 783 perurget,
475 709 507 765 ut
531 703 689 776 ecclesiis,
716 704 861 787 pastorali
888 703 1036 786 regimine
1064 703 1234 775 destitutis,
1262 703 1466 786 circumspecto

291 810 452 892 diligencie
483 816 585 876 nostre
617 812 733 887 studio,
767 814 900 897 provisio
913 855 916 860 -
929 814 1083 878 fructuosa
1110 814 1268 896 proveniat
1295 819 1325 877 et
1345 814 1468 888 salubris,
1576 839 1577 910 p

292 919 396 1003 eisque
412 920 489 984 tales
505 921 616 985 nostris
630 922 818 1005 temporibus
838 921 1033 1006 preficiantur
1048 922 1080 984 in
1095 928 1250 1005 pastores,
1273 922 1324 1006 qui
1344 923 1431 986 velint
1444 930 1470 988 et

264 1086 266 1096 ,
290 1029 408 1092 valeant
423 1027 499 1112 ipsis
515 1030 546 1093 in
562 1036 642 1096 statu
658 1033 817 1116 tranquillo
835 1038 866 1096 et
880 1027 1028 1114 prosperb
1044 1030 1224 1114 gubernare.
1259 1032 1339 1096 Sane
1354 1036 1469 1095 vacante

292 1137 365 1202 sede
382 1138 512 1201 ecclesie
529 1140 732 1206 lso'rdaneosis
747 1160 803 1223 per
818 1141 978 1204 decessum
993 1139 1092 1203 felicis
1109 1141 1335 1205 recordacionis
1351 1139 1472 1224 episcopi
1576 1183 1577 1218 3

292 1245 350 1310 loci
367 1246 512 1318 eiusdem,
530 1246 642 1310 ibidem
655 1248 889 1337 fueruntonue
903 1248 1078 1321 electiones,
1092 1269 1152 1312 una
1166 1248 1309 1313 videlicet
1326 1250 1363 1313 de
1378 1250 1474 1313 dilecto

292 1355 351 1421 tilio
384 1357 501 1423 Thomu
528 1356 644 1422 decano
672 1366 703 1422 et
731 1359 788 1423 alia
817 1359 854 1422 de
875 1361 1040 1431 dodonae,
1069 1360 1219 1443 quondam
1240 1359 1338 1444 ipsius
1359 1360 1474 1425 ecclesie

292 1468 476 1552 primicerio,
504 1467 535 1531 in
563 1467 714 1534 discordia
743 1469 903 1534 celebrate.
937 1470 1043 1544 Unde,
1071 1490 1163 1534 causa
1191 1488 1249 1554 que
1271 1471 1352 1535 inter
1366 1471 1475 1535 eosdem
1576 1467 1577 1512 ³

295 1579 408 1641 electos
447 1577 608 1641 occasione
646 1579 848 1661 predictarum
886 1580 1067 1643 electionum
1103 1579 1280 1643 vertebatur
1316 1580 1355 1643 ad
1386 1581 1476 1644 sedem

178 1686 491 1771 ruasaapostolicam
518 1687 664 1770 legittime
693 1689 843 1761 devoluta,
877 1709 932 1753 nos
960 1689 991 1753 in
1019 1709 1055 1752 ea
1078 1689 1220 1753 dilectum
1240 1688 1334 1752 filium
1358 1695 1478 1754 nostmm

293 1796 480 1870 Iohannem,
513 1803 617 1861 sancte
639 1798 735 1862 Maria
766 1798 931 1881 dyaconem
947 1797 1154 1869 Cardioalem,
1187 1797 1325 1861 dedimus
1357 1798 1479 1882 partibus
1576 1783 1577 1846 ἷ

296 1905 529 1992 auditorem),
552 1925 652 1969 coram
675 1926 733 1990 quo
757 1906 895 1991 predicta
912 1926 1003 1971 causa
1019 1906 1188 1989 pendente,
1217 1906 1374 1989 predictus
1389 1907 1480 1991 primi·
1576 1887 1577 1890 Ἴ

297 2015 396 2082 cerius
424 2019 530 2078 nature
559 2014 692 2079 debitum
715 2015 842 2081 exsolvit
865 2023 895 2079 et
911 2017 1032 2080 tandem
1049 2015 1149 2080 dictus
1166 2016 1301 2080 decanus
1317 2017 1382 2091 ius,
1409 2017 1478 2101 quod
1576 2035 1577 2080 r

297 2124 355 2188 sibi
387 2123 578 2207 competebat
610 2146 645 2188 ex
677 2125 825 2189 electione
854 2125 971 2209 pridem
1000 2124 1164 2198 celebrata,
1198 2124 1298 2208 ipsum
1326 2131 1430 2211 sponte
1457 2127 1483 2189 io
1576 2131 1577 2140 ’

297 2235 408 2301 nostris
424 2233 561 2297 manibus
577 2235 750 2317 resignarit.
784 2236 849 2299 Nos
866 2252 958 2318 ergo,
988 2234 1038 2319 qui
1061 2256 1097 2297 ex
1119 2235 1191 2317 iugo
1214 2238 1383 2318 apostolice
1399 2235 1484 2301 serri-

297 2345 369 2411 tutis
408 2344 556 2406 universis
596 2343 736 2407 ecclesiis
774 2344 805 2407 in
844 2344 905 2406 suis
944 2342 1233 2427 opportunitatibus,
1271 2354 1362 2428 prout
1393 2352 1485 2410 nostra

296 2452 482 2538 possibilitas
498 2450 621 2533 patitur,
639 2450 798 2516 subvenire
815 2453 950 2517 volumus
975 2457 1005 2517 et
1027 2456 1174 2525 tenemur,
1197 2454 1389 2518 attendentes
1406 2454 1485 2538 quod,

299 2564 324 2627 si
341 2562 470 2627 ecclesie
488 2560 567 2624 dicte
583 2562 715 2643 provisio
733 2561 920 2634 differretur,
948 2564 1048 2626 multis
1066 2563 1164 2626 subici
1185 2570 1291 2646 posset
1307 2565 1447 2647 periculis
1461 2570 1486 2626 et

298 2675 449 2759 pressuris
466 2672 504 2758 c)
529 2679 560 2736 et
582 2674 686 2755 gravia
708 2672 811 2735 subire
834 2672 864 2735 in
887 2672 1103 2756 temporalibus
1120 2678 1151 2736 et
1167 2672 1376 2755 spiritualibus
1404 2673 1486 2738 deui-

299 2790 410 2857 menta‚
426 2783 561 2846 volentes
585 2782 711 2866 proinde
728 2781 826 2845 eidem
850 2781 980 2845 ecclesie
999 2783 1038 2846 de
1054 2786 1175 2866 pastore
1192 2783 1310 2865 ydoneo
1327 2784 1485 2867 providere,

299 2895 331 2958 iu
347 2894 486 2958 dilectum
504 2892 596 2956 tilium
612 2897 746 2957 nostrum
762 2894 812 2965 N.‚
830 2892 957 2955 electum
974 2892 1260 2979 virdunensem),
1276 2898 1351 2957 tunc
1368 2892 1485 2977 capella·

300 3026 370 3070 uum
393 3009 544 3075 nostrum,
572 3003 668 3066 uirum
691 3002 795 3086 utique
819 3021 933 3065 morum
954 3002 1113 3081 honestate
1130 3000 1345 3084 conspicuum,
1373 3001 1485 3067 consilio

300 3113 454 3199 providum
468 3118 499 3176 et
511 3112 541 3175 in
555 3111 691 3175 omnibus
709 3110 838 3195 denique
852 3111 1115 3194 circumspectum,
1132 3116 1351 3196 acceptumque
1368 3112 1449 3177 uobis
1461 3116 1486 3173 et

301 3224 442 3287 iratribus
459 3225 570 3285 nostris
587 3242 641 3285 sue
657 3221 764 3285 merito
786 3221 961 3306 probitatis,
993 3221 1102 3284 mentis
1120 3226 1223 3285 nostre
1240 3223 1345 3286 oculos
1362 3222 1485 3287 dommus

302 3331 491 3414 dirigendos,
521 3351 648 3415 eumque
666 3331 703 3394 de
720 3333 845 3396 fratrum
869 3330 1031 3394 eorundem
1054 3330 1178 3394 consilio
1195 3331 1293 3395 eidem
1311 3330 1439 3395 ecclesie
1454 3328 1486 3390 de

302 3441 466 3524 apostolice
482 3440 668 3521 plenitudine
685 3441 845 3522 potestatis
862 3440 891 3502 in
908 3440 1084 3522 episcopum
1100 3438 1272 3521 preficimus
1292 3441 1331 3525 e)
1349 3446 1379 3505 et
1393 3445 1487 3523 pasto·

302 3571 382 3623 rem,
415 3553 572 3633 sperantes
605 3548 685 3632 quod
724 3550 819 3632 ipsius
852 3548 1125 3632 circumspectione
1156 3548 1300 3613 laudabili
1334 3557 1365 3615 et
1395 3546 1485 3632 provi-

302 3661 403 3725 dentia
442 3660 661 3742 circumspecta
705 3660 837 3722 ecclesia
877 3659 1013 3741 predicta
1053 3667 1114 3723 tam
1156 3660 1372 3743 temporalibus
1407 3676 1485 3742 quarn

302 3768 506 3854 spiritualibus
533 3768 680 3850 prolicere
709 3767 822 3832 debeat
849 3769 1052 3832 incrementis.
1086 3768 1277 3853 Quapropter
1300 3771 1484 3835 serenitatem

302 3879 418 3963 regiam
454 3897 596 3959 rogamus
636 3883 666 3942 et
702 3877 858 3941 hortamur
897 3882 1029 3950 attente,
1072 3884 1219 3962 quatenus
1263 3880 1361 3943 electo
1398 3878 1485 3942 cidem

302 3988 416 4071 regalia
432 3989 616 4059 concedens,
634 3987 715 4051 eirca
730 3988 828 4070 ipsum
844 3986 1114 4069 tuesbenignitatis
1136 3989 1270 4069 graciam
1287 3990 1332 4052 sic
1350 3985 1484 4054 effundas,

308 4104 341 4161 ut
365 4098 431 4181 ipse
448 4097 539 4161 tultus
568 4098 679 4161 favoris
707 4097 750 4160 tui
765 4096 803 4183 f]
820 4096 953 4179 presidio
967 4097 1006 4188 in
1030 4097 1210 4161 execueinne
1233 4097 1393 4180 pastoralis
1409 4093 1489 4160 officii

303 4207 399 4291 possit
415 4207 554 4279 assidue,
581 4207 646 4270 Deo
663 4205 810 4290 propicio,
832 4206 1008 4289 prosperari
1031 4212 1061 4270 et
1082 4213 1114 4272 tu
1137 4207 1243 4271 exinde
1270 4206 1374 4290 gracie
1396 4203 1484 4267 divine

304 4320 448 4401 premium
471 4322 501 4380 et
521 4316 684 4399 apostolice
707 4314 788 4378 sedis
803 4313 1040 4380 benivolenciam
1063 4321 1185 4400 captare
1197 4317 1297 4380 valeas
1313 4316 1482 4399 ampliorem.

394 4557 428 4622 o)
454 4556 553 4611 fuerint
566 4554 595 4608 V.
611 4586 642 4594 -
657 4554 689 4619 l)
704 4552 850 4609 adiutorem
862 4553 889 4605 Z.
903 4582 939 4592 -
952 4554 984 4623 c)
1006 4556 1034 4607 'et
1051 4553 1186 4625 pressuris
1205 4554 1274 4608 ieblt
1290 4554 1318 4607 Ζ.
1337 4582 1368 4590 -
1383 4550 1417 4619 d)
1431 4542 1484 4600 Vu-

306 4649 412 4704 ransom
430 4648 459 4703 V.
479 4679 513 4689 -
527 4648 558 4718 e)
571 4646 734 4719 prefecimus
746 4646 776 4700 V.
791 4675 822 4684 -
836 4643 868 4715 f)
883 4648 929 4699 tue
943 4644 970 4697 Z.
