3209 5392
820 925 884 994 49.

500 1095 579 1175 lopo
594 1096 632 1158 ad
648 1098 778 1176 graciam
793 1098 874 1162 sedis
891 1098 1059 1181 apostolice
1075 1118 1206 1164 reverse.

262 1250 312 1305 uin
324 1252 406 1321 Papat
425 1251 545 1321 beprttoet
560 1250 670 1322 frmcdt'q
688 1254 766 1306 einen
782 1256 811 1307 in
829 1255 882 1307 den
901 1252 1016 1309 Sabaeae
1028 1256 1078 1309 der
1090 1253 1191 1308 Kirede
1203 1250 1457 1308 zurackkebrendm

262 1338 414 1394 romiecben
426 1339 513 1410 Konip
525 1341 582 1394 und
594 1338 714 1394 ermalm
726 1339 786 1403 idn,
806 1341 860 1412 auf
867 1342 925 1396 dem
946 1345 1096 1398 betrcteocn
1108 1342 1217 1397 rechten
1245 1343 1326 1413 che
1347 1360 1381 1395 zu
1393 1359 1456 1395 vcr-

807 1430 918 1486 mem.

351 1572 397 1635 Ad
427 1572 547 1635 domum
577 1579 748 1655 patemam‚
780 1573 865 1637 cuius
896 1575 986 1638 limen
1017 1575 1160 1639 seductus
1192 1593 1387 1644 excesseras,
1423 1573 1459 1635 de

263 1679 387 1760 regione
416 1679 665 1743 dissimilitudinis
693 1681 848 1753 redeunti,
877 1683 1011 1764 quamvis
1035 1684 1137 1763 agenti
1159 1682 1257 1744 adhuc
1273 1681 1458 1751 lorinsecus,

262 1785 384 1866 hylares
415 1784 471 1850 tibi
504 1788 689 1852 occurrimus
721 1794 752 1850 et
781 1788 834 1850 leti
864 1788 1091 1869 procumbimus
1125 1787 1164 1850 ad
1195 1787 1459 1851 reconciliacionis

264 1893 398 1960 osculum
417 1913 508 1975 super
524 1894 632 1958 collum
652 1894 691 1980 1),
707 1896 744 1958 de
761 1900 812 1958 tuo
830 1895 951 1960 redditu
966 1896 997 1957 in
1013 1897 1157 1977 teipsum
1173 1915 1208 1957 eo
1221 1894 1335 1957 mentis
1346 1894 1460 1974 gaudio

265 2001 443 2072 exultantes,
460 2021 519 2083 quo
535 2008 623 2083 pater
639 2002 677 2066 de
692 2003 734 2088 a)
751 2000 811 2065 tilio
827 2002 965 2065 redivivo
979 2022 1067 2085 quem
1083 2002 1209 2084 putabat
1225 2002 1265 2087 b)
1281 1975 1458 2072 extinctdm,

262 2107 310 2171 vel
338 2109 490 2174 inventum
512 2108 551 2192 c)
575 2127 663 2190 quem
691 2109 844 2188 perditum
871 2108 1015 2181 fleverat,
1030 2109 1219 2191 'gratulatur
1251 2109 1303 2172 llle
1319 2108 1462 2170 nimirum

264 2220 398 2280 sectator
425 2215 546 2278 heredis
563 2216 604 2299 d)
626 2215 723 2278 hostis
752 2216 909 2297 antiquus,
943 2222 1045 2279 natum
1076 2216 1298 2297 redempcionis
1329 2215 1463 2279 humane

263 2341 390 2403 puerum
406 2320 514 2402 impius
530 2322 660 2402 perdere
677 2321 814 2402 gestiens
831 2322 995 2394 Christum,
1012 2328 1042 2386 et
1058 2323 1171 2386 Christi
1193 2323 1356 2386 ecclesiam
1372 2322 1459 2384 vide·

263 2429 336 2494 licet
352 2429 547 2494 orthodoxam
563 2430 652 2511 impie
674 2434 800 2493 conatur
823 2431 998 2511 extinguere
1027 2435 1073 2501 et,
1101 2438 1243 2514 tanquam
1270 2429 1458 2493 insaciabilis

265 2537 376 2599 inferni
393 2536 450 2599 olla
465 2537 632 2616 profunda,
648 2536 765 2618 ipsum,
787 2557 826 2598 ne
842 2556 951 2600 nomen
968 2537 1034 2601 eius
1049 2543 1184 2602 moretur
1199 2540 1230 2600 in
1244 2538 1355 2607 terris,
1373 2536 1462 2620 quasi

147 2681 191 2719 „L
202 2644 365 2719 ,agilium
383 2649 413 2705 et
428 2644 579 2723 integrum
595 2644 753 2723 deglutire.
786 2644 883 2715 Unde,
901 2644 970 2726 quia
985 2644 1100 2725 pariter
1116 2644 1234 2707 devium
1250 2643 1413 2707 ducebaris
1431 2648 1462 2705 et

266 2752 298 2816 in
314 2751 477 2822 interitum,
495 2755 526 2813 et
541 2750 711 2814 moliebaris
729 2757 834 2815 contra
856 2752 1010 2833 proprium
1032 2752 1212 2832 sanguinem
1233 2753 1299 2814 illas
1323 2752 1465 2820 insidias,

267 2856 378 2939 quibus
394 2857 524 2920 alienum
540 2858 715 2938 sanguinem
732 2857 859 2921 fundere
875 2858 1019 2931 siciebas,
1037 2859 1197 2922 dolendum
1218 2860 1325 2941 pocius
1342 2863 1410 2922 erat
1424 2857 1465 2920 de

266 2965 372 3030 salutis
402 2971 452 3029 tue
483 2965 634 3050 periculo,
665 2972 697 3029 te
727 2967 758 3028 in
785 2965 894 3028 malum
923 2971 1063 3029 currente
1091 2986 1159 3029 cum
1186 2966 1282 3039 malo,
1310 2983 1401 3049 mn
1424 2967 1462 3028 de

265 3075 436 3138 fluchrantis
465 3074 596 3136 ecclesie
624 3073 815 3137 detrimento.
849 3074 956 3137 Certos
985 3094 1113 3156 namque
1147 3095 1203 3138 nos
1230 3073 1331 3138 reddit
1359 3075 1459 3138 divina

266 3182 426 3263 proun'ssio
443 3186 474 3244 et
490 3201 624 3254 securos,
642 3202 700 3265 que
716 3201 867 3264 nunquam
883 3183 994 3264 poterit
1009 3184 1133 3255 irritari,
1150 3182 1231 3265 quod
1244 3183 1378 3245 ecclesia
1389 3183 1460 3253 Dei,

269 3308 359 3372 quam
389 3290 478 3353 flatus
510 3308 567 3370 quo
599 3290 719 3353 ducitur
749 3311 809 3353 non
840 3290 919 3352 sinet
945 3289 1010 3353 lieri
1038 3272 1214 3372 captionem
1242 3290 1385 3354 dentibus
1406 3292 1462 3353 im-

165 3461 168 3462 ⁷
270 3398 388 3477 piorum
405 3400 446 3474 ²),
463 3396 591 3459 contrito
608 3397 648 3459 ad
664 3397 799 3460 ultimum
815 3398 923 3479 laqueo
939 3397 1104 3469 venatoris,
1125 3399 1157 3461 in
1179 3398 1368 3462 latitudinem
1384 3398 1463 3459 exiet

269 3501 428 3573 libertatis,
446 3507 476 3564 et
492 3502 544 3584 qui
560 3522 626 3565 eam
642 3502 742 3586 querit
763 3504 931 3585 opprimere
947 3502 1199 3568 cumfautoribus
1216 3505 1279 3569 suis
1302 3505 1458 3585 repentine

271 3609 449 3674 calamitatis
465 3610 561 3672 ruinis
578 3607 758 3673 obeuntibus
775 3610 953 3673 involvetur.
986 3610 1037 3674 'lu
1053 3631 1136 3682 vero,
1159 3613 1186 3673 si
1201 3618 1319 3694 partem
1334 3617 1417 3674 tuam
1432 3610 1463 3672 in

271 3718 390 3782 Christo
406 3718 548 3799 posueris
562 3721 592 3778 et
607 3717 638 3779 in
655 3716 780 3780 Christo,
791 3716 958 3790 nobiscum,
976 3719 1028 3801 qui
1043 3718 1117 3781 licet
1137 3719 1254 3799 indigni
1275 3718 1375 3780 vicem
1398 3719 1461 3780 eius

271 3833 408 3890 tenemus
436 3825 467 3887 in
495 3823 600 3894 terris;
629 3823 776 3905 provehet
798 3822 918 3886 domum
938 3830 1035 3897 tuam,
1071 3826 1150 3888 sicut
1177 3825 1323 3888 hactenus
1347 3826 1379 3888 in
1405 3826 1460 3889 tuis

272 3932 436 3997 maioribus
464 3932 631 3995 dinoscitur
663 3930 846 4014 provexisse.
891 3934 1047 3996 Monemus
1083 3933 1176 4014 igitur
1205 3931 1460 4014 magnificenciam

273 4048 357 4104 tuam
373 4044 403 4101 et
415 4040 596 4121 propensius
613 4038 820 4109 adhortamur,
837 4044 986 4120 quatenus
997 4032 1033 4101 'in
1048 4040 1128 4103 uam
1143 4045 1264 4123 patrum
1278 4046 1408 4115 brorum,
1424 4040 1459 4103 ad

300 4212 303 4219 ·
364 4181 397 4249 a)
412 4179 445 4234 de
463 4199 503 4235 am
521 4181 620 4234 Raude.
635 4209 668 4220 -
682 4180 713 4248 b)
726 4197 805 4251 quem
824 4184 936 4253 putebat
950 4199 990 4236 am
1003 4183 1106 4236 Raude.
1120 4213 1154 4223 -
1169 4183 1200 4253 c)
1214 4183 1320 4237 invento
1334 4201 1368 4237 zu
1380 4185 1456 4237 lesen.

279 4300 307 4308 -
322 4270 357 4338 d)
371 4270 489 4325 llerodee
502 4287 534 4323 au
547 4269 628 4323 lesen.
641 4270 733 4340 Vergl.
746 4271 900 4325 Echetli.
913 4271 940 4335 2,
955 4272 999 4330 13.
1013 4272 1140 4328 Futurum
1154 4276 1197 4328 eet
1210 4274 1287 4337 enirn,
1299 4278 1329 4329 ut
1343 4272 1455 4330 Herodes

275 4364 386 4444 quaerat
405 4375 516 4429 puerum
534 4357 567 4411 ad
585 4358 749 4429 perdendum
768 4377 835 4413 eum.

276 4502 599 4515 .-...-----...-...

305 4601 329 4655 ¹)
347 4601 422 4643 Liscus
440 4598 478 4650 15,
496 4598 536 4644 20.

304 4678 329 4741 ²)
347 4681 384 4725 Ps.
404 4680 457 4734 123,
475 4681 498 4724 6.
