3209 5392
1257 461 1331 534 119

133 645 285 721 pretaeta,
308 659 366 723 que
383 639 546 703 christiane
562 638 639 704 fidei,
649 639 820 722 expediunt,
837 640 971 723 presenti
987 637 1193 722 persuasione
1210 636 1334 720 aequie-

133 769 224 812 scere
241 749 402 832 satagatis,
418 768 538 828 saprum
553 748 702 831 baptisma
718 748 839 813 inlesa
855 748 973 813 nomine
988 746 1149 831 recepturi.
1167 746 1195 809 N
1198 767 1231 810 os
1254 746 1332 810 enim
1343 785 1452 826 mm,

135 859 176 922 ad
193 858 368 935 lucrandam
384 859 548 922 animarum
564 863 733 923 vestrarum
755 858 899 932 salutem,
921 856 1123 921 venerabilem
1140 876 1176 919 ae
1193 855 1333 920 dilectum

136 967 171 1030 in
193 968 314 1033 Christo
337 968 461 1032 fratrem
483 968 658 1051 episcopum
674 968 710 1031 N.
728 966 767 1031 ad
789 988 843 1032 vos
865 965 1074 1051 premittentes
1096 966 1154 1048 piis
1176 964 1335 1029 affectibus

137 1078 337 1151 destinamus,
355 1077 439 1142 cuius
460 1077 593 1156 consiliis
607 1084 638 1142 et
650 1076 914 1142 exhortacionibus
930 1076 1099 1142 salubribus
1116 1081 1205 1160 atque
1222 1074 1335 1139 sanctis
1354 1157 1362 1170 l

136 1186 367 1253 universitatem
382 1192 513 1250 uestram
530 1208 590 1250 non
607 1186 702 1251 solum
719 1186 1095 1270 speramus'aequiescere
1116 1184 1148 1248 in
1168 1183 1335 1268 premissis,

138 1298 197 1361 sed
215 1301 247 1359 et
263 1294 469 1379 corporalibus
488 1296 549 1360 suis
574 1295 754 1378 indigeneiis
771 1316 826 1360 vos
849 1295 925 1361 adeo
948 1295 1113 1359 liberaliter
1129 1301 1159 1358 et
1175 1314 1241 1358 cum
1258 1292 1339 1357 omni

138 1404 379 1491 promptitudine
396 1424 557 1469 occurrere
573 1405 811 1488 persuademus,
824 1411 857 1469 ut
869 1405 954 1470 vohis
970 1425 1026 1488 per
1041 1405 1169 1468 eundem
1185 1402 1292 1468 ablutis
1310 1408 1340 1466 et

140 1514 297 1583 renovatis
314 1513 346 1577 in
362 1515 470 1597 spiritu
486 1520 592 1579 sancto
609 1535 664 1598 per
679 1514 947 1597 regeneracionem
962 1513 1074 1579 lauacri
1097 1512 1247 1587 salutaris,
1264 1519 1295 1579 et
1310 1513 1341 1577 in

139 1623 304 1709 agnicione
320 1622 391 1687 fidei
403 1622 554 1687 katholico
571 1622 767 1688 saluberrime
783 1622 958 1696 illustratis,
974 1624 1043 1686 dum
1059 1621 1145 1688 vobis
1162 1622 1247 1686 dedit
1262 1622 1342 1706 quod

140 1756 159 1799 a
174 1732 304 1799 Domino
321 1733 441 1815 accepit
458 1739 488 1797 et
504 1734 542 1797 de
557 1732 692 1797 tenebris
709 1732 740 1796 in
754 1732 853 1796 lucem
870 1753 924 1796 uos
940 1752 1105 1807 revocans,
1122 1752 1158 1797 ac
1175 1731 1214 1796 ab
1230 1731 1342 1797 erroris

141 1843 231 1907 devio
246 1863 299 1906 vos
313 1842 461 1906 reducens
475 1841 513 1907 ad
525 1840 663 1906 semitam
679 1821 826 1915 ueritatis,
839 1840 1006 1906 infidelitati
1018 1848 1118 1906 vestre
1132 1840 1343 1925 cognicionem

141 1951 353 2037 spiritualium,
362 1953 426 2015 sine
440 1950 547 2035 quibus
560 1952 640 2015 salus
649 1958 752 2017 eterna
765 1973 825 2017 nou
837 1950 1012 2035 aequiritur,
1021 1951 1189 2025 seminavit,
1197 1950 1343 2039 vestran)

142 2055 331 2147 temporalia,
360 2059 425 2124 sine
454 2060 561 2145 quibus
590 2060 628 2123 ad
654 2080 781 2143 presens
810 2080 870 2124 non
896 2059 1020 2134 vivitur,
1048 2080 1082 2124 se
1113 2062 1245 2144 gaudeat
1275 2081 1343 2127 curn

144 2169 333 2237 sufficiencia
349 2169 517 2233 omnimoda
532 2169 707 2233 messuisse.
738 2170 770 2232 ln
787 2188 844 2254 quo
862 2190 934 2233 sane
952 2177 983 2234 et
998 2170 1078 2254 apud
1093 2172 1205 2245 Deum,
1223 2171 1273 2260 qui
1297 2179 1345 2237 est

141 2280 293 2345 bonorum
310 2299 432 2364 operum
449 2276 625 2360 magnificus
642 2277 817 2351 retributor,
834 2278 971 2342 immensi
983 2280 1084 2344 meriti
1097 2281 1246 2345 cumulum
1258 2281 1345 2347 vobis

143 2388 351 2475 comparabitis
380 2394 412 2451 et
438 2387 648 2451 nichilominus
670 2407 772 2451 coram
793 2386 880 2451 huius
904 2388 965 2452 vite
987 2389 1162 2454 mortalibus
1185 2397 1217 2454 et
1244 2373 1345 2457 coram
1411 2452 1415 2461 .

143 2505 254 2564 sancta
284 2497 418 2562 Romana
449 2495 581 2560 ecclesia
612 2503 703 2580 atque
726 2495 822 2559 nobis
855 2496 1004 2579 condigne
1041 2497 1138 2562 laudis
1171 2501 1346 2583 preconium

144 2607 302 2674 referetis.
325 2608 434 2671 Datum
462 2626 539 2669 anno
556 2604 677 2670 Domini
699 2605 904 2671 MCCXLVlll.
929 2607 993 2671 Kal.
1017 2608 1128 2681 Martii,
1154 2610 1346 2692 pontificatus

149 2717 248 2786 nostri
266 2738 344 2781 anno
361 2715 464 2801 quinto
481 2713 530 2800 b).
663 2765 667 2773 .

248 2827 282 2897 a)
298 2842 328 2879 se
343 2824 370 2878 Z.
387 2854 417 2864 —
434 2823 465 2894 d)
481 2824 534 2878 Das
547 2824 642 2879 Datum
655 2824 712 2879 seht
724 2825 753 2879 V.

738 2961 773 3032 9.

399 3104 477 3185 laps
494 3103 691 3166 nonarum
706 3104 780 3184 regi,
797 3103 1031 3168 ermenlando
1047 3110 1104 3168 otc.

642 3227 714 3283 raso
728 3229 803 3299 apra
817 3229 863 3283 ao.

148 3341 302 3397 Ala-order
313 3340 331 3393 Ι
335 3343 360 3395 V.
378 3340 461 3395 belobt
478 3341 531 3394 deo
544 3338 631 3410 Konip
643 3338 765 3394 litabard
780 3351 871 3411 weyers
891 3339 981 3395 ceiam
993 3338 1138 3402 Decetiam,
1155 3350 1225 3413 zerpt
1237 3342 1290 3397 ihm
1306 3359 1351 3404 aa,

150 3435 218 3488 duaa
238 3450 269 3487 er
286 3432 331 3487 die
349 3428 547 3502 Mittbeilarrperr
564 3430 655 3486 rainer
672 3430 799 3486 aucmebr
823 3430 1075 3490 zurrtclrlsebreadeu
1097 3433 1249 3488 Geaaadtca
1265 3432 1351 3488 wohl·

149 3524 268 3582 wollend
279 3522 335 3578 aad
347 3521 529 3593 aufmerhaam
542 3529 670 3594 ratpepen
680 3539 841 3594 penommea,
854 3523 910 3577 card
921 3524 987 3577 daeo
1000 3541 1030 3577 er
1042 3524 1099 3577 den
1110 3523 1219 3577 Bruder
1237 3523 1353 3579 Waltber

234 3632 284 3669 zur
300 3615 499 3686 Unteratrttzuop
511 3612 561 3668 der
576 3611 662 3669 Socho
675 3614 724 3670 dee
738 3612 840 3685 Kdaipa
852 3612 921 3669 uach
933 3613 1118 3670 Deutaoblcnd
1133 3614 1257 3669 Masada.

245 3727 371 3793 Bdhmer,
389 3727 456 3797 Reg.
477 3726 551 3781 Alex.
572 3726 622 3788 tv„
643 3743 686 3781 no.
709 3725 769 3780 156.
789 3725 881 3798 Vergl.
901 3729 981 3780 antea
1000 3727 1051 3782 No.
1072 3725 1114 3779 11.

250 3836 372 3912 Grande
388 3838 476 3902 matri
492 3837 632 3922 provenit
653 3837 796 3921 gaudium
819 3860 855 3901 ex
876 3837 928 3901 filii
950 3837 1096 3911 bonitate,
1118 3836 1227 3921 vixque
1242 3837 1355 3921 aliquid

154 3953 205 4012 est
222 3946 304 4031 quod
325 3947 367 4011 ita
383 3952 523 4030 parentes
539 3944 681 4020 letificet,
699 3947 779 4010 sieut
795 3946 942 4030 sapientia
960 3954 990 4012 et
1005 3946 1140 4031 probitas
1156 3945 1301 4020 liliorum,
1324 3947 1356 4010 in

154 4078 216 4146 qua
245 4058 334 4122 velud
349 4049 394 4120 'in
424 4057 574 4121 thesauris
607 4056 726 4140 optimis
760 4057 957 4122 delectantur,
1004 4058 1090 4122 Unde
1122 4058 1192 4141 quia
1223 4060 1356 4123 Romana

156 4167 291 4235 ecclesia
310 4167 342 4231 in
363 4173 393 4231 te
416 4167 579 4249 conspicua
596 4166 770 4231 devocionis
788 4164 935 4250 insignia,
963 4167 1120 4231 eudeneia
1135 4168 1300 4250 prudencie
1316 4168 1357 4255 a)

156 4278 272 4344 indicia
300 4283 332 4342 et
359 4276 496 4362 quidquit
522 4276 554 4339 in
581 4277 717 4359 perfecto
747 4283 778 4340 et
804 4274 927 4340 amabili
959 4275 1019 4344 lilio
1048 4276 1194 4359 exigitur,
1224 4278 1357 4361 plenarie

155 4385 305 4473 repperit,
317 4385 487 4450 vehementi
500 4386 640 4468 profecto
653 4386 765 4470 exultat
779 4384 891 4450 leticia.
903 4385 942 4450 llt
955 4385 1035 4449 inter
1046 4392 1148 4456 cetera
1164 4406 1222 4471 que
1230 4389 1358 4453 animum

159 4498 225 4563 eius
254 4496 421 4562 exhilarant
437 4496 486 4583 b),
503 4495 562 4560 hoc
590 4495 806 4561 iocunditatem
833 4494 990 4559 maximam
1018 4495 1106 4560 affert
1127 4496 1173 4570 ei,
1196 4473 1275 4581 duod
1297 4505 1359 4564 tarn

159 4628 263 4674 carum
280 4611 312 4671 et
326 4605 476 4690 placidum
484 4589 522 4692 e)
529 4604 623 4669 habet
637 4604 747 4679 tilium,
764 4597 948 4670 sinceritatis
964 4604 1096 4688 puritate
1111 4607 1313 4689 prefulgidum
1331 4614 1362 4673 et

249 4733 285 4800 a)
299 4733 440 4807 prudentia
457 4733 485 4787 Ζ.
500 4761 534 4772 -
547 4732 578 4803 b)
594 4733 724 4787 exilarant
738 4732 771 4786 Z.
790 4763 818 4773 -
837 4732 870 4800 c)
883 4730 1010 4803 placitum
1024 4732 1054 4789 V.
