3209 5392
295 592 345 663 to

293 771 398 833 ventus
420 767 513 830 cessit
529 773 560 830 et
582 767 637 830 sub
653 768 731 829 iuste
754 768 945 849 proprietatis
967 769 1060 850 tytulo
1084 767 1123 831 ad
1145 787 1248 832 eorum
1270 768 1469 831 monasterium

292 874 612 957 perpetuopertinebit.
628 873 713 955 Quod
726 875 752 937 si
764 881 833 938 ante
847 882 978 939 notatam
990 876 1029 963 a)
1043 876 1218 958 peccuniam
1230 876 1374 959 predictis
1386 876 1470 939 abbas
1585 870 1586 955 ἶ

293 988 324 1045 et
351 989 514 1049 conventus
531 984 570 1071 b]
586 984 668 1047 circa
694 985 853 1048 terminum
881 985 938 1050 sibi
965 1004 1019 1067 per
1045 984 1176 1049 arbitros
1204 986 1396 1049 constitutum
1421 1005 1472 1047 nou
1585 994 1586 1059 ζ

293 1091 446 1164 soluerint,
478 1113 537 1155 uon
568 1093 663 1155 solum
694 1092 751 1156 boc
769 1092 807 1179 ο)
824 1112 949 1175 presens
980 1093 1136 1157 arbitrium
1167 1094 1350 1165 cassabitur,
1380 1113 1473 1156 verum

294 1201 383 1264 etiam
400 1201 514 1284 eamd)
529 1201 714 1283 peccuniam,
746 1221 835 1286 quam
853 1203 935 1265 iorte'
947 1202 1027 1265 iuxta
1040 1202 1218 1286 aliquantam
1233 1202 1405 1284 porcionem
1419 1202 1474 1263 aol-
1585 1216 1586 1241 ³

292 1309 400 1381 verint,
417 1310 535 1373 omnino
547 1309 731 1393 perdente),
744 1317 775 1372 et
786 1309 923 1393 causas)
934 1331 1002 1374 cum
1017 1310 1068 1374 lite
1081 1330 1134 1374 sua
1147 1311 1176 1372 in
1189 1315 1300 1374 statum
1317 1310 1473 1392 pristinum,
1585 1322 1586 1361 i

294 1439 381 1500 quom
398 1426 466 1481 ante
482 1418 637 1483 arbitrium
653 1418 767 1490 babuit,
784 1422 960 1481 revertetur.
992 1419 1038 1481 Ne
1060 1438 1130 1482 uero
1154 1419 1242 1481 alicui
1265 1418 1428 1501 exalumpnic
1449 1418 1475 1479 in

293 1533 446 1609 posterum
479 1527 563 1589 locus
591 1532 707 1608 pateat,
742 1528 867 1591 formam
896 1526 1011 1590 arbitrii
1038 1527 1228 1609 presentibus
1262 1527 1426 1609 inpressam
1450 1530 1476 1587 et
1585 1512 1586 1515 ¹

294 1636 391 1717 sigillo
409 1640 509 1698 nostre
522 1635 651 1698 civitatis
663 1636 882 1706 communitam,
896 1636 968 1717 ipsis
982 1636 1102 1699 arbitris
1120 1636 1333 1699 reservandam
1343 1635 1384 1722 u]
1407 1634 1477 1696 assi·

253 1734 256 1739 ’
295 1746 615 1829 guarimus,ut,soluta
629 1748 774 1830 peccunia
790 1753 821 1810 et
836 1748 888 1810 lite
903 1767 1026 1829 prorsus
1043 1749 1150 1831 sopita,
1166 1749 1252 1813 litere
1266 1746 1384 1809 demum
1396 1762 1479 1825 super

294 1856 353 1920 boc
370 1856 497 1938 negocio
512 1861 656 1937 perpetue
672 1838 904 1919 conscribantur
918 1863 975 1920 etc.

385 1965 440 2028 Hic
463 1970 575 2036 notate,
599 1965 678 2048 quod
693 1964 761 2028 talis
785 1966 881 2028 forma
904 1985 962 2028 non
984 1971 1031 2028 est
1046 1972 1191 2048 perpetua
1205 1965 1324 2050 quando
1340 1962 1380 2045 d)
1396 1961 1479 2024 habet

295 2073 409 2158 aliquas
437 2073 645 2145 condiciones,
674 2093 731 2158 que
759 2074 785 2135 si
807 2080 924 2136 servate
947 2094 1006 2137 non
1028 2075 1155 2146 luerint,
1177 2075 1262 2138 litera
1285 2081 1316 2136 et
1333 2069 1479 2136 arbitrium

295 2188 452 2246 cassantur
468 2188 498 2246 et
514 2203 605 2246 causa
621 2188 684 2245 tota
699 2182 730 2245 in
747 2187 856 2245 statum
878 2182 1036 2264 pristinum
1058 2185 1219 2247 reducetur
1239 2182 1283 2267 i),
1300 2182 1327 2244 si
1349 2179 1480 2243 videlicet

295 2292 441 2374 peccunia
457 2313 515 2355 non
532 2291 622 2354 luerit
637 2290 742 2354 soluta.
776 2290 810 2355 Si
832 2295 930 2354 autem
952 2292 1089 2354 condicio
1107 2292 1154 2354 illa
1178 2313 1236 2355 uon
1253 2295 1337 2353 esset
1352 2289 1410 2360 ibi,
1433 2285 1480 2348 scd

296 2399 479 2463 scriberetur
496 2400 575 2483 quod
590 2399 735 2481 peccunia
751 2404 833 2462 esset
848 2399 955 2471 soluta,
971 2405 1042 2485 tunc
1063 2400 1148 2463 litera
1166 2406 1247 2462 esset
1268 2403 1414 2481 perpetua
1430 2413 1480 2457 nec
1578 2378 1583 2451 ·.’

296 2514 379 2572 esset
390 2529 516 2571 necesse
538 2509 625 2571 aliam
640 2507 756 2571 literam
771 2512 946 2589 perpetuam
960 2507 1001 2595 k]
1019 2508 1178 2572 conscribi.

387 2614 555 2705 Notandum
566 2614 593 2703 1)
602 2616 701 2688 etiam,
718 2616 798 2700 quod
812 2617 916 2680 stricte
929 2617 1103 2699 accipiendo
1114 2615 1342 2698 ,privilegium
1359 2614 1391 2698 l)
1403 2631 1481 2675 nemo

297 2724 387 2789 debet
403 2725 475 2788 dare
494 2725 680 2807 privilegium
697 2724 754 2787 nisi
769 2725 921 2807 princeps,
944 2725 1023 2788 sicut
1037 2745 1125 2807 papa,
1142 2725 1314 2807 imperator,
1338 2721 1481 2804 archiepi-
1578 2760 1583 2783 ι

240 2820 243 2825 ’
296 2834 392 2916 scopi,
416 2832 560 2915 episcopi,
582 2833 700 2914 regales
722 2832 858 2904 abbates,
874 2834 1035 2917 rugeam),
1053 2835 1155 2906 duces,
1173 2833 1380 2905 marchiones;
1404 2833 1481 2894 litere

296 2963 367 3006 uero
381 2963 455 3027 quas
469 2942 540 3005 dant
552 2941 676 3005 abbates
690 2941 851 3023 simplices,
862 2942 1017 3023 prepositi,
1030 2942 1155 3005 comites
1168 2948 1199 3004 et
1211 2942 1250 3029 a)
1262 2940 1479 3008 ministeriales,

297 3071 355 3115 non
367 3056 436 3114 sunt
448 3051 568 3132 proprie
581 3049 748 3131 priuilegia,
765 3051 820 3112 sed
831 3057 977 3113 vocantur
988 3049 1140 3122 actiones;
1158 3057 1257 3115 tamen
1273 3072 1346 3114 usus
1364 3051 1482 3114 interra

297 3165 400 3224 nostra
416 3159 552 3231 obtinuit,
578 3164 609 3222 ut
626 3179 728 3221 omnes
752 3159 827 3222 tales
843 3158 929 3222 litere
946 3165 1089 3222 vocentur
1104 3160 1270 3242 privilegia.

636 3320 682 3363 lle
696 3321 781 3363 modo
796 3319 979 3373 exemplandi
994 3320 1098 3365 literas
1108 3323 1144 3376 o).

795 3414 921 3459 Distinctio
941 3416 987 3458 Vll.

389 3505 462 3568 item
479 3503 504 3566 si
520 3503 635 3567 literam
652 3505 762 3567 domini
783 3525 860 3588 pape
883 3506 929 3569 vel
953 3505 1140 3588 imperatoris
1157 3506 1203 3568 vel
1225 3505 1307 3586 regis
1325 3502 1484 3586 exemplare

299 3634 354 3679 nos
368 3614 567 3694 contingeret,
583 3613 640 3675 ista
654 3619 736 3676 esset
749 3615 852 3678 torma.
871 3615 996 3678 NosDei
1013 3616 1116 3696 gracia
1128 3616 1161 3677 B.
1175 3612 1411 3696 Ratisponensis,
1424 3609 1485 3693 ΟΡ)

299 3723 483 3788 Pataviensis
509 3721 703 3785 ecclesiarum
726 3723 859 3806 episcopi
888 3729 990 3787 notum
1011 3724 1137 3786 facimus
1160 3722 1306 3785 universis
1334 3725 1485 3805 presentes
1582 3736 1583 3777 3

300 3831 402 3896 literas
418 3830 609 3914 inspecturis,
617 3831 697 3915 quod
712 3851 789 3894 anno
806 3831 923 3895 Domini
939 3832 1095 3896 millesimo
1113 3833 1150 3917 o)
1168 3836 1225 3894 etc.
1244 3851 1346 3894 meuse
1364 3831 1486 3893 Novem·
1581 3810 1583 3829 1

301 3941 374 4012 bris,
392 3941 502 4004 domini
513 3940 635 4002 Honorii
651 3959 727 4022 pape
745 3941 842 4024 quarti
858 3960 934 4004 anno
952 3940 1095 4011 secundo,
1108 3940 1234 4003 vidimus
1252 3945 1283 4002 et
1298 3940 1444 4002 tenuimus
1460 3938 1487 3995 et
1580 4023 1582 4026 Α

304 4051 464 4132 diligenter
491 4049 671 4131 inspeximus
699 4049 817 4113 literam
845 4050 955 4113 domini
981 4048 1139 4112 Alexandri
1167 4069 1244 4132 pape
1273 4048 1368 4133 quinti
1395 4045 1485 4109 serico
1580 4047 1582 4089 ἒ

392 4186 426 4253 a)
448 4186 604 4239 nominatam
632 4185 659 4239 Z.
678 4214 712 4225 -
731 4186 762 4254 b)
783 4184 912 4256 predictis
937 4185 1023 4238 abbati
1044 4188 1072 4239 et
1090 4184 1229 4239 conventui
1249 4183 1277 4239 V.
1298 4184 1324 4237 Z.
1340 4213 1372 4221 -
1387 4183 1418 4252 c)
1439 4182 1483 4232 boc

302 4276 372 4332 fehlt
390 4276 419 4330 V.
442 4306 470 4315 -
492 4277 527 4346 d)
547 4293 604 4330 earn
624 4276 691 4330 sablt
718 4277 747 4331 V.
773 4308 800 4315 -
822 4278 854 4347 e)
880 4276 976 4346 perdet
1005 4276 1033 4329 V.
1061 4307 1089 4315 -
1108 4276 1142 4347 f)
1158 4294 1264 4330 carosam
1283 4276 1305 4330 V
1324 4295 1348 4329 u.
1368 4271 1486 4342 Z.-p)
1580 4304 1581 4359 7

303 4368 492 4423 reservandum
514 4369 543 4423 V.
569 4398 603 4407 -
631 4367 666 4437 b)
697 4368 817 4439 monum
839 4371 867 4422 Ζ.
899 4398 927 4407 -
954 4369 983 4437 i)
1007 4368 1157 4423 retruditur
1178 4369 1206 4422 Ζ.
1234 4399 1264 4410 -
1284 4367 1319 4435 d)
1340 4369 1487 4438 perpetuam

305 4461 372 4517 fehlt
384 4459 414 4513 V.
432 4489 460 4501 ·-
475 4461 502 4528 l)
518 4461 668 4515 mundatum
688 4460 715 4513 V.
735 4489 761 4503 „
780 4461 822 4531 m)
836 4477 917 4531 rages
930 4461 997 4514 sebit
1010 4460 1036 4513 Z.
1051 4490 1086 4500 -
1098 4459 1133 4530 n)
1154 4462 1181 4512 et
1198 4460 1266 4514 sebit
1278 4459 1305 4513 Ζ.
1329 4489 1355 4499 -
1372 4458 1406 4528 o)
1427 4456 1486 4509 nist.

305 4552 369 4608 vill.
386 4582 415 4592 -
432 4552 470 4624 p)
483 4552 527 4607 sim
546 4552 566 4608 G
585 4554 636 4606 vel.
656 4554 683 4607 Z.
697 4581 730 4595 -··
744 4552 850 4624 qlonill.
864 4551 930 4605 fehlt
948 4553 976 4605 Ζ.

334 4733 358 4795 ¹)
376 4736 459 4781 Dieser
474 4736 561 4782 Abanta
578 4737 666 4796 gebdrt
683 4738 706 4783 in
724 4738 770 4782 den
788 4740 904 4782 tractatus
921 4737 950 4784 de
969 4736 1113 4796 privilegiis,
1130 4740 1201 4782 unten
1219 4737 1242 4781 S.
1259 4737 1289 4781 79
1306 4749 1348 4781 tor
1363 4733 1487 4780 Notandum

370 4818 448 4863 etiarn.
