3209 5392
787 805 824 874 4.

529 981 689 1064 luperlole
705 981 894 1064 privilegium
911 981 941 1045 r.
959 981 1097 1046 ecclesie.

212 1140 261 1195 bin
274 1140 423 1196 rdmiacber
436 1141 524 1212 Konip
535 1146 663 1212 pectattet
678 1142 901 1196 Ordensbrltdem
914 1141 965 1194 dea
977 1139 1128 1196 Auatousob
1140 1138 1216 1194 ihrer
1236 1140 1321 1195 (ἔθεεν
1330 1157 1417 1211 peperi

325 1231 510 1301 belomonte,
523 1231 569 1286 die
581 1229 641 1286 oieb
653 1231 689 1287 im
702 1230 835 1288 erblielrea
849 1232 956 1288 Beeitze
968 1232 1042 1288 eiam
1055 1231 1163 1286 Ande-n
1175 1231 1303 1303 befiaden.

301 1376 400 1439 Divini
422 1377 519 1441 cultus
542 1377 682 1450 nominis,
700 1377 751 1459 qui
767 1384 871 1440 vestro
888 1377 972 1459 viget
990 1377 1118 1463 ordine,
1147 1376 1284 1441 caritatis
1308 1397 1414 1461 opera,

211 1507 270 1570 que
287 1507 347 1550 non
364 1488 460 1550 solum
477 1486 682 1570 indigentibus
700 1506 803 1549 verum
822 1486 918 1550 eciam
936 1485 1074 1550 omnibns
1092 1486 1291 1551 communiter
1307 1487 1415 1569 hospi·

211 1597 326 1661 talitate
349 1595 434 1677 larga
450 1595 616 1659 liberaliter
639 1595 869 1678 impenduntur,
898 1616 955 1658 neo
979 1616 1039 1659 non
1064 1595 1238 1660 oracionnm
1255 1595 1412 1678 suffragia,

212 1706 321 1792 quibus
343 1706 473 1769 salutare
496 1704 660 1769 Salvatoris
683 1704 814 1767 omnium
836 1704 1004 1768 subsidium
1032 1704 1213 1787 inploratur,
1236 1704 1411 1769 serenitatis

213 1823 314 1881 nostre
327 1820 447 1878 movent
460 1813 589 1878 animum
602 1821 633 1878 et
649 1813 805 1887 inclinant,
818 1814 898 1899 quod
910 1814 1020 1877 vestris
1031 1814 1233 1895 peticionibus
1247 1813 1411 1878 debeamus

213 1945 345 1990 annuere
362 1944 398 1987 ae
416 1925 446 1986 in
462 1923 656 1987 admittendis
672 1923 731 1985 illis
748 1922 853 1986 faciles
871 1922 1009 1986 inveniri.
1029 1921 1220 2007 Quapropter
1234 1922 1413 1987 humilitatis

213 2041 313 2099 vestre
335 2054 444 2117 preces
466 2031 654 2114 benignitate
677 2031 762 2114 regia
785 2032 988 2096 favorabiliter
1010 2033 1214 2104 admittentes,
1243 2038 1411 2096 commuta-

213 2146 332 2209 cionem
347 2144 495 2207 bonorum
511 2147 680 2206 vestrorum
701 2142 836 2224 proximo
859 2143 971 2205 iactam
994 2162 1067 2224 erga
1084 2143 1121 2205 N.
1140 2148 1171 2205 et
1192 2162 1263 2207 snos
1280 2141 1412 2204 heredes

212 2276 266 2341 pro
294 2253 382 2317 bonis
410 2251 543 2334 imperii,
583 2273 642 2336 qne
671 2251 708 2314 ab
737 2252 844 2335 eodem
872 2253 903 2315 in
930 2252 1018 2314 feodo
1047 2252 1227 2315 tenebantur
1255 2258 1285 2315 et
1313 2251 1412 2314 teneri

214 2366 361 2428 deberent
387 2363 418 2425 in
445 2367 616 2443 posterum,
644 2366 761 2441 gratam
784 2360 934 2430 habentes
958 2367 988 2425 et
1010 2367 1122 2434 ratam,
1146 2361 1242 2444 ipsam
1258 2361 1412 2444 presentis

213 2474 328 2538 decreti
343 2471 438 2535 nostri
461 2471 622 2533 munimine
639 2469 861 2542 confirmamus,
875 2469 980 2533 dantes
997 2470 1083 2535 vobis
1099 2470 1155 2535 has
1171 2476 1274 2535 nostre
1291 2470 1414 2534 sereni-

213 2576 284 2648 tatis
299 2582 404 2646 literas
422 2580 452 2644 in
468 2579 672 2644 testimoninm
689 2598 781 2661 snper
798 2600 844 2642 eo.

787 2823 823 2896 5.

614 3004 782 3086 lnperater
797 3003 829 3067 ll.
848 3003 1010 3087 episcopis.

605 3163 685 3218 12⁷4.
701 3165 807 3235 August
819 3165 844 3218 i.
858 3165 1020 3236 llagonowe.

213 3313 301 3387 Konip
317 3313 423 3384 liudolf
436 3313 528 3367 uimmt
544 3311 596 3367 den
615 3311 774 3382 Erebiaobof
787 3330 838 3368 von
858 3313 1004 3385 Salzdurp,
1028 3317 1073 3369 dte
1090 3312 1221 3384 Braebdfe
1236 3331 1287 3368 oon
1305 3316 1410 3370 Prason

211 3407 267 3461 rond
273 3405 441 3478 Repeueburp
453 3404 481 3459 iu
495 3405 544 3457 dea
555 3403 668 3459 necnee
681 3405 738 3459 rond
748 3403 841 3461 arinen
854 3404 960 3466 Sobata,
973 3406 1095 3477 baetdtipt
1106 3406 1150 3461 deit
1163 3405 1246 3461 abaco
1258 3422 1307 3461 von
1319 3404 1409 3460 seimon

219 3495 364 3568 lbrfobren
388 3497 424 3551 im
449 3493 548 3550 Reielre
571 3494 737 3551 verliebenen
765 3495 868 3550 Recbte
900 3496 955 3552 und
985 3494 1150 3559 Frer‘beiten‚
1181 3498 1305 3553 verdietet
1333 3495 1411 3551 ibren

211 3586 408 3643 Mirristcriolen
426 3586 483 3639 uod
499 3584 617 3656 Horipen
636 3584 703 3641 ohne
722 3586 805 3641 deren
831 3586 1028 3658 Genebmipunp
1047 3587 1074 3642 in
1097 3589 1150 3642 den
1173 3587 1267 3643 Dienot
1289 3587 1415 3642 Auderer

211 3697 243 3732 zu
256 3686 349 3738 meten,
362 3674 511 3749 verapmcdt
522 3676 602 3731 ibneu
614 3677 772 3733 sanilonomen
786 3678 918 3733 Beiatund
929 3696 977 3732 zur
995 3677 1251 3750 llb‘edererloaponp
1264 3679 1314 3732 der
1332 3677 1411 3733 maen

210 3767 296 3823 durob
308 3757 464 3824 llbermaebt
475 3768 641 3823 eatrt'ssenen
654 3767 752 3823 lleebte
764 3769 822 3824 und
830 3768 1006 3839 Becitzunpon
1018 3769 1046 3822 in
1060 3761 1223 3835 deterreret,
1235 3769 1411 3832 Stoici-morlo,

647 3859 784 3914 Kdrntbea
797 3859 854 3914 aad
864 3860 972 3915 Botere.

303 4004 472 4059 Monumenta
484 4003 564 4058 Boica
578 4002 637 4071 29³,
652 4002 714 4056 510.

303 4150 420 4233 Quanto
446 4172 500 4215 nos
516 4152 598 4214 Deus
617 4149 758 4213 exaltavit
773 4150 948 4223 sublimius,
976 4158 1058 4215 tanto
1076 4151 1237 4235 benignius
1254 4152 1412 4237 inspiravit

210 4263 242 4326 in
266 4259 353 4324 nobis
378 4260 517 4344 spiritum
541 4260 703 4324 voluntatis
728 4259 825 4332 illins,
850 4260 899 4343 qui
917 4260 954 4323 ad
972 4262 1068 4324 zelum
1085 4260 1154 4324 lidei
1173 4261 1337 4325 christiane
1354 4284 1409 4326 nos

210 4376 374 4455 provocat,
399 4371 436 4434 ad
453 4369 574 4433 iusticie
590 4368 803 4434 rectitudinem
821 4368 1009 4452 dirigendam
1026 4370 1179 4444 sollicitat,
1204 4378 1235 4435 et
1250 4372 1288 4435 ad
1306 4390 1411 4436 sacro-

211 4485 332 4545 sanctas
357 4478 504 4543 eeclesias
529 4485 560 4543 et
584 4478 811 4543 ecclesiasticas
836 4498 1001 4561 personas,
1029 4480 1059 4544 in
1084 4479 1192 4564 qnibns
1218 4486 1249 4543 et
1263 4499 1318 4564 per
1335 4501 1409 4567 quas

210 4612 264 4675 pro
289 4594 391 4653 nostre
416 4587 520 4652 salutis
546 4593 706 4670 augmento
730 4588 814 4652 Dens
840 4589 1030 4672 omnipotens
1053 4589 1243 4672 placabiliter
1260 4597 1409 4666 exoratur,

211 4698 418 4766 favorabiliter
434 4698 653 4779 promovendas
670 4697 777 4761 invitat
793 4704 825 4761 et
842 4697 936 4762 aflicit
951 4706 1082 4765 mentem
1099 4706 1241 4766 nostram.
