<?xml version="1.0" encoding="UTF-8"?>
<!DOCTYPE html PUBLIC "-//W3C//DTD XHTML 1.0 Transitional//EN"
    "http://www.w3.org/TR/xhtml1/DTD/xhtml1-transitional.dtd">
<html xmlns="http://www.w3.org/1999/xhtml" xml:lang="en" lang="en">
 <head>
  <title>
</title>
<meta http-equiv="Content-Type" content="text/html;charset=utf-8" />
  <meta name='ocr-system' content='tesseract 3.04.00' />
  <meta name='ocr-capabilities' content='ocr_page ocr_carea ocr_par ocr_line ocrx_word'/>
</head>
<body>
  <div class='ocr_page' id='page_1' title='image "./fontesrerumaust00unkngoog_0032.png"; bbox 0 0 3209 5392; ppageno 0'>
   <div class='ocr_carea' id='block_1_1' title="bbox 1322 520 1345 592">
    <p class='ocr_par' dir='ltr' id='par_1_1' title="bbox 1322 520 1345 592">
     <span class='ocr_line' id='line_1_1' title="bbox 1322 520 1345 592; baseline 0 0"><span class='ocrx_word' id='word_1_1' title='bbox 1322 520 1345 592; x_wconf 74' lang='lat' dir='ltr'><strong>b</strong></span> 
     </span>
    </p>
   </div>
   <div class='ocr_carea' id='block_1_2' title="bbox 137 695 1457 4719">
    <p class='ocr_par' dir='ltr' id='par_1_2' title="bbox 143 695 1347 877">
     <span class='ocr_line' id='line_1_2' title="bbox 143 695 1347 783; baseline -0.004 -19"><span class='ocrx_word' id='word_1_2' title='bbox 143 705 203 764; x_wconf 80' lang='lat' dir='ltr'><strong>tam</strong></span> <span class='ocrx_word' id='word_1_3' title='bbox 229 699 261 761; x_wconf 89' lang='lat' dir='ltr'><strong>in</strong></span> <span class='ocrx_word' id='word_1_4' title='bbox 290 697 372 762; x_wconf 88' lang='lat' dir='ltr'><strong>clero</strong></span> <span class='ocrx_word' id='word_1_5' title='bbox 400 715 489 783; x_wconf 87' lang='lat' dir='ltr'><strong>quam</strong></span> <span class='ocrx_word' id='word_1_6' title='bbox 517 702 601 763; x_wconf 81' lang='lat' dir='ltr'><strong>extra</strong></span> <span class='ocrx_word' id='word_1_7' title='bbox 629 697 759 771; x_wconf 87' lang='lat' dir='ltr'><strong>elerum,</strong></span> <span class='ocrx_word' id='word_1_8' title='bbox 788 705 819 762; x_wconf 91' lang='lat' dir='ltr'><strong>et</strong></span> <span class='ocrx_word' id='word_1_9' title='bbox 846 698 994 781; x_wconf 84' lang='lat' dir='ltr'><strong>quomodo</strong></span> <span class='ocrx_word' id='word_1_10' title='bbox 1023 696 1120 760; x_wconf 89' lang='lat' dir='ltr'><strong>eidem</strong></span> <span class='ocrx_word' id='word_1_11' title='bbox 1148 696 1187 761; x_wconf 91' lang='lat' dir='ltr'><strong>ah</strong></span> <span class='ocrx_word' id='word_1_12' title='bbox 1209 695 1347 762; x_wconf 89' lang='lat' dir='ltr'><strong>omnihus</strong></span> 
     </span>
     <span class='ocr_line' id='line_1_3' title="bbox 145 808 900 877; baseline -0.003 -6"><span class='ocrx_word' id='word_1_13' title='bbox 145 808 298 873; x_wconf 78' lang='lat' dir='ltr'>scribitur.</span> <span class='ocrx_word' id='word_1_14' title='bbox 897 872 900 877; x_wconf 61' lang='grc'>,</span> 
     </span>
    </p>

    <p class='ocr_par' dir='ltr' id='par_1_3' title="bbox 139 914 1349 1767">
     <span class='ocr_line' id='line_1_4' title="bbox 234 914 1349 1000; baseline -0.001 -17"><span class='ocrx_word' id='word_1_15' title='bbox 234 916 400 983; x_wconf 76' lang='lat' dir='ltr'><strong>Sciendum</strong></span> <span class='ocrx_word' id='word_1_16' title='bbox 420 914 530 998; x_wconf 81' lang='lat' dir='ltr'><strong>igitur,</strong></span> <span class='ocrx_word' id='word_1_17' title='bbox 549 915 630 1000; x_wconf 90' lang='lat' dir='ltr'><strong>quod</strong></span> <span class='ocrx_word' id='word_1_18' title='bbox 653 916 789 979; x_wconf 91' lang='lat' dir='ltr'><strong>dominus</strong></span> <span class='ocrx_word' id='word_1_19' title='bbox 813 935 891 998; x_wconf 89' lang='lat' dir='ltr'><strong>papa</strong></span> <span class='ocrx_word' id='word_1_20' title='bbox 913 917 1082 999; x_wconf 79' lang='lat' dir='ltr'><strong>cuicunque</strong></span> <span class='ocrx_word' id='word_1_21' title='bbox 1100 916 1213 981; x_wconf 79' lang='lat' dir='ltr'><strong>scribat</strong></span> <span class='ocrx_word' id='word_1_22' title='bbox 1239 937 1349 982; x_wconf 90' lang='lat' dir='ltr'><strong>nomeu</strong></span> 
     </span>
     <span class='ocr_line' id='line_1_5' title="bbox 143 1023 1349 1110; baseline 0 -21"><span class='ocrx_word' id='word_1_23' title='bbox 143 1046 230 1093; x_wconf 87' lang='lat' dir='ltr'><strong>saum</strong></span> <span class='ocrx_word' id='word_1_24' title='bbox 246 1027 393 1110; x_wconf 86' lang='lat' dir='ltr'><strong>premittit</strong></span> <span class='ocrx_word' id='word_1_25' title='bbox 407 1032 437 1089; x_wconf 89' lang='lat' dir='ltr'><strong>et</strong></span> <span class='ocrx_word' id='word_1_26' title='bbox 448 1024 486 1090; x_wconf 92' lang='lat' dir='ltr'><strong>ab</strong></span> <span class='ocrx_word' id='word_1_27' title='bbox 500 1023 637 1089; x_wconf 89' lang='lat' dir='ltr'><strong>omnibus</strong></span> <span class='ocrx_word' id='word_1_28' title='bbox 654 1023 711 1087; x_wconf 92' lang='lat' dir='ltr'><strong>sibi</strong></span> <span class='ocrx_word' id='word_1_29' title='bbox 727 1023 930 1088; x_wconf 73' lang='lat' dir='ltr'><strong>scribentibus</strong></span> <span class='ocrx_word' id='word_1_30' title='bbox 946 1026 1143 1107; x_wconf 89' lang='lat' dir='ltr'><strong>premittitur;</strong></span> <span class='ocrx_word' id='word_1_31' title='bbox 1160 1026 1349 1109; x_wconf 86' lang='lat' dir='ltr'><strong>quiquidem</strong></span> 
     </span>
     <span class='ocr_line' id='line_1_6' title="bbox 144 1133 1348 1206; baseline -0.002 -5"><span class='ocrx_word' id='word_1_32' title='bbox 144 1156 249 1201; x_wconf 89' lang='lat' dir='ltr'><strong>omnes</strong></span> <span class='ocrx_word' id='word_1_33' title='bbox 277 1135 389 1199; x_wconf 87' lang='lat' dir='ltr'><strong>salutat</strong></span> <span class='ocrx_word' id='word_1_34' title='bbox 417 1134 471 1198; x_wconf 90' lang='lat' dir='ltr'><strong>sed</strong></span> <span class='ocrx_word' id='word_1_35' title='bbox 499 1153 516 1197; x_wconf 91' lang='lat' dir='ltr'><strong>a</strong></span> <span class='ocrx_word' id='word_1_36' title='bbox 544 1134 662 1197; x_wconf 91' lang='lat' dir='ltr'><strong>nemine</strong></span> <span class='ocrx_word' id='word_1_37' title='bbox 690 1134 853 1206; x_wconf 85' lang='lat' dir='ltr'><strong>salutatur,</strong></span> <span class='ocrx_word' id='word_1_38' title='bbox 881 1153 949 1197; x_wconf 91' lang='lat' dir='ltr'><strong>cum</strong></span> <span class='ocrx_word' id='word_1_39' title='bbox 977 1134 1005 1197; x_wconf 92' lang='lat' dir='ltr'><strong>ei</strong></span> <span class='ocrx_word' id='word_1_40' title='bbox 1027 1134 1090 1197; x_wconf 88' lang='lat' dir='ltr'><strong>sota</strong></span> <span class='ocrx_word' id='word_1_41' title='bbox 1112 1133 1282 1199; x_wconf 90' lang='lat' dir='ltr'><strong>obedientia</strong></span> <span class='ocrx_word' id='word_1_42' title='bbox 1310 1135 1348 1199; x_wconf 90' lang='lat' dir='ltr'><strong>ab</strong></span> 
     </span>
     <span class='ocr_line' id='line_1_7' title="bbox 143 1242 1348 1326; baseline -0.002 -16"><span class='ocrx_word' id='word_1_43' title='bbox 143 1246 282 1310; x_wconf 89' lang='lat' dir='ltr'><strong>omnibus</strong></span> <span class='ocrx_word' id='word_1_44' title='bbox 305 1243 461 1308; x_wconf 90' lang='lat' dir='ltr'><strong>debeatur.</strong></span> <span class='ocrx_word' id='word_1_45' title='bbox 494 1242 667 1307; x_wconf 81' lang='lat' dir='ltr'><strong>Notandum</strong></span> <span class='ocrx_word' id='word_1_46' title='bbox 690 1243 796 1314; x_wconf 90' lang='lat' dir='ltr'><strong>etiam,</strong></span> <span class='ocrx_word' id='word_1_47' title='bbox 825 1243 905 1326; x_wconf 90' lang='lat' dir='ltr'><strong>quod</strong></span> <span class='ocrx_word' id='word_1_48' title='bbox 927 1243 1046 1305; x_wconf 89' lang='lat' dir='ltr'><strong>nomina</strong></span> <span class='ocrx_word' id='word_1_49' title='bbox 1067 1261 1213 1325; x_wconf 90' lang='lat' dir='ltr'><strong>paparum</strong></span> <span class='ocrx_word' id='word_1_50' title='bbox 1228 1245 1348 1326; x_wconf 80' lang='lat' dir='ltr'><strong>integre</strong></span> 
     </span>
     <span class='ocr_line' id='line_1_8' title="bbox 142 1350 1349 1441; baseline -0.002 -22"><span class='ocrx_word' id='word_1_51' title='bbox 142 1355 234 1420; x_wconf 87' lang='lat' dir='ltr'><strong>scribi</strong></span> <span class='ocrx_word' id='word_1_52' title='bbox 257 1353 372 1419; x_wconf 89' lang='lat' dir='ltr'><strong>habent</strong></span> <span class='ocrx_word' id='word_1_53' title='bbox 388 1354 445 1441; x_wconf 77' lang='lat' dir='ltr'><strong>a),</strong></span> <span class='ocrx_word' id='word_1_54' title='bbox 463 1354 603 1437; x_wconf 89' lang='lat' dir='ltr'><strong>quoniam</strong></span> <span class='ocrx_word' id='word_1_55' title='bbox 623 1354 758 1434; x_wconf 91' lang='lat' dir='ltr'><strong>ipsorum</strong></span> <span class='ocrx_word' id='word_1_56' title='bbox 781 1353 959 1437; x_wconf 86' lang='lat' dir='ltr'><strong>equivocum</strong></span> <span class='ocrx_word' id='word_1_57' title='bbox 982 1350 1169 1434; x_wconf 81' lang='lat' dir='ltr'><strong>significant,</strong></span> <span class='ocrx_word' id='word_1_58' title='bbox 1191 1358 1225 1416; x_wconf 93' lang='lat' dir='ltr'><strong>ut</strong></span> <span class='ocrx_word' id='word_1_59' title='bbox 1246 1359 1349 1417; x_wconf 92' lang='lat' dir='ltr'><strong>osteu-</strong></span> 
     </span>
     <span class='ocr_line' id='line_1_9' title="bbox 142 1460 1348 1546; baseline -0.002 -18"><span class='ocrx_word' id='word_1_60' title='bbox 142 1465 278 1529; x_wconf 89' lang='lat' dir='ltr'><strong>daturin</strong></span> <span class='ocrx_word' id='word_1_61' title='bbox 294 1464 431 1535; x_wconf 79' lang='lat' dir='ltr'><strong>namne,</strong></span> <span class='ocrx_word' id='word_1_62' title='bbox 459 1463 556 1546; x_wconf 84' lang='lat' dir='ltr'><strong>qualis</strong></span> <span class='ocrx_word' id='word_1_63' title='bbox 579 1482 648 1526; x_wconf 90' lang='lat' dir='ltr'><strong>esse</strong></span> <span class='ocrx_word' id='word_1_64' title='bbox 666 1460 777 1535; x_wconf 89' lang='lat' dir='ltr'><strong>debeat</strong></span> <span class='ocrx_word' id='word_1_65' title='bbox 792 1463 822 1524; x_wconf 90' lang='lat' dir='ltr'><strong>in</strong></span> <span class='ocrx_word' id='word_1_66' title='bbox 840 1462 1030 1544; x_wconf 79' lang='lat' dir='ltr'><strong>operatione,</strong></span> <span class='ocrx_word' id='word_1_67' title='bbox 1054 1467 1087 1524; x_wconf 90' lang='lat' dir='ltr'><strong>ut</strong></span> <span class='ocrx_word' id='word_1_68' title='bbox 1101 1462 1293 1525; x_wconf 85' lang='lat' dir='ltr'><strong>innocentius</strong></span> <span class='ocrx_word' id='word_1_69' title='bbox 1310 1461 1348 1525; x_wconf 93' lang='lat' dir='ltr'><strong>ab</strong></span> 
     </span>
     <span class='ocr_line' id='line_1_10' title="bbox 139 1570 1348 1654; baseline -0.004 -15"><span class='ocrx_word' id='word_1_70' title='bbox 139 1575 330 1646; x_wconf 87' lang='lat' dir='ltr'><strong>innocentia,</strong></span> <span class='ocrx_word' id='word_1_71' title='bbox 352 1573 521 1636; x_wconf 81' lang='lat' dir='ltr'><strong>Celestinus</strong></span> <span class='ocrx_word' id='word_1_72' title='bbox 550 1591 567 1635; x_wconf 91' lang='lat' dir='ltr'><strong>a</strong></span> <span class='ocrx_word' id='word_1_73' title='bbox 596 1572 678 1644; x_wconf 86' lang='lat' dir='ltr'><strong>ceto,</strong></span> <span class='ocrx_word' id='word_1_74' title='bbox 701 1570 868 1652; x_wconf 82' lang='lat' dir='ltr'><strong>Gregorius</strong></span> <span class='ocrx_word' id='word_1_75' title='bbox 895 1589 911 1633; x_wconf 94' lang='lat' dir='ltr'><strong>a</strong></span> <span class='ocrx_word' id='word_1_76' title='bbox 935 1588 1047 1651; x_wconf 81' lang='lat' dir='ltr'><strong>grege,</strong></span> <span class='ocrx_word' id='word_1_77' title='bbox 1076 1570 1155 1654; x_wconf 91' lang='lat' dir='ltr'><strong>quod</strong></span> <span class='ocrx_word' id='word_1_78' title='bbox 1184 1570 1222 1634; x_wconf 91' lang='lat' dir='ltr'><strong>sit</strong></span> <span class='ocrx_word' id='word_1_79' title='bbox 1250 1571 1348 1634; x_wconf 83' lang='lat' dir='ltr'><strong>ovium</strong></span> 
     </span>
     <span class='ocr_line' id='line_1_11' title="bbox 139 1680 512 1767; baseline -0.011 -18"><span class='ocrx_word' id='word_1_80' title='bbox 139 1690 257 1767; x_wconf 89' lang='lat' dir='ltr'><strong>pastor,</strong></span> <span class='ocrx_word' id='word_1_81' title='bbox 274 1689 305 1748; x_wconf 92' lang='lat' dir='ltr'><strong>ct</strong></span> <span class='ocrx_word' id='word_1_82' title='bbox 320 1683 370 1746; x_wconf 89' lang='lat' dir='ltr'><strong>sic</strong></span> <span class='ocrx_word' id='word_1_83' title='bbox 382 1680 420 1745; x_wconf 92' lang='lat' dir='ltr'><strong>de</strong></span> <span class='ocrx_word' id='word_1_84' title='bbox 433 1681 512 1746; x_wconf 86' lang='lat' dir='ltr'><strong>aliis.</strong></span> 
     </span>
    </p>

    <p class='ocr_par' dir='ltr' id='par_1_4' title="bbox 137 1790 1443 2185">
     <span class='ocr_line' id='line_1_12' title="bbox 231 1790 1349 1880; baseline -0.003 -22"><span class='ocrx_word' id='word_1_85' title='bbox 231 1792 289 1858; x_wconf 80' lang='lat' dir='ltr'><strong>Sic</strong></span> <span class='ocrx_word' id='word_1_86' title='bbox 303 1794 425 1858; x_wconf 85' lang='lat' dir='ltr'><strong>ealatat</strong></span> <span class='ocrx_word' id='word_1_87' title='bbox 437 1790 659 1880; x_wconf 78' lang='lat' dir='ltr'><strong>patriarchas.</strong></span> <span class='ocrx_word' id='word_1_88' title='bbox 693 1790 850 1872; x_wconf 82' lang='lat' dir='ltr'><strong>Eugenius</strong></span> <span class='ocrx_word' id='word_1_89' title='bbox 867 1794 1046 1870; x_wconf 89' lang='lat' dir='ltr'><strong>episcopus,</strong></span> <span class='ocrx_word' id='word_1_90' title='bbox 1071 1808 1176 1854; x_wconf 82' lang='lat' dir='ltr'><strong>servus</strong></span> <span class='ocrx_word' id='word_1_91' title='bbox 1193 1809 1349 1855; x_wconf 84' lang='lat' dir='ltr'><strong>servorum</strong></span> 
     </span>
     <span class='ocr_line' id='line_1_13' title="bbox 138 1897 1350 1980; baseline -0.002 -14"><span class='ocrx_word' id='word_1_92' title='bbox 138 1902 207 1974; x_wconf 82' lang='lat' dir='ltr'><strong>hei,</strong></span> <span class='ocrx_word' id='word_1_93' title='bbox 220 1921 290 1964; x_wconf 88' lang='lat' dir='ltr'><strong>ven.</strong></span> <span class='ocrx_word' id='word_1_94' title='bbox 304 1900 462 1964; x_wconf 86' lang='lat' dir='ltr'><strong>inChristo</strong></span> <span class='ocrx_word' id='word_1_95' title='bbox 479 1900 576 1971; x_wconf 84' lang='lat' dir='ltr'><strong>fratri,</strong></span> <span class='ocrx_word' id='word_1_96' title='bbox 592 1898 842 1963; x_wconf 87' lang='lat' dir='ltr'><strong>lerosalcmitano</strong></span> <span class='ocrx_word' id='word_1_97' title='bbox 859 1897 1031 1980; x_wconf 81' lang='lat' dir='ltr'><strong>patriarche</strong></span> <span class='ocrx_word' id='word_1_98' title='bbox 1045 1898 1171 1962; x_wconf 83' lang='lat' dir='ltr'><strong>satutem</strong></span> <span class='ocrx_word' id='word_1_99' title='bbox 1184 1904 1214 1962; x_wconf 91' lang='lat' dir='ltr'><strong>et</strong></span> <span class='ocrx_word' id='word_1_100' title='bbox 1227 1905 1350 1980; x_wconf 91' lang='lat' dir='ltr'><strong>aposto-</strong></span> 
     </span>
     <span class='ocr_line' id='line_1_14' title="bbox 137 2006 1443 2092; baseline -0.004 -16"><span class='ocrx_word' id='word_1_101' title='bbox 137 2012 232 2076; x_wconf 88' lang='lat' dir='ltr'><strong>licam</strong></span> <span class='ocrx_word' id='word_1_102' title='bbox 256 2008 517 2082; x_wconf 67' lang='lat' dir='ltr'><strong>benedictionem</strong></span> <span class='ocrx_word' id='word_1_103' title='bbox 542 2009 587 2072; x_wconf 91' lang='lat' dir='ltr'><strong>sic</strong></span> <span class='ocrx_word' id='word_1_104' title='bbox 611 2009 722 2073; x_wconf 83' lang='lat' dir='ltr'><strong>salutat</strong></span> <span class='ocrx_word' id='word_1_105' title='bbox 738 2027 842 2071; x_wconf 89' lang='lat' dir='ltr'><strong>omues</strong></span> <span class='ocrx_word' id='word_1_106' title='bbox 859 2006 1048 2089; x_wconf 89' lang='lat' dir='ltr'><strong>patriarchas</strong></span> <span class='ocrx_word' id='word_1_107' title='bbox 1066 2007 1274 2092; x_wconf 89' lang='lat' dir='ltr'><strong>cuiuscunque</strong></span> <span class='ocrx_word' id='word_1_108' title='bbox 1290 2009 1351 2072; x_wconf 90' lang='lat' dir='ltr'><strong>sint</strong></span> <span class='ocrx_word' id='word_1_109' title='bbox 1441 2050 1443 2055; x_wconf 68' lang='lat'><strong>,</strong></span> 
     </span>
     <span class='ocr_line' id='line_1_15' title="bbox 141 2120 232 2185; baseline -0.033 0"><span class='ocrx_word' id='word_1_110' title='bbox 141 2120 232 2185; x_wconf 83' lang='lat' dir='ltr'><strong>tituli.</strong></span> 
     </span>
    </p>

    <p class='ocr_par' dir='ltr' id='par_1_5' title="bbox 139 2225 1457 2631">
     <span class='ocr_line' id='line_1_16' title="bbox 234 2225 1457 2315; baseline -0.002 -22"><span class='ocrx_word' id='word_1_111' title='bbox 234 2228 333 2293; x_wconf 81' lang='lat' dir='ltr'><strong>Sedis</strong></span> <span class='ocrx_word' id='word_1_112' title='bbox 354 2228 532 2314; x_wconf 81' lang='lat' dir='ltr'><strong>apostolice</strong></span> <span class='ocrx_word' id='word_1_113' title='bbox 554 2229 680 2315; x_wconf 77' lang='lat' dir='ltr'><strong>lepatos</strong></span> <span class='ocrx_word' id='word_1_114' title='bbox 701 2228 750 2292; x_wconf 85' lang='lat' dir='ltr'><strong>sic</strong></span> <span class='ocrx_word' id='word_1_115' title='bbox 777 2229 918 2292; x_wconf 83' lang='lat' dir='ltr'><strong>salutat:</strong></span> <span class='ocrx_word' id='word_1_116' title='bbox 948 2225 1104 2308; x_wconf 82' lang='lat' dir='ltr'><strong>Eugenius</strong></span> <span class='ocrx_word' id='word_1_117' title='bbox 1132 2230 1191 2289; x_wconf 87' lang='lat' dir='ltr'><strong>etc.</strong></span> <span class='ocrx_word' id='word_1_118' title='bbox 1220 2246 1288 2290; x_wconf 85' lang='lat' dir='ltr'><strong>reu.</strong></span> <span class='ocrx_word' id='word_1_119' title='bbox 1317 2228 1457 2294; x_wconf 66' lang='lat' dir='ltr'><strong>inraso..</strong></span> 
     </span>
     <span class='ocr_line' id='line_1_17' title="bbox 140 2316 1392 2418; baseline -0.001 -18"><span class='ocrx_word' id='word_1_120' title='bbox 140 2337 262 2400; x_wconf 81' lang='lat' dir='ltr'><strong>Christo</strong></span> <span class='ocrx_word' id='word_1_121' title='bbox 278 2335 365 2399; x_wconf 88' lang='lat' dir='ltr'><strong>fratri</strong></span> <span class='ocrx_word' id='word_1_122' title='bbox 381 2336 533 2398; x_wconf 91' lang='lat' dir='ltr'><strong>Hostieusi</strong></span> <span class='ocrx_word' id='word_1_123' title='bbox 550 2336 695 2418; x_wconf 92' lang='lat' dir='ltr'><strong>episcopo</strong></span> <span class='ocrx_word' id='word_1_124' title='bbox 713 2341 743 2399; x_wconf 92' lang='lat' dir='ltr'><strong>et</strong></span> <span class='ocrx_word' id='word_1_125' title='bbox 764 2335 930 2418; x_wconf 89' lang='lat' dir='ltr'><strong>apostolice</strong></span> <span class='ocrx_word' id='word_1_126' title='bbox 947 2336 1029 2398; x_wconf 89' lang='lat' dir='ltr'><strong>sedis</strong></span> <span class='ocrx_word' id='word_1_127' title='bbox 1050 2335 1151 2416; x_wconf 83' lang='lat' dir='ltr'><strong>legato</strong></span> <span class='ocrx_word' id='word_1_128' title='bbox 1174 2335 1350 2400; x_wconf 89' lang='lat' dir='ltr'><strong>salutemet</strong></span> <span class='ocrx_word' id='word_1_129' title='bbox 1387 2316 1392 2325; x_wconf 45' lang='lat'><strong>⁴</strong></span> 
     </span>
     <span class='ocr_line' id='line_1_18' title="bbox 139 2443 1348 2529; baseline -0.002 -19"><span class='ocrx_word' id='word_1_130' title='bbox 139 2446 338 2529; x_wconf 87' lang='lat' dir='ltr'><strong>apostolicam</strong></span> <span class='ocrx_word' id='word_1_131' title='bbox 359 2444 618 2515; x_wconf 65' lang='lat' dir='ltr'><strong>benedictionem</strong></span> <span class='ocrx_word' id='word_1_132' title='bbox 644 2445 689 2508; x_wconf 93' lang='lat' dir='ltr'><strong>sic</strong></span> <span class='ocrx_word' id='word_1_133' title='bbox 713 2443 850 2510; x_wconf 89' lang='lat' dir='ltr'><strong>scribunt</strong></span> <span class='ocrx_word' id='word_1_134' title='bbox 872 2444 1009 2508; x_wconf 89' lang='lat' dir='ltr'><strong>omnihus</strong></span> <span class='ocrx_word' id='word_1_135' title='bbox 1032 2444 1142 2526; x_wconf 80' lang='lat' dir='ltr'><strong>legatis</strong></span> <span class='ocrx_word' id='word_1_136' title='bbox 1158 2443 1348 2508; x_wconf 84' lang='lat' dir='ltr'><strong>venientibus</strong></span> 
     </span>
     <span class='ocr_line' id='line_1_19' title="bbox 142 2554 563 2631; baseline -0.007 -13"><span class='ocrx_word' id='word_1_137' title='bbox 142 2555 271 2619; x_wconf 85' lang='lat' dir='ltr'><strong>alatere</strong></span> <span class='ocrx_word' id='word_1_138' title='bbox 289 2554 372 2619; x_wconf 87' lang='lat' dir='ltr'><strong>curie</strong></span> <span class='ocrx_word' id='word_1_139' title='bbox 389 2556 531 2631; x_wconf 81' lang='lat' dir='ltr'><strong>Romane.</strong></span> <span class='ocrx_word' id='word_1_140' title='bbox 559 2574 563 2581; x_wconf 75' lang='grc'><strong>’</strong></span> 
     </span>
    </p>

    <p class='ocr_par' dir='ltr' id='par_1_6' title="bbox 143 2660 1347 2855">
     <span class='ocr_line' id='line_1_20' title="bbox 231 2660 1347 2750; baseline -0.004 -20"><span class='ocrx_word' id='word_1_141' title='bbox 231 2663 290 2730; x_wconf 85' lang='lat' dir='ltr'><strong>Sic</strong></span> <span class='ocrx_word' id='word_1_142' title='bbox 305 2665 428 2730; x_wconf 80' lang='lat' dir='ltr'><strong>salutat</strong></span> <span class='ocrx_word' id='word_1_143' title='bbox 439 2663 619 2750; x_wconf 82' lang='lat' dir='ltr'><strong>primates:</strong></span> <span class='ocrx_word' id='word_1_144' title='bbox 634 2662 808 2744; x_wconf 73' lang='lat' dir='ltr'><strong>Rogemus,</strong></span> <span class='ocrx_word' id='word_1_145' title='bbox 824 2670 983 2745; x_wconf 89' lang='lat' dir='ltr'><strong>utsupra,</strong></span> <span class='ocrx_word' id='word_1_146' title='bbox 999 2681 1066 2725; x_wconf 84' lang='lat' dir='ltr'><strong>ven.</strong></span> <span class='ocrx_word' id='word_1_147' title='bbox 1084 2662 1115 2725; x_wconf 91' lang='lat' dir='ltr'><strong>in</strong></span> <span class='ocrx_word' id='word_1_148' title='bbox 1132 2661 1251 2728; x_wconf 83' lang='lat' dir='ltr'><strong>Christo</strong></span> <span class='ocrx_word' id='word_1_149' title='bbox 1269 2660 1347 2726; x_wconf 87' lang='lat' dir='ltr'><strong>Gra-</strong></span> 
     </span>
     <span class='ocr_line' id='line_1_21' title="bbox 143 2749 1094 2855; baseline -0.002 -19"><span class='ocrx_word' id='word_1_150' title='bbox 143 2772 227 2836; x_wconf 90' lang='lat' dir='ltr'><strong>densi</strong></span> <span class='ocrx_word' id='word_1_151' title='bbox 244 2773 364 2855; x_wconf 86' lang='lat' dir='ltr'><strong>primati</strong></span> <span class='ocrx_word' id='word_1_152' title='bbox 381 2773 508 2836; x_wconf 86' lang='lat' dir='ltr'><strong>salutem</strong></span> <span class='ocrx_word' id='word_1_153' title='bbox 525 2778 674 2855; x_wconf 90' lang='lat' dir='ltr'><strong>utsupra.</strong></span> <span class='ocrx_word' id='word_1_154' title='bbox 1091 2749 1094 2756; x_wconf 35' lang='grc'><em>’</em></span> 
     </span>
    </p>

    <p class='ocr_par' dir='ltr' id='par_1_7' title="bbox 141 2881 1348 3294">
     <span class='ocr_line' id='line_1_22' title="bbox 231 2881 1346 2962; baseline -0.004 -15"><span class='ocrx_word' id='word_1_155' title='bbox 231 2883 434 2948; x_wconf 80' lang='lat' dir='ltr'><strong>Presbiteros</strong></span> <span class='ocrx_word' id='word_1_156' title='bbox 450 2883 637 2948; x_wconf 74' lang='lat' dir='ltr'><strong>cardinales</strong></span> <span class='ocrx_word' id='word_1_157' title='bbox 652 2883 807 2947; x_wconf 82' lang='lat' dir='ltr'><strong>habentes</strong></span> <span class='ocrx_word' id='word_1_158' title='bbox 822 2881 937 2948; x_wconf 78' lang='lat' dir='ltr'><strong>titalos</strong></span> <span class='ocrx_word' id='word_1_159' title='bbox 958 2883 1006 2948; x_wconf 83' lang='lat' dir='ltr'><strong>sio</strong></span> <span class='ocrx_word' id='word_1_160' title='bbox 1026 2883 1157 2950; x_wconf 86' lang='lat' dir='ltr'><strong>salatat.</strong></span> <span class='ocrx_word' id='word_1_161' title='bbox 1190 2881 1346 2962; x_wconf 82' lang='lat' dir='ltr'><strong>Eugenius</strong></span> 
     </span>
     <span class='ocr_line' id='line_1_23' title="bbox 143 2989 1348 3074; baseline -0.002 -17"><span class='ocrx_word' id='word_1_162' title='bbox 143 2996 182 3057; x_wconf 77' lang='lat' dir='ltr'><strong>ut¹</strong></span> <span class='ocrx_word' id='word_1_163' title='bbox 198 3011 300 3074; x_wconf 84' lang='lat' dir='ltr'><strong>supra.</strong></span> <span class='ocrx_word' id='word_1_164' title='bbox 329 3011 396 3054; x_wconf 84' lang='lat' dir='ltr'><strong>ven.</strong></span> <span class='ocrx_word' id='word_1_165' title='bbox 425 2991 456 3053; x_wconf 90' lang='lat' dir='ltr'><strong>iu</strong></span> <span class='ocrx_word' id='word_1_166' title='bbox 480 2990 604 3054; x_wconf 81' lang='lat' dir='ltr'><strong>Christo</strong></span> <span class='ocrx_word' id='word_1_167' title='bbox 631 2991 718 3055; x_wconf 86' lang='lat' dir='ltr'><strong>fratri</strong></span> <span class='ocrx_word' id='word_1_168' title='bbox 744 2989 928 3055; x_wconf 89' lang='lat' dir='ltr'><strong>Viterbicusi</strong></span> <span class='ocrx_word' id='word_1_169' title='bbox 957 2992 1118 3074; x_wconf 88' lang='lat' dir='ltr'><strong>episcopo,</strong></span> <span class='ocrx_word' id='word_1_170' title='bbox 1144 2991 1222 3054; x_wconf 88' lang='lat' dir='ltr'><strong>tituli</strong></span> <span class='ocrx_word' id='word_1_171' title='bbox 1250 2991 1348 3054; x_wconf 89' lang='lat' dir='ltr'><strong>sancti</strong></span> 
     </span>
     <span class='ocr_line' id='line_1_24' title="bbox 144 3098 1348 3184; baseline -0.002 -18"><span class='ocrx_word' id='word_1_172' title='bbox 144 3102 317 3173; x_wconf 86' lang='lat' dir='ltr'><strong>Clementis,</strong></span> <span class='ocrx_word' id='word_1_173' title='bbox 333 3100 503 3184; x_wconf 86' lang='lat' dir='ltr'><strong>presbitero</strong></span> <span class='ocrx_word' id='word_1_174' title='bbox 521 3099 665 3163; x_wconf 83' lang='lat' dir='ltr'><strong>cardinali</strong></span> <span class='ocrx_word' id='word_1_175' title='bbox 681 3100 735 3162; x_wconf 90' lang='lat' dir='ltr'><strong>sal.</strong></span> <span class='ocrx_word' id='word_1_176' title='bbox 754 3106 785 3163; x_wconf 92' lang='lat' dir='ltr'><strong>et</strong></span> <span class='ocrx_word' id='word_1_177' title='bbox 806 3118 854 3181; x_wconf 88' lang='lat' dir='ltr'><strong>ap.</strong></span> <span class='ocrx_word' id='word_1_178' title='bbox 872 3100 1000 3171; x_wconf 89' lang='lat' dir='ltr'><strong>bened.;</strong></span> <span class='ocrx_word' id='word_1_179' title='bbox 1025 3101 1070 3163; x_wconf 91' lang='lat' dir='ltr'><strong>sic</strong></span> <span class='ocrx_word' id='word_1_180' title='bbox 1087 3098 1193 3164; x_wconf 88' lang='lat' dir='ltr'><strong>scribit</strong></span> <span class='ocrx_word' id='word_1_181' title='bbox 1209 3099 1348 3163; x_wconf 89' lang='lat' dir='ltr'><strong>cardina-</strong></span> 
     </span>
     <span class='ocr_line' id='line_1_25' title="bbox 141 3207 1301 3294; baseline -0.003 -19"><span class='ocrx_word' id='word_1_182' title='bbox 141 3211 217 3276; x_wconf 87' lang='lat' dir='ltr'><strong>libus</strong></span> <span class='ocrx_word' id='word_1_183' title='bbox 234 3209 423 3294; x_wconf 89' lang='lat' dir='ltr'><strong>presbiteris,</strong></span> <span class='ocrx_word' id='word_1_184' title='bbox 439 3207 621 3274; x_wconf 88' lang='lat' dir='ltr'><strong>habentibus</strong></span> <span class='ocrx_word' id='word_1_185' title='bbox 636 3210 754 3273; x_wconf 90' lang='lat' dir='ltr'><strong>titulum</strong></span> <span class='ocrx_word' id='word_1_186' title='bbox 771 3210 828 3280; x_wconf 89' lang='lat' dir='ltr'><strong>sui,</strong></span> <span class='ocrx_word' id='word_1_187' title='bbox 845 3209 908 3272; x_wconf 84' lang='lat' dir='ltr'><strong>sive</strong></span> <span class='ocrx_word' id='word_1_188' title='bbox 926 3209 985 3274; x_wconf 90' lang='lat' dir='ltr'><strong>siut</strong></span> <span class='ocrx_word' id='word_1_189' title='bbox 1001 3210 1136 3293; x_wconf 88' lang='lat' dir='ltr'><strong>episcopi</strong></span> <span class='ocrx_word' id='word_1_190' title='bbox 1152 3210 1216 3272; x_wconf 83' lang='lat' dir='ltr'><strong>sive</strong></span> <span class='ocrx_word' id='word_1_191' title='bbox 1232 3229 1301 3272; x_wconf 90' lang='lat' dir='ltr'><strong>nou.</strong></span> 
     </span>
    </p>

    <p class='ocr_par' dir='ltr' id='par_1_8' title="bbox 145 3319 1349 3604">
     <span class='ocr_line' id='line_1_26' title="bbox 232 3319 1348 3402; baseline -0.006 -14"><span class='ocrx_word' id='word_1_192' title='bbox 232 3323 395 3388; x_wconf 81' lang='lat' dir='ltr'><strong>Habentes</strong></span> <span class='ocrx_word' id='word_1_193' title='bbox 421 3321 549 3387; x_wconf 81' lang='lat' dir='ltr'><strong>titulum</strong></span> <span class='ocrx_word' id='word_1_194' title='bbox 576 3322 700 3386; x_wconf 85' lang='lat' dir='ltr'><strong>nattam</strong></span> <span class='ocrx_word' id='word_1_195' title='bbox 727 3320 776 3384; x_wconf 83' lang='lat' dir='ltr'><strong>sic</strong></span> <span class='ocrx_word' id='word_1_196' title='bbox 808 3320 948 3385; x_wconf 82' lang='lat' dir='ltr'><strong>salutat:</strong></span> <span class='ocrx_word' id='word_1_197' title='bbox 977 3319 1133 3402; x_wconf 84' lang='lat' dir='ltr'><strong>Eugenius</strong></span> <span class='ocrx_word' id='word_1_198' title='bbox 1156 3326 1214 3384; x_wconf 90' lang='lat' dir='ltr'><strong>etc.</strong></span> <span class='ocrx_word' id='word_1_199' title='bbox 1239 3319 1348 3384; x_wconf 89' lang='lat' dir='ltr'><strong>dilecto</strong></span> 
     </span>
     <span class='ocr_line' id='line_1_27' title="bbox 145 3427 1349 3511; baseline -0.001 -19"><span class='ocrx_word' id='word_1_200' title='bbox 145 3431 175 3492; x_wconf 92' lang='lat' dir='ltr'><strong>in</strong></span> <span class='ocrx_word' id='word_1_201' title='bbox 205 3429 327 3504; x_wconf 84' lang='lat' dir='ltr'><strong>Christo</strong></span> <span class='ocrx_word' id='word_1_202' title='bbox 353 3428 430 3500; x_wconf 87' lang='lat' dir='ltr'><strong>filio,</strong></span> <span class='ocrx_word' id='word_1_203' title='bbox 458 3429 526 3493; x_wconf 92' lang='lat' dir='ltr'><strong>talis</strong></span> <span class='ocrx_word' id='word_1_204' title='bbox 554 3427 612 3490; x_wconf 92' lang='lat' dir='ltr'><strong>loci</strong></span> <span class='ocrx_word' id='word_1_205' title='bbox 642 3428 784 3509; x_wconf 88' lang='lat' dir='ltr'><strong>episcopo</strong></span> <span class='ocrx_word' id='word_1_206' title='bbox 814 3434 845 3491; x_wconf 91' lang='lat' dir='ltr'><strong>et</strong></span> <span class='ocrx_word' id='word_1_207' title='bbox 872 3434 977 3492; x_wconf 90' lang='lat' dir='ltr'><strong>sancte</strong></span> <span class='ocrx_word' id='word_1_208' title='bbox 1014 3427 1148 3491; x_wconf 86' lang='lat' dir='ltr'><strong>ecclesie¹</strong></span> <span class='ocrx_word' id='word_1_209' title='bbox 1179 3429 1349 3511; x_wconf 86' lang='lat' dir='ltr'><strong>presbitero</strong></span> 
     </span>
     <span class='ocr_line' id='line_1_28' title="bbox 148 3541 354 3604; baseline -0.01 -2"><span class='ocrx_word' id='word_1_210' title='bbox 148 3541 276 3604; x_wconf 92' lang='lat' dir='ltr'><strong>salutem</strong></span> <span class='ocrx_word' id='word_1_211' title='bbox 296 3544 354 3601; x_wconf 89' lang='lat' dir='ltr'><strong>etc.</strong></span> 
     </span>
    </p>

    <p class='ocr_par' dir='ltr' id='par_1_9' title="bbox 144 3636 1449 4719">
     <span class='ocr_line' id='line_1_29' title="bbox 174 3636 1351 3730; baseline -0.002 -19"><span class='ocrx_word' id='word_1_212' title='bbox 174 3688 182 3703; x_wconf 66' lang='lat'>=</span> <span class='ocrx_word' id='word_1_213' title='bbox 235 3648 315 3711; x_wconf 90' lang='lat' dir='ltr'><strong>Nota</strong></span> <span class='ocrx_word' id='word_1_214' title='bbox 342 3648 451 3730; x_wconf 82' lang='lat' dir='ltr'><strong>igitur,</strong></span> <span class='ocrx_word' id='word_1_215' title='bbox 480 3647 560 3730; x_wconf 91' lang='lat' dir='ltr'><strong>quod</strong></span> <span class='ocrx_word' id='word_1_216' title='bbox 585 3646 721 3710; x_wconf 90' lang='lat' dir='ltr'><strong>dominus</strong></span> <span class='ocrx_word' id='word_1_217' title='bbox 750 3666 828 3729; x_wconf 89' lang='lat' dir='ltr'><strong>papa</strong></span> <span class='ocrx_word' id='word_1_218' title='bbox 845 3648 957 3710; x_wconf 88' lang='lat' dir='ltr'><strong>nullum</strong></span> <span class='ocrx_word' id='word_1_219' title='bbox 984 3636 1115 3729; x_wconf 85' lang='lat' dir='ltr'><strong>appellat</strong></span> <span class='ocrx_word' id='word_1_220' title='bbox 1142 3648 1266 3711; x_wconf 81' lang='lat' dir='ltr'><strong>tratrem</strong></span> <span class='ocrx_word' id='word_1_221' title='bbox 1294 3648 1351 3710; x_wconf 92' lang='lat' dir='ltr'><strong>nisi</strong></span> 
     </span>
     <span class='ocr_line' id='line_1_30' title="bbox 145 3755 1351 3843; baseline -0.003 -19"><span class='ocrx_word' id='word_1_222' title='bbox 145 3758 345 3843; x_wconf 90' lang='lat' dir='ltr'><strong>patriarchas,</strong></span> <span class='ocrx_word' id='word_1_223' title='bbox 362 3757 517 3839; x_wconf 92' lang='lat' dir='ltr'><strong>primates,</strong></span> <span class='ocrx_word' id='word_1_224' title='bbox 535 3755 716 3828; x_wconf 89' lang='lat' dir='ltr'><strong>cardinales,</strong></span> <span class='ocrx_word' id='word_1_225' title='bbox 731 3756 991 3839; x_wconf 88' lang='lat' dir='ltr'><strong>archiepiscopos,</strong></span> <span class='ocrx_word' id='word_1_226' title='bbox 1008 3757 1168 3839; x_wconf 93' lang='lat' dir='ltr'><strong>episcopos</strong></span> <span class='ocrx_word' id='word_1_227' title='bbox 1186 3762 1217 3819; x_wconf 93' lang='lat' dir='ltr'><strong>et</strong></span> <span class='ocrx_word' id='word_1_228' title='bbox 1231 3757 1351 3838; x_wconf 82' lang='lat' dir='ltr'><strong>regales</strong></span> 
     </span>
     <span class='ocr_line' id='line_1_31' title="bbox 144 3865 1351 3948; baseline -0.003 -15"><span class='ocrx_word' id='word_1_229' title='bbox 144 3869 289 3938; x_wconf 91' lang='lat' dir='ltr'><strong>abbates;</strong></span> <span class='ocrx_word' id='word_1_230' title='bbox 306 3886 410 3929; x_wconf 92' lang='lat' dir='ltr'><strong>omnes</strong></span> <span class='ocrx_word' id='word_1_231' title='bbox 423 3866 496 3928; x_wconf 87' lang='lat' dir='ltr'><strong>alios</strong></span> <span class='ocrx_word' id='word_1_232' title='bbox 514 3865 722 3948; x_wconf 88' lang='lat' dir='ltr'><strong>cuiuscunque</strong></span> <span class='ocrx_word' id='word_1_233' title='bbox 739 3866 918 3929; x_wconf 89' lang='lat' dir='ltr'><strong>conditionis</strong></span> <span class='ocrx_word' id='word_1_234' title='bbox 936 3887 991 3930; x_wconf 91' lang='lat' dir='ltr'><strong>seu</strong></span> <span class='ocrx_word' id='word_1_235' title='bbox 1009 3866 1174 3947; x_wconf 80' lang='lat' dir='ltr'><strong>dignitatis,</strong></span> <span class='ocrx_word' id='word_1_236' title='bbox 1192 3865 1351 3929; x_wconf 92' lang='lat' dir='ltr'><strong>dummodo</strong></span> 
     </span>
     <span class='ocr_line' id='line_1_32' title="bbox 145 3956 1449 4045; baseline -0.002 -4"><span class='ocrx_word' id='word_1_237' title='bbox 145 3980 204 4042; x_wconf 90' lang='lat' dir='ltr'><strong>sint</strong></span> <span class='ocrx_word' id='word_1_238' title='bbox 220 3977 258 4041; x_wconf 92' lang='lat' dir='ltr'><strong>de</strong></span> <span class='ocrx_word' id='word_1_239' title='bbox 275 3994 400 4040; x_wconf 88' lang='lat' dir='ltr'><strong>numero</strong></span> <span class='ocrx_word' id='word_1_240' title='bbox 416 3974 674 4045; x_wconf 82' lang='lat' dir='ltr'><strong>Christianorum,</strong></span> <span class='ocrx_word' id='word_1_241' title='bbox 697 3974 754 4036; x_wconf 92' lang='lat' dir='ltr'><strong>uisi</strong></span> <span class='ocrx_word' id='word_1_242' title='bbox 776 3975 869 4038; x_wconf 88' lang='lat' dir='ltr'><strong>luerit</strong></span> <span class='ocrx_word' id='word_1_243' title='bbox 884 3975 1064 4039; x_wconf 89' lang='lat' dir='ltr'><strong>interdictus</strong></span> <span class='ocrx_word' id='word_1_244' title='bbox 1081 3981 1133 4039; x_wconf 91' lang='lat' dir='ltr'><strong>aut</strong></span> <span class='ocrx_word' id='word_1_245' title='bbox 1149 3976 1353 4039; x_wconf 84' lang='lat' dir='ltr'><strong>excommuni-</strong></span> <span class='ocrx_word' id='word_1_246' title='bbox 1447 3956 1449 3959; x_wconf 27' lang='lat'>⁵</span> 
     </span>
     <span class='ocr_line' id='line_1_33' title="bbox 147 4081 1350 4168; baseline -0.004 -16"><span class='ocrx_word' id='word_1_247' title='bbox 147 4093 244 4160; x_wconf 91' lang='lat' dir='ltr'><strong>catus,</strong></span> <span class='ocrx_word' id='word_1_248' title='bbox 256 4084 390 4168; x_wconf 87' lang='lat' dir='ltr'><strong>appellat</strong></span> <span class='ocrx_word' id='word_1_249' title='bbox 402 4083 529 4147; x_wconf 88' lang='lat' dir='ltr'><strong>dilectos</strong></span> <span class='ocrx_word' id='word_1_250' title='bbox 541 4084 571 4145; x_wconf 92' lang='lat' dir='ltr'><strong>iu</strong></span> <span class='ocrx_word' id='word_1_251' title='bbox 579 4082 699 4147; x_wconf 85' lang='lat' dir='ltr'><strong>Christo</strong></span> <span class='ocrx_word' id='word_1_252' title='bbox 712 4081 799 4157; x_wconf 84' lang='lat' dir='ltr'><strong>tilios,</strong></span> <span class='ocrx_word' id='word_1_253' title='bbox 815 4090 845 4148; x_wconf 91' lang='lat' dir='ltr'><strong>et</strong></span> <span class='ocrx_word' id='word_1_254' title='bbox 860 4084 919 4147; x_wconf 95' lang='lat' dir='ltr'><strong>hoc</strong></span> <span class='ocrx_word' id='word_1_255' title='bbox 934 4084 965 4147; x_wconf 92' lang='lat' dir='ltr'><strong>in</strong></span> <span class='ocrx_word' id='word_1_256' title='bbox 982 4084 1063 4146; x_wconf 93' lang='lat' dir='ltr'><strong>clero</strong></span> <span class='ocrx_word' id='word_1_257' title='bbox 1081 4091 1111 4148; x_wconf 91' lang='lat' dir='ltr'><strong>et</strong></span> <span class='ocrx_word' id='word_1_258' title='bbox 1128 4089 1211 4148; x_wconf 84' lang='lat' dir='ltr'><strong>extra</strong></span> <span class='ocrx_word' id='word_1_259' title='bbox 1227 4083 1350 4148; x_wconf 87' lang='lat' dir='ltr'><strong>clerum.</strong></span> 
     </span>
     <span class='ocr_line' id='line_1_34' title="bbox 144 4191 1353 4277; baseline -0.002 -17"><span class='ocrx_word' id='word_1_260' title='bbox 144 4235 187 4248; x_wconf 91' lang='lat'>-</span> <span class='ocrx_word' id='word_1_261' title='bbox 203 4197 284 4260; x_wconf 88' lang='lat' dir='ltr'><strong>Nota</strong></span> <span class='ocrx_word' id='word_1_262' title='bbox 306 4195 414 4265; x_wconf 89' lang='lat' dir='ltr'><strong>etiam,</strong></span> <span class='ocrx_word' id='word_1_263' title='bbox 442 4193 524 4277; x_wconf 87' lang='lat' dir='ltr'><strong>quod</strong></span> <span class='ocrx_word' id='word_1_264' title='bbox 552 4191 733 4276; x_wconf 91' lang='lat' dir='ltr'><strong>quandoque</strong></span> <span class='ocrx_word' id='word_1_265' title='bbox 755 4212 835 4275; x_wconf 90' lang='lat' dir='ltr'><strong>papa</strong></span> <span class='ocrx_word' id='word_1_266' title='bbox 858 4193 964 4258; x_wconf 89' lang='lat' dir='ltr'><strong>scribit</strong></span> <span class='ocrx_word' id='word_1_267' title='bbox 986 4192 1104 4257; x_wconf 91' lang='lat' dir='ltr'><strong>duabus</strong></span> <span class='ocrx_word' id='word_1_268' title='bbox 1133 4193 1353 4257; x_wconf 88' lang='lat' dir='ltr'><strong>ecclesiasticis</strong></span> 
     </span>
     <span class='ocr_line' id='line_1_35' title="bbox 145 4300 1353 4388; baseline -0.002 -19"><span class='ocrx_word' id='word_1_269' title='bbox 145 4306 282 4388; x_wconf 90' lang='lat' dir='ltr'><strong>personis</strong></span> <span class='ocrx_word' id='word_1_270' title='bbox 298 4305 330 4366; x_wconf 91' lang='lat' dir='ltr'><strong>in</strong></span> <span class='ocrx_word' id='word_1_271' title='bbox 346 4302 493 4386; x_wconf 83' lang='lat' dir='ltr'><strong>dignitate</strong></span> <span class='ocrx_word' id='word_1_272' title='bbox 511 4309 541 4367; x_wconf 91' lang='lat' dir='ltr'><strong>et</strong></span> <span class='ocrx_word' id='word_1_273' title='bbox 565 4300 664 4365; x_wconf 89' lang='lat' dir='ltr'><strong>officio</strong></span> <span class='ocrx_word' id='word_1_274' title='bbox 682 4301 898 4375; x_wconf 86' lang='lat' dir='ltr'><strong>consimilibus,</strong></span> <span class='ocrx_word' id='word_1_275' title='bbox 922 4322 1032 4366; x_wconf 90' lang='lat' dir='ltr'><strong>nomen</strong></span> <span class='ocrx_word' id='word_1_276' title='bbox 1056 4303 1132 4375; x_wconf 91' lang='lat' dir='ltr'><strong>eius,</strong></span> <span class='ocrx_word' id='word_1_277' title='bbox 1157 4303 1208 4387; x_wconf 91' lang='lat' dir='ltr'><strong>qui</strong></span> <span class='ocrx_word' id='word_1_278' title='bbox 1232 4303 1353 4366; x_wconf 87' lang='lat' dir='ltr'><strong>maioris</strong></span> 
     </span>
     <span class='ocr_line' id='line_1_36' title="bbox 147 4412 1353 4498; baseline -0.001 -21"><span class='ocrx_word' id='word_1_279' title='bbox 147 4422 193 4479; x_wconf 90' lang='lat' dir='ltr'><strong>cst</strong></span> <span class='ocrx_word' id='word_1_280' title='bbox 218 4413 431 4498; x_wconf 83' lang='lat' dir='ltr'><strong>prerogative,</strong></span> <span class='ocrx_word' id='word_1_281' title='bbox 471 4412 648 4495; x_wconf 89' lang='lat' dir='ltr'><strong>preponitur</strong></span> <span class='ocrx_word' id='word_1_282' title='bbox 676 4417 707 4474; x_wconf 91' lang='lat' dir='ltr'><strong>et</strong></span> <span class='ocrx_word' id='word_1_283' title='bbox 733 4412 792 4474; x_wconf 92' lang='lat' dir='ltr'><strong>hoc</strong></span> <span class='ocrx_word' id='word_1_284' title='bbox 821 4412 984 4477; x_wconf 84' lang='lat' dir='ltr'><strong>observant</strong></span> <span class='ocrx_word' id='word_1_285' title='bbox 1011 4433 1114 4476; x_wconf 91' lang='lat' dir='ltr'><strong>omnes</strong></span> <span class='ocrx_word' id='word_1_286' title='bbox 1143 4413 1353 4477; x_wconf 88' lang='lat' dir='ltr'><strong>ecclesiastice</strong></span> 
     </span>
     <span class='ocr_line' id='line_1_37' title="bbox 147 4521 1354 4608; baseline -0.002 -20"><span class='ocrx_word' id='word_1_287' title='bbox 147 4545 292 4607; x_wconf 89' lang='lat' dir='ltr'><strong>persone,</strong></span> <span class='ocrx_word' id='word_1_288' title='bbox 322 4544 381 4608; x_wconf 86' lang='lat' dir='ltr'><strong>que</strong></span> <span class='ocrx_word' id='word_1_289' title='bbox 410 4522 546 4588; x_wconf 89' lang='lat' dir='ltr'><strong>scribunt</strong></span> <span class='ocrx_word' id='word_1_290' title='bbox 574 4524 636 4586; x_wconf 91' lang='lat' dir='ltr'><strong>suis</strong></span> <span class='ocrx_word' id='word_1_291' title='bbox 664 4522 857 4586; x_wconf 82' lang='lat' dir='ltr'><strong>inferioribus</strong></span> <span class='ocrx_word' id='word_1_292' title='bbox 885 4521 1020 4605; x_wconf 87' lang='lat' dir='ltr'><strong>pluribus</strong></span> <span class='ocrx_word' id='word_1_293' title='bbox 1052 4541 1194 4594; x_wconf 88' lang='lat' dir='ltr'><strong>numero,</strong></span> <span class='ocrx_word' id='word_1_294' title='bbox 1218 4522 1354 4587; x_wconf 91' lang='lat' dir='ltr'><strong>eiusdem</strong></span> 
     </span>
     <span class='ocr_line' id='line_1_38' title="bbox 150 4631 1276 4719; baseline -0.004 -21"><span class='ocrx_word' id='word_1_295' title='bbox 150 4635 300 4719; x_wconf 83' lang='lat' dir='ltr'><strong>dignitatis</strong></span> <span class='ocrx_word' id='word_1_296' title='bbox 317 4636 364 4699; x_wconf 86' lang='lat' dir='ltr'><strong>vel</strong></span> <span class='ocrx_word' id='word_1_297' title='bbox 390 4633 497 4709; x_wconf 84' lang='lat' dir='ltr'><strong>officii,</strong></span> <span class='ocrx_word' id='word_1_298' title='bbox 521 4639 692 4718; x_wconf 89' lang='lat' dir='ltr'><strong>preponuut</strong></span> <span class='ocrx_word' id='word_1_299' title='bbox 714 4635 937 4717; x_wconf 82' lang='lat' dir='ltr'><strong>prerogativam</strong></span> <span class='ocrx_word' id='word_1_300' title='bbox 960 4635 1082 4699; x_wconf 88' lang='lat' dir='ltr'><strong>honoris</strong></span> <span class='ocrx_word' id='word_1_301' title='bbox 1100 4631 1276 4715; x_wconf 54' lang='lat' dir='ltr'><strong>digniorema</strong></span> 
     </span>
    </p>
   </div>
   <div class='ocr_carea' id='block_1_3' title="bbox 240 4763 352 4834">
    <p class='ocr_par' dir='ltr' id='par_1_10' title="bbox 240 4763 352 4834">
     <span class='ocr_line' id='line_1_39' title="bbox 240 4763 352 4834; baseline -0.018 -16"><span class='ocrx_word' id='word_1_302' title='bbox 240 4764 275 4834; x_wconf 75' lang='lat' dir='ltr'><strong>a)</strong></span> <span class='ocrx_word' id='word_1_303' title='bbox 296 4763 352 4819; x_wconf 72' lang='lat' dir='ltr'><strong>saer</strong></span> 
     </span>
    </p>
   </div>
   <div class='ocr_carea' id='block_1_4' title="bbox 0 0 1627 5392">
    <p class='ocr_par' dir='ltr' id='par_1_11' title="bbox 0 0 1627 5392">
     <span class='ocr_line' id='line_1_40' title="bbox 0 0 1627 5392; baseline 0 0"><span class='ocrx_word' id='word_1_304' title='bbox 0 0 1627 5392; x_wconf 95' lang='lat' dir='ltr'><strong> </strong></span> 
     </span>
    </p>
   </div>
  </div>
 </body>
</html>
