3209 5392
229 510 305 581 234

227 689 278 744 tua
296 686 327 744 ct
342 680 637 743 administracionem
653 680 862 760 temporalium
879 679 1059 749 eorundem,
1093 684 1153 742 tam
1177 677 1417 742 iurisdictionem

225 787 367 850 uidelicet
399 806 488 869 quam
520 787 635 858 omnia,
668 787 904 850 illustraciouem
935 785 1134 868 principalem
1166 786 1411 867 complectancia,

226 893 403 954 exercenda.
436 890 611 953 clarescere
629 911 748 974 quoque
764 897 794 955 te
811 891 941 954 facimus
957 892 988 954 in
1004 897 1127 956 caterva
1144 891 1313 973 principum
1335 892 1415 954 sicut

225 997 344 1061 fidelem
369 1003 504 1061 nostrum
531 998 687 1081 nostrique
716 986 864 1061 culminis
890 999 1058 1081 principem
1092 998 1230 1080 apicibus
1259 1004 1289 1061 et
1317 998 1414 1079 gloria

225 1106 422 1188 principatus.
436 1106 475 1168 ut
488 1106 628 1189 quoniam
639 1105 695 1169 tibi
710 1112 849 1169 tenemur
865 1111 896 1168 et
912 1106 1046 1167 volumus
1063 1105 1191 1168 inveniri
1203 1106 1233 1167 in
1247 1105 1415 1168 exhibenda

225 1212 344 1275 iusticia
359 1211 399 1296 a)
416 1211 537 1283 faciles,
566 1214 615 1275 cui
637 1232 740 1275 sumus
758 1218 787 1275 et
805 1211 916 1275 erimus
933 1212 965 1274 iu
981 1212 1084 1292 gracia
1100 1205 1253 1285 liberales,
1272 1211 1410 1275 omnibus

225 1318 469 1382 malefactoribus
486 1324 518 1380 ct
532 1318 755 1382 iniuriatcribus
771 1319 831 1381 tuis
848 1324 878 1381 et
894 1318 1024 1381 ecclesie
1037 1325 1087 1380 tue
1100 1318 1292 1400 preceptoria
1308 1318 1415 1399 dirigi-

182 1427 184 1430 ’
225 1445 292 1488 mus
309 1426 423 1507 scripta
438 1431 551 1497 nostra,
568 1425 760 1505 iniungentes
777 1424 904 1497 eisdem,
921 1430 954 1488 ut
969 1429 1039 1486 aute
1059 1425 1219 1487 terminum
1240 1426 1331 1487 talem
1353 1424 1410 1488 tibi

226 1532 414 1595 satisfaciant
426 1532 464 1595 de
481 1532 596 1593 iniuriis
610 1537 640 1594 et
651 1531 796 1594 molestiis
806 1536 941 1594 ettecum
952 1531 1149 1593 amicabiliter
1166 1551 1199 1593 se
1219 1537 1416 1613 compouaut;

226 1639 356 1721 alioquin
373 1639 504 1702 crastino
522 1637 657 1700 eiusdem
672 1639 792 1701 termini
808 1638 900 1701 iidem
916 1638 1126 1701 malefactores
1149 1658 1182 1699 se
1205 1639 1324 1702 nostris.
1339 1658 1414 1702 con-

225 1746 379 1828 spectibus
409 1751 635 1828 representent,
668 1745 722 1807 tibi
753 1765 845 1827 super
877 1744 1063 1827 actionibus,
1095 1765 1169 1827 quas
1198 1749 1302 1809 contra
1328 1746 1412 1827 ipsos

225 1861 394 1937 proponere
420 1855 574 1924 habueris,
600 1860 689 1936 prout
716 1854 762 1917 ius
786 1854 895 1935 exigit,
919 1854 1103 1936 responsuri.
1137 1855 1277 1918 Ceterum
1294 1874 1361 1917 cum
1383 1855 1416 1917 iu

225 1962 319 2044 regali
347 1982 383 2024 ac
410 1960 555 2042 imperiali
582 1961 666 2021 curia
693 1960 816 2022 nonsit
838 1960 975 2031 solitum,
999 1980 1056 2022 uec
1078 1960 1224 2031 auditum,
1246 1960 1414 2041 principem

226 2069 410 2132 infeodatum
428 2074 459 2131 ct
473 2067 627 2148 regalibus
643 2067 816 2130 investitum
839 2066 990 2130 fidelitatis
1012 2073 1151 2149 prestare
1173 2068 1338 2129 iuramenta
1360 2087 1416 2149 por

227 2176 419 2258 interpositas
436 2194 597 2257 personas:
622 2175 757 2239 volumus
775 2180 806 2238 ct
821 2174 1009 2244 mandamus,
1026 2180 1174 2257 quatenus
1190 2173 1319 2245 nunciis,
1337 2192 1413 2255 quos

108 2267 216 2339 cucur·
229 2286 267 2347 ad
282 2286 444 2347 Romanam
461 2285 576 2345 curiam
591 2282 725 2345 breviter
740 2283 989 2353 transmittemus,
1005 2281 1186 2344 habentibus
1203 2281 1241 2344 ad
1261 2281 1414 2363 recipien-

228 2393 297 2455 dum
320 2411 337 2454 a
359 2396 389 2454 te
412 2390 565 2453 fidelitatis
588 2391 786 2453 iuramentum
809 2389 941 2472 speciale
963 2389 1151 2461 mandatum,
1179 2388 1319 2451 exhibere
1341 2389 1415 2452 uelis

224 2500 389 2563 secundum
404 2518 519 2561 morem
534 2497 702 2579 principum
717 2496 869 2561 fidelitatis
887 2502 917 2560 et
939 2497 1050 2579 omagii
1071 2495 1294 2567 iusiurandum:
1319 2494 1411 2558 iidem

224 2606 319 2670 eciam
336 2604 437 2667 nuncii
453 2605 547 2667 nostri
563 2609 700 2686 patentes
717 2604 771 2666 tibi
786 2604 913 2667 afferent
928 2603 1043 2667 litteras
1057 2608 1174 2666 naahas
1188 2602 1225 2664 de
1238 2602 1415 2665 investitura

224 2712 408 2796 principatus
436 2712 639 2793 sollempniter
666 2712 720 2774 tibi
749 2712 847 2784 facta,
881 2712 911 2774 iu
944 2710 1053 2793 quibus
1085 2710 1252 2792 precipitur
1279 2710 1416 2772 omuibus

224 2820 405 2891 baronibus,
432 2818 695 2891 ministerialibus,
722 2819 867 2892 vassalis,
895 2835 931 2882 ac
954 2817 1183 2902 quibuscunque
1199 2817 1238 2879 ad
1255 2817 1416 2880 ecclesiam

226 2934 307 2992 tuam
328 2926 551 3009 spectantibus,
579 2933 612 2991 ut
632 2927 688 2989 tibi
704 2932 846 3010 tauquam
861 2925 942 2989 fideli
965 2945 1001 2988 ac
1019 2926 1129 2989 dilecto
1145 2924 1275 3007 principi
1291 2926 1417 2987 Romani

225 3035 340 3117 imperii
357 3036 387 3097 iu
404 3033 542 3100 omnibus
558 3040 685 3116 pareant
701 3040 731 3097 et
747 3035 912 3097 intendant.

315 3194 360 3247 Bel
379 3194 510 3247 Rodmauu
531 3194 579 3246 mit
598 3194 647 3247 dar
665 3180 848 3248 Uberschriftr
860 3193 969 3249 fii-acia
988 3192 1115 3263 specialis
1134 3192 1263 3262 episcopo
1283 3192 1315 3244 N.
1335 3190 1416 3251 lacta,

225 3300 275 3352 qua
289 3285 334 3337 llu
343 3283 397 3337 dol
407 3284 419 3333 f
423 3301 458 3335 us
471 3282 502 3334 R.
515 3282 545 3335 ll.
561 3284 593 3343 el,
607 3282 672 3336 licet
684 3283 795 3344 absenti,
809 3284 910 3353 regalia
924 3283 1078 3336 transmittit
1092 3285 1143 3334 ete.

794 3577 856 3647 ab.
898 3639 905 3648 ,

580 3752 773 3816 homanorum
796 3770 851 3815 rex
874 3750 904 3813 ll.
928 3751 1067 3833 prluclpl.

224 3912 310 3982 Kdaiq
335 3910 441 3981 liudolf
465 3911 624 3964 dberaendet
653 3910 736 3964 einem
766 3910 939 3963 obweaenden
966 3916 1092 3978 petreaeo
1117 3905 1318 3977 Reichefitrrten
1342 3905 1417 3960 aeine

740 3997 902 4068 Belehuuaq.

313 4143 456 4203 Bodmann,
469 4160 496 4212 p.
510 4141 559 4195 151
576 4142 707 4196 Rudolfus
721 4142 751 4194 R.
766 4143 795 4194 ll.
810 4139 923 4211 principi
939 4145 990 4193 etc.

315 4288 394 4349 Solis
417 4292 446 4349 et
468 4307 575 4349 aurore
598 4283 793 4365 infatigabilis
816 4283 980 4346 fabricator
997 4284 1040 4345 ad
1056 4285 1187 4345 Romane
1211 4280 1416 4364 monarchiam

224 4393 377 4474 dignitatis
390 4393 513 4458 mirifice
527 4394 731 4457 fabricandam
744 4391 940 4472 semetipsum
953 4390 1137 4453 fundamenti
1145 4388 1230 4452 solidi
1243 4386 1417 4470 primarium

222 4500 323 4582 posuit
349 4501 496 4581 lapidem,
525 4502 594 4563 dum
623 4519 780 4569 coronam,
808 4499 838 4560 iu
866 4499 986 4577 siguum
1013 4496 1197 4578 imperatorii
1226 4494 1416 4565 diadematis,

314 4661 347 4729 c)
364 4660 494 4714 iusticiam
507 4661 535 4714 V.
