<?xml version="1.0" encoding="UTF-8"?>
<!DOCTYPE html PUBLIC "-//W3C//DTD XHTML 1.0 Transitional//EN"
    "http://www.w3.org/TR/xhtml1/DTD/xhtml1-transitional.dtd">
<html xmlns="http://www.w3.org/1999/xhtml" xml:lang="en" lang="en">
 <head>
  <title>
</title>
<meta http-equiv="Content-Type" content="text/html;charset=utf-8" />
  <meta name='ocr-system' content='tesseract 3.04.00' />
  <meta name='ocr-capabilities' content='ocr_page ocr_carea ocr_par ocr_line ocrx_word'/>
</head>
<body>
  <div class='ocr_page' id='page_1' title='image "./fontesrerumaust00unkngoog_0121.png"; bbox 0 0 3209 5392; ppageno 0'>
   <div class='ocr_carea' id='block_1_1' title="bbox 258 486 308 556">
    <p class='ocr_par' dir='ltr' id='par_1_1' title="bbox 258 486 308 556">
     <span class='ocr_line' id='line_1_1' title="bbox 258 486 308 556; baseline 0.02 -1"><span class='ocrx_word' id='word_1_1' title='bbox 258 486 308 556; x_wconf 81' lang='lat' dir='ltr'><strong>el</strong></span> 
     </span>
    </p>
   </div>
   <div class='ocr_carea' id='block_1_2' title="bbox 256 656 1455 1282">
    <p class='ocr_par' dir='ltr' id='par_1_2' title="bbox 256 656 1455 1282">
     <span class='ocr_line' id='line_1_2' title="bbox 256 656 1449 742; baseline -0.001 -20"><span class='ocrx_word' id='word_1_2' title='bbox 256 659 342 741; x_wconf 82' lang='lat' dir='ltr'><strong>pacis</strong></span> <span class='ocrx_word' id='word_1_3' title='bbox 358 656 556 722; x_wconf 73' lang='lat' dir='ltr'><strong>hereditatem</strong></span> <span class='ocrx_word' id='word_1_4' title='bbox 573 657 635 721; x_wconf 87' lang='lat' dir='ltr'><strong>suis</strong></span> <span class='ocrx_word' id='word_1_5' title='bbox 651 656 681 719; x_wconf 92' lang='lat' dir='ltr'><strong>iu</strong></span> <span class='ocrx_word' id='word_1_6' title='bbox 697 661 878 722; x_wconf 85' lang='lat' dir='ltr'><strong>testamento</strong></span> <span class='ocrx_word' id='word_1_7' title='bbox 891 658 1109 742; x_wconf 88' lang='lat' dir='ltr'><strong>quodammodo</strong></span> <span class='ocrx_word' id='word_1_8' title='bbox 1122 658 1273 740; x_wconf 84' lang='lat' dir='ltr'><strong>delegavit</strong></span> <span class='ocrx_word' id='word_1_9' title='bbox 1287 671 1449 741; x_wconf 82' lang='lat' dir='ltr'><strong>,pacem“,</strong></span> 
     </span>
     <span class='ocr_line' id='line_1_3' title="bbox 256 763 1453 852; baseline 0 -24"><span class='ocrx_word' id='word_1_10' title='bbox 256 767 409 850; x_wconf 86' lang='lat' dir='ltr'><strong>inquiens:</strong></span> <span class='ocrx_word' id='word_1_11' title='bbox 435 784 551 839; x_wconf 88' lang='lat' dir='ltr'><strong>„meam</strong></span> <span class='ocrx_word' id='word_1_12' title='bbox 568 764 605 827; x_wconf 95' lang='lat' dir='ltr'><strong>do</strong></span> <span class='ocrx_word' id='word_1_13' title='bbox 621 763 706 828; x_wconf 90' lang='lat' dir='ltr'><strong>vobis</strong></span> <span class='ocrx_word' id='word_1_14' title='bbox 721 785 829 847; x_wconf 90' lang='lat' dir='ltr'><strong>pacem</strong></span> <span class='ocrx_word' id='word_1_15' title='bbox 845 765 980 848; x_wconf 88' lang='lat' dir='ltr'><strong>relinquo</strong></span> <span class='ocrx_word' id='word_1_16' title='bbox 996 765 1102 828; x_wconf 85' lang='lat' dir='ltr'><strong>vobis“</strong></span> <span class='ocrx_word' id='word_1_17' title='bbox 1129 766 1169 852; x_wconf 89' lang='lat'><strong>¹),</strong></span> <span class='ocrx_word' id='word_1_18' title='bbox 1199 767 1229 829; x_wconf 89' lang='lat' dir='ltr'><strong>in</strong></span> <span class='ocrx_word' id='word_1_19' title='bbox 1245 767 1348 830; x_wconf 89' lang='lat' dir='ltr'><strong>ultimo</strong></span> <span class='ocrx_word' id='word_1_20' title='bbox 1365 769 1453 851; x_wconf 82' lang='lat' dir='ltr'>quasi</span> 
     </span>
     <span class='ocr_line' id='line_1_4' title="bbox 256 854 1455 957; baseline 0.001 -21"><span class='ocrx_word' id='word_1_21' title='bbox 256 894 427 957; x_wconf 86' lang='lat' dir='ltr'><strong>proponens</strong></span> <span class='ocrx_word' id='word_1_22' title='bbox 449 879 482 937; x_wconf 94' lang='lat' dir='ltr'><strong>ut</strong></span> <span class='ocrx_word' id='word_1_23' title='bbox 504 873 589 955; x_wconf 89' lang='lat' dir='ltr'><strong>pacis</strong></span> <span class='ocrx_word' id='word_1_24' title='bbox 611 873 736 936; x_wconf 90' lang='lat' dir='ltr'><strong>verbum</strong></span> <span class='ocrx_word' id='word_1_25' title='bbox 757 874 787 936; x_wconf 92' lang='lat' dir='ltr'><strong>io</strong></span> <span class='ocrx_word' id='word_1_26' title='bbox 810 873 1001 938; x_wconf 80' lang='lat' dir='ltr'><strong>audiendiam</strong></span> <span class='ocrx_word' id='word_1_27' title='bbox 1025 874 1168 938; x_wconf 82' lang='lat' dir='ltr'>cordibus</span> <span class='ocrx_word' id='word_1_28' title='bbox 1184 874 1278 938; x_wconf 87' lang='lat' dir='ltr'><strong>artius</strong></span> <span class='ocrx_word' id='word_1_29' title='bbox 1294 854 1455 957; x_wconf 59' lang='lat' dir='ltr'><strong>figereturs</strong></span> 
     </span>
     <span class='ocr_line' id='line_1_5' title="bbox 257 980 1453 1066; baseline -0.002 -19"><span class='ocrx_word' id='word_1_30' title='bbox 257 983 342 1048; x_wconf 83' lang='lat' dir='ltr'><strong>Unde</strong></span> <span class='ocrx_word' id='word_1_31' title='bbox 359 1002 425 1054; x_wconf 89' lang='lat' dir='ltr'><strong>nos,</strong></span> <span class='ocrx_word' id='word_1_32' title='bbox 441 981 494 1064; x_wconf 89' lang='lat' dir='ltr'><strong>qui</strong></span> <span class='ocrx_word' id='word_1_33' title='bbox 508 981 581 1045; x_wconf 90' lang='lat' dir='ltr'><strong>licet</strong></span> <span class='ocrx_word' id='word_1_34' title='bbox 601 980 732 1044; x_wconf 83' lang='lat' dir='ltr'><strong>inmeriti</strong></span> <span class='ocrx_word' id='word_1_35' title='bbox 749 981 814 1045; x_wconf 92' lang='lat' dir='ltr'><strong>eius</strong></span> <span class='ocrx_word' id='word_1_36' title='bbox 831 982 897 1045; x_wconf 86' lang='lat' dir='ltr'><strong>vice</strong></span> <span class='ocrx_word' id='word_1_37' title='bbox 913 982 1045 1064; x_wconf 89' lang='lat' dir='ltr'><strong>potimur</strong></span> <span class='ocrx_word' id='word_1_38' title='bbox 1059 983 1090 1045; x_wconf 91' lang='lat' dir='ltr'><strong>in</strong></span> <span class='ocrx_word' id='word_1_39' title='bbox 1106 983 1207 1050; x_wconf 88' lang='lat' dir='ltr'><strong>terris.</strong></span> <span class='ocrx_word' id='word_1_40' title='bbox 1225 1002 1341 1046; x_wconf 89' lang='lat' dir='ltr'><strong>summo</strong></span> <span class='ocrx_word' id='word_1_41' title='bbox 1358 1001 1453 1066; x_wconf 89' lang='lat' dir='ltr'><strong>opere</strong></span> 
     </span>
     <span class='ocr_line' id='line_1_6' title="bbox 257 1088 1455 1174; baseline 0 -19"><span class='ocrx_word' id='word_1_42' title='bbox 257 1090 402 1155; x_wconf 87' lang='lat' dir='ltr'><strong>debemus</strong></span> <span class='ocrx_word' id='word_1_43' title='bbox 424 1096 582 1172; x_wconf 85' lang='lat' dir='ltr'><strong>satagere,</strong></span> <span class='ocrx_word' id='word_1_44' title='bbox 609 1095 643 1153; x_wconf 91' lang='lat' dir='ltr'><strong>ut</strong></span> <span class='ocrx_word' id='word_1_45' title='bbox 668 1088 747 1154; x_wconf 90' lang='lat' dir='ltr'><strong>iuter</strong></span> <span class='ocrx_word' id='word_1_46' title='bbox 768 1090 925 1155; x_wconf 75' lang='lat' dir='ltr'><strong>discordes</strong></span> <span class='ocrx_word' id='word_1_47' title='bbox 947 1092 1033 1173; x_wconf 81' lang='lat' dir='ltr'><strong>pacis</strong></span> <span class='ocrx_word' id='word_1_48' title='bbox 1054 1092 1215 1163; x_wconf 85' lang='lat' dir='ltr'><strong>vinculum,</strong></span> <span class='ocrx_word' id='word_1_49' title='bbox 1234 1092 1314 1174; x_wconf 85' lang='lat' dir='ltr'><strong>quod</strong></span> <span class='ocrx_word' id='word_1_50' title='bbox 1331 1092 1455 1155; x_wconf 89' lang='lat' dir='ltr'><strong>discen-</strong></span> 
     </span>
     <span class='ocr_line' id='line_1_7' title="bbox 258 1199 1302 1282; baseline -0.005 -14"><span class='ocrx_word' id='word_1_51' title='bbox 258 1201 350 1268; x_wconf 85' lang='lat' dir='ltr'><strong>sionis</strong></span> <span class='ocrx_word' id='word_1_52' title='bbox 367 1204 474 1264; x_wconf 82' lang='lat' dir='ltr'><strong>auctor</strong></span> <span class='ocrx_word' id='word_1_53' title='bbox 489 1199 594 1264; x_wconf 88' lang='lat' dir='ltr'><strong>nititur</strong></span> <span class='ocrx_word' id='word_1_54' title='bbox 609 1199 758 1282; x_wconf 88' lang='lat' dir='ltr'><strong>inpedire,</strong></span> <span class='ocrx_word' id='word_1_55' title='bbox 775 1207 878 1265; x_wconf 78' lang='lat' dir='ltr'><strong>nostm</strong></span> <span class='ocrx_word' id='word_1_56' title='bbox 894 1201 1094 1268; x_wconf 85' lang='lat' dir='ltr'><strong>sollicitudine</strong></span> <span class='ocrx_word' id='word_1_57' title='bbox 1110 1203 1302 1270; x_wconf 78' lang='lat' dir='ltr'><strong>reformetur.</strong></span> 
     </span>
    </p>
   </div>
   <div class='ocr_carea' id='block_1_3' title="bbox 562 1373 1053 1571">
    <p class='ocr_par' dir='ltr' id='par_1_3' title="bbox 562 1373 1053 1571">
     <span class='ocr_line' id='line_1_8' title="bbox 562 1373 1053 1484; baseline -0.002 -17"><span class='ocrx_word' id='word_1_58' title='bbox 562 1373 566 1384; x_wconf 35' lang='grc' dir='ltr'><strong><em>Ι</em></strong></span> <span class='ocrx_word' id='word_1_59' title='bbox 649 1401 745 1484; x_wconf 80' lang='lat' dir='ltr'><strong>Super</strong></span> <span class='ocrx_word' id='word_1_60' title='bbox 760 1420 837 1465; x_wconf 77' lang='lat' dir='ltr'><strong>novo</strong></span> <span class='ocrx_word' id='word_1_61' title='bbox 852 1402 1053 1484; x_wconf 74' lang='lat' dir='ltr'><strong>plantaclere.</strong></span> 
     </span>
     <span class='ocr_line' id='line_1_9' title="bbox 765 1525 942 1571; baseline -0.006 0"><span class='ocrx_word' id='word_1_62' title='bbox 765 1525 942 1571; x_wconf 57' lang='lat' dir='ltr'><strong>mmmm</strong></span> 
     </span>
    </p>
   </div>
   <div class='ocr_carea' id='block_1_4' title="bbox 190 1662 1475 3375">
    <p class='ocr_par' dir='ltr' id='par_1_4' title="bbox 190 1662 1475 3375">
     <span class='ocr_line' id='line_1_10' title="bbox 315 1662 1459 1747; baseline 0 -20"><span class='ocrx_word' id='word_1_63' title='bbox 315 1677 318 1684; x_wconf 56' lang='lat'><strong>⁴</strong></span> <span class='ocrx_word' id='word_1_64' title='bbox 352 1664 465 1728; x_wconf 86' lang='lat' dir='ltr'><strong>Sancta</strong></span> <span class='ocrx_word' id='word_1_65' title='bbox 492 1663 597 1745; x_wconf 87' lang='lat' dir='ltr'><strong>religio</strong></span> <span class='ocrx_word' id='word_1_66' title='bbox 626 1662 746 1727; x_wconf 87' lang='lat' dir='ltr'><strong>celestis</strong></span> <span class='ocrx_word' id='word_1_67' title='bbox 774 1663 1005 1744; x_wconf 80' lang='lat' dir='ltr'><strong>pulchritudinis</strong></span> <span class='ocrx_word' id='word_1_68' title='bbox 1027 1664 1158 1747; x_wconf 82' lang='lat' dir='ltr'><strong>ymagini</strong></span> <span class='ocrx_word' id='word_1_69' title='bbox 1186 1684 1220 1728; x_wconf 86' lang='lat' dir='ltr'><strong>se</strong></span> <span class='ocrx_word' id='word_1_70' title='bbox 1248 1664 1459 1737; x_wconf 89' lang='lat' dir='ltr'><strong>conformans,</strong></span> 
     </span>
     <span class='ocr_line' id='line_1_11' title="bbox 260 1770 1459 1855; baseline -0.001 -18"><span class='ocrx_word' id='word_1_71' title='bbox 260 1772 333 1838; x_wconf 92' lang='lat' dir='ltr'><strong>illud</strong></span> <span class='ocrx_word' id='word_1_72' title='bbox 348 1772 477 1835; x_wconf 87' lang='lat' dir='ltr'><strong>alacrius</strong></span> <span class='ocrx_word' id='word_1_73' title='bbox 493 1772 556 1853; x_wconf 85' lang='lat' dir='ltr'><strong>agit</strong></span> <span class='ocrx_word' id='word_1_74' title='bbox 571 1770 602 1834; x_wconf 92' lang='lat' dir='ltr'><strong>iu</strong></span> <span class='ocrx_word' id='word_1_75' title='bbox 618 1770 719 1844; x_wconf 87' lang='lat' dir='ltr'><strong>terris,</strong></span> <span class='ocrx_word' id='word_1_76' title='bbox 737 1772 817 1854; x_wconf 89' lang='lat' dir='ltr'><strong>quod</strong></span> <span class='ocrx_word' id='word_1_77' title='bbox 833 1772 957 1855; x_wconf 88' lang='lat' dir='ltr'><strong>angelos</strong></span> <span class='ocrx_word' id='word_1_78' title='bbox 974 1793 1117 1836; x_wconf 86' lang='lat' dir='ltr'><strong>exercere</strong></span> <span class='ocrx_word' id='word_1_79' title='bbox 1133 1774 1292 1855; x_wconf 80' lang='lat' dir='ltr'><strong>cognoscit</strong></span> <span class='ocrx_word' id='word_1_80' title='bbox 1312 1774 1345 1836; x_wconf 94' lang='lat' dir='ltr'><strong>in</strong></span> <span class='ocrx_word' id='word_1_81' title='bbox 1366 1773 1459 1846; x_wconf 89' lang='lat' dir='ltr'><strong>celis,</strong></span> 
     </span>
     <span class='ocr_line' id='line_1_12' title="bbox 259 1879 1459 1964; baseline 0 -20"><span class='ocrx_word' id='word_1_82' title='bbox 259 1880 367 1944; x_wconf 91' lang='lat' dir='ltr'><strong>ludens</strong></span> <span class='ocrx_word' id='word_1_83' title='bbox 382 1881 414 1943; x_wconf 90' lang='lat' dir='ltr'><strong>in</strong></span> <span class='ocrx_word' id='word_1_84' title='bbox 429 1880 484 1943; x_wconf 87' lang='lat' dir='ltr'><strong>Dei</strong></span> <span class='ocrx_word' id='word_1_85' title='bbox 499 1879 637 1943; x_wconf 90' lang='lat' dir='ltr'><strong>laudibus</strong></span> <span class='ocrx_word' id='word_1_86' title='bbox 660 1884 691 1942; x_wconf 89' lang='lat' dir='ltr'><strong>et</strong></span> <span class='ocrx_word' id='word_1_87' title='bbox 712 1885 773 1942; x_wconf 92' lang='lat' dir='ltr'><strong>tam</strong></span> <span class='ocrx_word' id='word_1_88' title='bbox 794 1881 960 1953; x_wconf 81' lang='lat' dir='ltr'><strong>mercium,</strong></span> <span class='ocrx_word' id='word_1_89' title='bbox 989 1899 1078 1964; x_wconf 88' lang='lat' dir='ltr'><strong>quam</strong></span> <span class='ocrx_word' id='word_1_90' title='bbox 1100 1901 1207 1945; x_wconf 89' lang='lat' dir='ltr'><strong>vocum</strong></span> <span class='ocrx_word' id='word_1_91' title='bbox 1230 1881 1311 1945; x_wconf 90' lang='lat' dir='ltr'><strong>dulci</strong></span> <span class='ocrx_word' id='word_1_92' title='bbox 1332 1882 1459 1946; x_wconf 90' lang='lat' dir='ltr'><strong>modulo</strong></span> 
     </span>
     <span class='ocr_line' id='line_1_13' title="bbox 260 1989 1475 2071; baseline -0.003 -13"><span class='ocrx_word' id='word_1_93' title='bbox 260 1990 422 2066; x_wconf 86' lang='lat' dir='ltr'><strong>iubilando,</strong></span> <span class='ocrx_word' id='word_1_94' title='bbox 438 1990 508 2054; x_wconf 92' lang='lat' dir='ltr'><strong>dum</strong></span> <span class='ocrx_word' id='word_1_95' title='bbox 523 2009 579 2071; x_wconf 93' lang='lat' dir='ltr'><strong>per</strong></span> <span class='ocrx_word' id='word_1_96' title='bbox 593 1993 803 2070; x_wconf 87' lang='lat' dir='ltr'><strong>paupertatem</strong></span> <span class='ocrx_word' id='word_1_97' title='bbox 819 1989 1015 2052; x_wconf 90' lang='lat' dir='ltr'><strong>voluntariam</strong></span> <span class='ocrx_word' id='word_1_98' title='bbox 1027 2009 1044 2052; x_wconf 90' lang='lat' dir='ltr'><strong>a</strong></span> <span class='ocrx_word' id='word_1_99' title='bbox 1057 2009 1091 2052; x_wconf 90' lang='lat' dir='ltr'><strong>se</strong></span> <span class='ocrx_word' id='word_1_100' title='bbox 1104 1990 1246 2056; x_wconf 89' lang='lat' dir='ltr'><strong>muudum</strong></span> <span class='ocrx_word' id='word_1_101' title='bbox 1263 1996 1294 2054; x_wconf 91' lang='lat' dir='ltr'><strong>et</strong></span> <span class='ocrx_word' id='word_1_102' title='bbox 1308 1990 1475 2054; x_wconf 32' lang='lat' dir='ltr'><strong>mundana,</strong></span> 
     </span>
     <span class='ocr_line' id='line_1_14' title="bbox 262 2096 1465 2185; baseline 0.001 -22"><span class='ocrx_word' id='word_1_103' title='bbox 262 2099 395 2185; x_wconf 78' lang='lat' dir='ltr'><strong>quelibet</strong></span> <span class='ocrx_word' id='word_1_104' title='bbox 420 2098 549 2162; x_wconf 85' lang='lat' dir='ltr'><strong>libenter</strong></span> <span class='ocrx_word' id='word_1_105' title='bbox 576 2097 713 2169; x_wconf 87' lang='lat' dir='ltr'><strong>abdicat,</strong></span> <span class='ocrx_word' id='word_1_106' title='bbox 742 2096 813 2160; x_wconf 93' lang='lat' dir='ltr'><strong>dum</strong></span> <span class='ocrx_word' id='word_1_107' title='bbox 840 2098 920 2181; x_wconf 84' lang='lat' dir='ltr'><strong>quod</strong></span> <span class='ocrx_word' id='word_1_108' title='bbox 947 2117 1003 2180; x_wconf 92' lang='lat' dir='ltr'><strong>per</strong></span> <span class='ocrx_word' id='word_1_109' title='bbox 1029 2098 1200 2162; x_wconf 86' lang='lat' dir='ltr'><strong>castitatem</strong></span> <span class='ocrx_word' id='word_1_110' title='bbox 1227 2100 1398 2181; x_wconf 82' lang='lat' dir='ltr'><strong>angelicam</strong></span> <span class='ocrx_word' id='word_1_111' title='bbox 1425 2121 1465 2164; x_wconf 89' lang='lat' dir='ltr'><strong>se</strong></span> 
     </span>
     <span class='ocr_line' id='line_1_15' title="bbox 263 2206 1467 2291; baseline 0.002 -20"><span class='ocrx_word' id='word_1_112' title='bbox 263 2228 354 2291; x_wconf 88' lang='lat' dir='ltr'><strong>supra</strong></span> <span class='ocrx_word' id='word_1_113' title='bbox 370 2226 491 2270; x_wconf 89' lang='lat' dir='ltr'><strong>carnem</strong></span> <span class='ocrx_word' id='word_1_114' title='bbox 508 2212 539 2271; x_wconf 87' lang='lat' dir='ltr'><strong>et</strong></span> <span class='ocrx_word' id='word_1_115' title='bbox 555 2227 592 2270; x_wconf 92' lang='lat' dir='ltr'><strong>ea</strong></span> <span class='ocrx_word' id='word_1_116' title='bbox 608 2225 666 2289; x_wconf 90' lang='lat' dir='ltr'><strong>que</strong></span> <span class='ocrx_word' id='word_1_117' title='bbox 683 2206 783 2269; x_wconf 88' lang='lat' dir='ltr'><strong>caruis</strong></span> <span class='ocrx_word' id='word_1_118' title='bbox 800 2212 871 2269; x_wconf 90' lang='lat' dir='ltr'><strong>suut</strong></span> <span class='ocrx_word' id='word_1_119' title='bbox 885 2212 1027 2288; x_wconf 88' lang='lat' dir='ltr'><strong>potenter</strong></span> <span class='ocrx_word' id='word_1_120' title='bbox 1043 2207 1150 2279; x_wconf 87' lang='lat' dir='ltr'><strong>elevat,</strong></span> <span class='ocrx_word' id='word_1_121' title='bbox 1167 2207 1298 2290; x_wconf 86' lang='lat' dir='ltr'><strong>dumque</strong></span> <span class='ocrx_word' id='word_1_122' title='bbox 1319 2211 1467 2290; x_wconf 86' lang='lat' dir='ltr'><strong>ponendo</strong></span> 
     </span>
     <span class='ocr_line' id='line_1_16' title="bbox 262 2314 1466 2399; baseline -0.001 -18"><span class='ocrx_word' id='word_1_123' title='bbox 262 2317 397 2381; x_wconf 88' lang='lat' dir='ltr'><strong>homiues</strong></span> <span class='ocrx_word' id='word_1_124' title='bbox 425 2335 516 2397; x_wconf 89' lang='lat' dir='ltr'><strong>super</strong></span> <span class='ocrx_word' id='word_1_125' title='bbox 544 2314 644 2397; x_wconf 88' lang='lat' dir='ltr'><strong>capita</strong></span> <span class='ocrx_word' id='word_1_126' title='bbox 672 2333 727 2378; x_wconf 90' lang='lat' dir='ltr'><strong>sua</strong></span> <span class='ocrx_word' id='word_1_127' title='bbox 754 2319 853 2377; x_wconf 88' lang='lat' dir='ltr'><strong>motus</strong></span> <span class='ocrx_word' id='word_1_128' title='bbox 887 2316 1024 2398; x_wconf 91' lang='lat' dir='ltr'><strong>proprios</strong></span> <span class='ocrx_word' id='word_1_129' title='bbox 1057 2315 1233 2379; x_wconf 86' lang='lat' dir='ltr'><strong>obediencie</strong></span> <span class='ocrx_word' id='word_1_130' title='bbox 1262 2316 1466 2399; x_wconf 90' lang='lat' dir='ltr'><strong>subjeccione</strong></span> 
     </span>
     <span class='ocr_line' id='line_1_17' title="bbox 263 2422 1464 2507; baseline 0 -19"><span class='ocrx_word' id='word_1_131' title='bbox 263 2430 390 2502; x_wconf 84' lang='lat' dir='ltr'><strong>coartat,</strong></span> <span class='ocrx_word' id='word_1_132' title='bbox 406 2429 533 2507; x_wconf 90' lang='lat' dir='ltr'><strong>apparet</strong></span> <span class='ocrx_word' id='word_1_133' title='bbox 549 2422 629 2505; x_wconf 89' lang='lat' dir='ltr'><strong>quod</strong></span> <span class='ocrx_word' id='word_1_134' title='bbox 651 2422 863 2486; x_wconf 88' lang='lat' dir='ltr'><strong>observatores</strong></span> <span class='ocrx_word' id='word_1_135' title='bbox 886 2423 951 2487; x_wconf 87' lang='lat' dir='ltr'><strong>eius</strong></span> <span class='ocrx_word' id='word_1_136' title='bbox 972 2444 1032 2487; x_wconf 90' lang='lat' dir='ltr'><strong>uon</strong></span> <span class='ocrx_word' id='word_1_137' title='bbox 1053 2424 1207 2489; x_wconf 86' lang='lat' dir='ltr'><strong>ambulant</strong></span> <span class='ocrx_word' id='word_1_138' title='bbox 1230 2444 1299 2488; x_wconf 88' lang='lat' dir='ltr'><strong>cum</strong></span> <span class='ocrx_word' id='word_1_139' title='bbox 1321 2427 1464 2494; x_wconf 86' lang='lat' dir='ltr'><strong>animali-</strong></span> 
     </span>
     <span class='ocr_line' id='line_1_18' title="bbox 262 2530 1463 2616; baseline 0.001 -19"><span class='ocrx_word' id='word_1_140' title='bbox 262 2534 331 2608; x_wconf 91' lang='lat' dir='ltr'><strong>bus,</strong></span> <span class='ocrx_word' id='word_1_141' title='bbox 362 2530 568 2615; x_wconf 82' lang='lat' dir='ltr'><strong>gradientibus</strong></span> <span class='ocrx_word' id='word_1_142' title='bbox 601 2551 693 2613; x_wconf 90' lang='lat' dir='ltr'><strong>super</strong></span> <span class='ocrx_word' id='word_1_143' title='bbox 723 2537 850 2603; x_wconf 88' lang='lat' dir='ltr'><strong>terram,</strong></span> <span class='ocrx_word' id='word_1_144' title='bbox 882 2531 938 2606; x_wconf 89' lang='lat' dir='ltr'><strong>sed</strong></span> <span class='ocrx_word' id='word_1_145' title='bbox 967 2532 1073 2614; x_wconf 87' lang='lat' dir='ltr'><strong>pocius</strong></span> <span class='ocrx_word' id='word_1_146' title='bbox 1101 2532 1266 2596; x_wconf 88' lang='lat' dir='ltr'><strong>admirante</strong></span> <span class='ocrx_word' id='word_1_147' title='bbox 1297 2535 1463 2616; x_wconf 89' lang='lat' dir='ltr'><strong>propbeta,</strong></span> 
     </span>
     <span class='ocr_line' id='line_1_19' title="bbox 264 2640 1461 2723; baseline 0.002 -17"><span class='ocrx_word' id='word_1_148' title='bbox 264 2644 364 2706; x_wconf 87' lang='lat' dir='ltr'><strong>volent</strong></span> <span class='ocrx_word' id='word_1_149' title='bbox 379 2648 412 2706; x_wconf 90' lang='lat' dir='ltr'><strong>ut</strong></span> <span class='ocrx_word' id='word_1_150' title='bbox 426 2640 521 2704; x_wconf 88' lang='lat' dir='ltr'><strong>nubes</strong></span> <span class='ocrx_word' id='word_1_151' title='bbox 537 2659 678 2723; x_wconf 85' lang='lat' dir='ltr'><strong>peracre</strong></span> <span class='ocrx_word' id='word_1_152' title='bbox 694 2641 801 2722; x_wconf 89' lang='lat' dir='ltr'><strong>pennis</strong></span> <span class='ocrx_word' id='word_1_153' title='bbox 818 2641 957 2705; x_wconf 87' lang='lat' dir='ltr'><strong>virtutum</strong></span> <span class='ocrx_word' id='word_1_154' title='bbox 970 2647 1001 2704; x_wconf 89' lang='lat' dir='ltr'><strong>et</strong></span> <span class='ocrx_word' id='word_1_155' title='bbox 1013 2641 1280 2723; x_wconf 89' lang='lat' dir='ltr'><strong>contemplacionis</strong></span> <span class='ocrx_word' id='word_1_156' title='bbox 1298 2643 1461 2709; x_wconf 87' lang='lat' dir='ltr'><strong>desideriis</strong></span> 
     </span>
     <span class='ocr_line' id='line_1_20' title="bbox 265 2746 1464 2831; baseline 0.003 -18"><span class='ocrx_word' id='word_1_157' title='bbox 265 2749 381 2813; x_wconf 88' lang='lat' dir='ltr'><strong>elevati.</strong></span> <span class='ocrx_word' id='word_1_158' title='bbox 413 2749 489 2811; x_wconf 88' lang='lat' dir='ltr'><strong>lliuc</strong></span> <span class='ocrx_word' id='word_1_159' title='bbox 511 2754 558 2812; x_wconf 89' lang='lat' dir='ltr'><strong>est</strong></span> <span class='ocrx_word' id='word_1_160' title='bbox 579 2748 660 2831; x_wconf 86' lang='lat' dir='ltr'><strong>quod</strong></span> <span class='ocrx_word' id='word_1_161' title='bbox 675 2746 811 2811; x_wconf 89' lang='lat' dir='ltr'><strong>homiues</strong></span> <span class='ocrx_word' id='word_1_162' title='bbox 834 2755 940 2812; x_wconf 89' lang='lat' dir='ltr'><strong>natura</strong></span> <span class='ocrx_word' id='word_1_163' title='bbox 963 2748 1082 2831; x_wconf 88' lang='lat' dir='ltr'><strong>quidem</strong></span> <span class='ocrx_word' id='word_1_164' title='bbox 1106 2750 1247 2831; x_wconf 79' lang='lat' dir='ltr'><strong>fragiles,</strong></span> <span class='ocrx_word' id='word_1_165' title='bbox 1275 2752 1331 2813; x_wconf 90' lang='lat' dir='ltr'><strong>sed</strong></span> <span class='ocrx_word' id='word_1_166' title='bbox 1352 2752 1464 2817; x_wconf 88' lang='lat' dir='ltr'><strong>celesti</strong></span> 
     </span>
     <span class='ocr_line' id='line_1_21' title="bbox 266 2855 1460 2939; baseline 0.003 -18"><span class='ocrx_word' id='word_1_167' title='bbox 266 2857 496 2921; x_wconf 84' lang='lat' dir='ltr'><strong>conversacione</strong></span> <span class='ocrx_word' id='word_1_168' title='bbox 512 2855 652 2918; x_wconf 89' lang='lat' dir='ltr'><strong>sublimes</strong></span> <span class='ocrx_word' id='word_1_169' title='bbox 670 2862 894 2939; x_wconf 86' lang='lat' dir='ltr'><strong>congregantur</strong></span> <span class='ocrx_word' id='word_1_170' title='bbox 908 2857 938 2920; x_wconf 90' lang='lat' dir='ltr'><strong>in</strong></span> <span class='ocrx_word' id='word_1_171' title='bbox 955 2877 1062 2930; x_wconf 89' lang='lat' dir='ltr'><strong>uuum,</strong></span> <span class='ocrx_word' id='word_1_172' title='bbox 1079 2857 1274 2939; x_wconf 86' lang='lat' dir='ltr'><strong>prodeuntia</strong></span> <span class='ocrx_word' id='word_1_173' title='bbox 1290 2860 1402 2933; x_wconf 83' lang='lat' dir='ltr'><strong>eltum3</strong></span> <span class='ocrx_word' id='word_1_174' title='bbox 1419 2862 1460 2924; x_wconf 86' lang='lat' dir='ltr'><strong>de</strong></span> 
     </span>
     <span class='ocr_line' id='line_1_22' title="bbox 267 2965 1460 3050; baseline 0.002 -19"><span class='ocrx_word' id='word_1_175' title='bbox 267 2987 342 3031; x_wconf 91' lang='lat' dir='ltr'><strong>novo</strong></span> <span class='ocrx_word' id='word_1_176' title='bbox 359 2972 460 3030; x_wconf 89' lang='lat' dir='ltr'><strong>erecta</strong></span> <span class='ocrx_word' id='word_1_177' title='bbox 476 2965 672 3036; x_wconf 90' lang='lat' dir='ltr'><strong>monasteria,</strong></span> <span class='ocrx_word' id='word_1_178' title='bbox 700 2965 805 3029; x_wconf 85' lang='lat' dir='ltr'><strong>altaria</strong></span> <span class='ocrx_word' id='word_1_179' title='bbox 828 2966 926 3029; x_wconf 76' lang='lat' dir='ltr'><strong>divim</strong></span> <span class='ocrx_word' id='word_1_180' title='bbox 943 2972 1146 3048; x_wconf 86' lang='lat' dir='ltr'><strong>consurgunt,</strong></span> <span class='ocrx_word' id='word_1_181' title='bbox 1174 2973 1304 3050; x_wconf 90' lang='lat' dir='ltr'><strong>augetur</strong></span> <span class='ocrx_word' id='word_1_182' title='bbox 1321 2969 1460 3043; x_wconf 85' lang='lat' dir='ltr'><strong>devocio,</strong></span> 
     </span>
     <span class='ocr_line' id='line_1_23' title="bbox 190 3073 1463 3157; baseline 0.002 -19"><span class='ocrx_word' id='word_1_183' title='bbox 190 3086 194 3097; x_wconf 91' lang='grc'><strong>“</strong></span> <span class='ocrx_word' id='word_1_184' title='bbox 268 3076 407 3139; x_wconf 89' lang='lat' dir='ltr'><strong>dilatatur</strong></span> <span class='ocrx_word' id='word_1_185' title='bbox 427 3093 567 3137; x_wconf 88' lang='lat' dir='ltr'><strong>uumerus</strong></span> <span class='ocrx_word' id='word_1_186' title='bbox 596 3073 787 3146; x_wconf 85' lang='lat' dir='ltr'><strong>devotorum,</strong></span> <span class='ocrx_word' id='word_1_187' title='bbox 816 3073 947 3137; x_wconf 86' lang='lat' dir='ltr'><strong>camilli</strong></span> <span class='ocrx_word' id='word_1_188' title='bbox 974 3081 1115 3157; x_wconf 90' lang='lat' dir='ltr'><strong>tauquam</strong></span> <span class='ocrx_word' id='word_1_189' title='bbox 1137 3095 1209 3137; x_wconf 89' lang='lat' dir='ltr'><strong>vera</strong></span> <span class='ocrx_word' id='word_1_190' title='bbox 1231 3077 1333 3140; x_wconf 89' lang='lat' dir='ltr'><strong>muudi</strong></span> <span class='ocrx_word' id='word_1_191' title='bbox 1348 3078 1463 3141; x_wconf 86' lang='lat' dir='ltr'><strong>lumina</strong></span> 
     </span>
     <span class='ocr_line' id='line_1_24' title="bbox 267 3183 1460 3265; baseline 0.003 -18"><span class='ocrx_word' id='word_1_192' title='bbox 267 3185 409 3249; x_wconf 87' lang='lat' dir='ltr'><strong>scintillas</strong></span> <span class='ocrx_word' id='word_1_193' title='bbox 427 3183 610 3264; x_wconf 82' lang='lat' dir='ltr'><strong>exemplares</strong></span> <span class='ocrx_word' id='word_1_194' title='bbox 628 3202 758 3265; x_wconf 89' lang='lat' dir='ltr'><strong>superne</strong></span> <span class='ocrx_word' id='word_1_195' title='bbox 774 3184 872 3265; x_wconf 88' lang='lat' dir='ltr'><strong>patrie</strong></span> <span class='ocrx_word' id='word_1_196' title='bbox 895 3184 1031 3247; x_wconf 89' lang='lat' dir='ltr'><strong>emittere</strong></span> <span class='ocrx_word' id='word_1_197' title='bbox 1055 3192 1288 3265; x_wconf 87' lang='lat' dir='ltr'><strong>cognoscuntur.</strong></span> <span class='ocrx_word' id='word_1_198' title='bbox 1322 3188 1386 3250; x_wconf 89' lang='lat' dir='ltr'><strong>Hac</strong></span> <span class='ocrx_word' id='word_1_199' title='bbox 1404 3209 1460 3251; x_wconf 87' lang='lat' dir='ltr'><strong>nos</strong></span> 
     </span>
     <span class='ocr_line' id='line_1_25' title="bbox 267 3283 1229 3375; baseline 0.001 -20"><span class='ocrx_word' id='word_1_200' title='bbox 267 3283 360 3375; x_wconf 79' lang='lat' dir='ltr'><strong>igitur</strong></span> <span class='ocrx_word' id='word_1_201' title='bbox 380 3292 464 3355; x_wconf 87' lang='lat' dir='ltr'><strong>suavi</strong></span> <span class='ocrx_word' id='word_1_202' title='bbox 479 3290 657 3353; x_wconf 85' lang='lat' dir='ltr'><strong>invitacione</strong></span> <span class='ocrx_word' id='word_1_203' title='bbox 674 3310 709 3352; x_wconf 91' lang='lat' dir='ltr'><strong>ac</strong></span> <span class='ocrx_word' id='word_1_204' title='bbox 727 3291 839 3354; x_wconf 91' lang='lat' dir='ltr'><strong>salubri</strong></span> <span class='ocrx_word' id='word_1_205' title='bbox 855 3292 1025 3355; x_wconf 90' lang='lat' dir='ltr'><strong>imitaciooe</strong></span> <span class='ocrx_word' id='word_1_206' title='bbox 1041 3292 1155 3355; x_wconf 89' lang='lat' dir='ltr'><strong>inducti</strong></span> <span class='ocrx_word' id='word_1_207' title='bbox 1172 3300 1229 3356; x_wconf 90' lang='lat' dir='ltr'><strong>etc.</strong></span> 
     </span>
    </p>
   </div>
   <div class='ocr_carea' id='block_1_5' title="bbox 268 3492 1463 3578">
    <p class='ocr_par' dir='ltr' id='par_1_5' title="bbox 268 3492 1463 3578">
     <span class='ocr_line' id='line_1_26' title="bbox 268 3492 1463 3578; baseline 0.004 -21"><span class='ocrx_word' id='word_1_208' title='bbox 268 3496 416 3577; x_wconf 79' lang='lat' dir='ltr'><strong>laelpluut</strong></span> <span class='ocrx_word' id='word_1_209' title='bbox 435 3492 558 3556; x_wconf 77' lang='lat' dir='ltr'><strong>exerdle</strong></span> <span class='ocrx_word' id='word_1_210' title='bbox 581 3492 793 3575; x_wconf 66' lang='lat' dir='ltr'><strong>imperatorum</strong></span> <span class='ocrx_word' id='word_1_211' title='bbox 811 3498 841 3556; x_wconf 87' lang='lat' dir='ltr'><strong>et</strong></span> <span class='ocrx_word' id='word_1_212' title='bbox 857 3507 956 3575; x_wconf 74' lang='lat' dir='ltr'><strong>regan</strong></span> <span class='ocrx_word' id='word_1_213' title='bbox 973 3494 1168 3558; x_wconf 68' lang='lat' dir='ltr'><strong>Romanorum</strong></span> <span class='ocrx_word' id='word_1_214' title='bbox 1182 3512 1273 3578; x_wconf 79' lang='lat' dir='ltr'><strong>saper</strong></span> <span class='ocrx_word' id='word_1_215' title='bbox 1288 3496 1463 3562; x_wconf 82' lang='lat' dir='ltr'><strong>dcieuslcre</strong></span> 
     </span>
    </p>
   </div>
   <div class='ocr_carea' id='block_1_6' title="bbox 742 3603 990 3783">
    <p class='ocr_par' dir='ltr' id='par_1_6' title="bbox 742 3603 990 3783">
     <span class='ocr_line' id='line_1_27' title="bbox 762 3603 966 3666; baseline 0 -1"><span class='ocrx_word' id='word_1_216' title='bbox 762 3603 966 3666; x_wconf 81' lang='lat' dir='ltr'><strong>ecclesiaram.</strong></span> 
     </span>
     <span class='ocr_line' id='line_1_28' title="bbox 742 3726 990 3783; baseline -0.004 -13"><span class='ocrx_word' id='word_1_217' title='bbox 742 3726 870 3771; x_wconf 78' lang='lat' dir='ltr'><strong>Diutiuctio</strong></span> <span class='ocrx_word' id='word_1_218' title='bbox 897 3727 926 3770; x_wconf 75' lang='grc' dir='ltr'><strong>Χ]</strong></span> <span class='ocrx_word' id='word_1_219' title='bbox 954 3728 990 3783; x_wconf 86' lang='lat' dir='ltr'><strong>o).</strong></span> 
     </span>
    </p>
   </div>
   <div class='ocr_carea' id='block_1_7' title="bbox 269 3862 1463 4368">
    <p class='ocr_par' dir='ltr' id='par_1_7' title="bbox 269 3862 1463 4368">
     <span class='ocr_line' id='line_1_29' title="bbox 359 3862 1463 3948; baseline 0.001 -21"><span class='ocrx_word' id='word_1_220' title='bbox 359 3863 433 3927; x_wconf 83' lang='lat' dir='ltr'><strong>Cum</strong></span> <span class='ocrx_word' id='word_1_221' title='bbox 449 3863 534 3924; x_wconf 89' lang='lat' dir='ltr'><strong>favor</strong></span> <span class='ocrx_word' id='word_1_222' title='bbox 549 3867 581 3925; x_wconf 88' lang='lat' dir='ltr'><strong>et</strong></span> <span class='ocrx_word' id='word_1_223' title='bbox 596 3862 798 3944; x_wconf 88' lang='lat' dir='ltr'><strong>protecciouis</strong></span> <span class='ocrx_word' id='word_1_224' title='bbox 815 3869 917 3925; x_wconf 89' lang='lat' dir='ltr'><strong>nostre</strong></span> <span class='ocrx_word' id='word_1_225' title='bbox 934 3864 1038 3944; x_wconf 85' lang='lat' dir='ltr'><strong>gracia</strong></span> <span class='ocrx_word' id='word_1_226' title='bbox 1054 3864 1192 3946; x_wconf 90' lang='lat' dir='ltr'><strong>personis</strong></span> <span class='ocrx_word' id='word_1_227' title='bbox 1215 3884 1334 3948; x_wconf 88' lang='lat' dir='ltr'><strong>semper</strong></span> <span class='ocrx_word' id='word_1_228' title='bbox 1355 3866 1463 3930; x_wconf 88' lang='lat' dir='ltr'><strong>adesse</strong></span> 
     </span>
     <span class='ocr_line' id='line_1_30' title="bbox 269 3972 1463 4055; baseline -0.003 -16"><span class='ocrx_word' id='word_1_229' title='bbox 269 3974 379 4039; x_wconf 91' lang='lat' dir='ltr'><strong>debeat</strong></span> <span class='ocrx_word' id='word_1_230' title='bbox 394 3972 560 4053; x_wconf 89' lang='lat' dir='ltr'><strong>religiosis,</strong></span> <span class='ocrx_word' id='word_1_231' title='bbox 582 3991 636 4054; x_wconf 93' lang='lat' dir='ltr'><strong>pro</strong></span> <span class='ocrx_word' id='word_1_232' title='bbox 658 3972 834 4035; x_wconf 89' lang='lat' dir='ltr'><strong>reverencia</strong></span> <span class='ocrx_word' id='word_1_233' title='bbox 854 3973 929 4036; x_wconf 87' lang='lat' dir='ltr'><strong>Jesu</strong></span> <span class='ocrx_word' id='word_1_234' title='bbox 945 3972 1055 4036; x_wconf 84' lang='lat' dir='ltr'><strong>Christi</strong></span> <span class='ocrx_word' id='word_1_235' title='bbox 1078 3974 1160 4055; x_wconf 91' lang='lat' dir='ltr'><strong>pium</strong></span> <span class='ocrx_word' id='word_1_236' title='bbox 1183 3995 1251 4037; x_wconf 89' lang='lat' dir='ltr'><strong>esse</strong></span> <span class='ocrx_word' id='word_1_237' title='bbox 1274 3975 1463 4040; x_wconf 87' lang='lat' dir='ltr'><strong>decrevimus</strong></span> 
     </span>
     <span class='ocr_line' id='line_1_31' title="bbox 270 4081 1463 4169; baseline -0.001 -20"><span class='ocrx_word' id='word_1_238' title='bbox 270 4093 300 4149; x_wconf 91' lang='lat' dir='ltr'><strong>et</strong></span> <span class='ocrx_word' id='word_1_239' title='bbox 315 4089 550 4148; x_wconf 87' lang='lat' dir='ltr'><strong>consentaneum</strong></span> <span class='ocrx_word' id='word_1_240' title='bbox 567 4081 696 4156; x_wconf 90' lang='lat' dir='ltr'><strong>raeioni,</strong></span> <span class='ocrx_word' id='word_1_241' title='bbox 725 4087 873 4164; x_wconf 89' lang='lat' dir='ltr'><strong>quatenus</strong></span> <span class='ocrx_word' id='word_1_242' title='bbox 896 4082 951 4145; x_wconf 93' lang='lat' dir='ltr'><strong>viri</strong></span> <span class='ocrx_word' id='word_1_243' title='bbox 966 4082 1030 4145; x_wconf 88' lang='lat' dir='ltr'><strong>Deo</strong></span> <span class='ocrx_word' id='word_1_244' title='bbox 1048 4083 1139 4146; x_wconf 85' lang='lat' dir='ltr'><strong>dicati</strong></span> <span class='ocrx_word' id='word_1_245' title='bbox 1162 4084 1273 4167; x_wconf 89' lang='lat' dir='ltr'><strong>ubique</strong></span> <span class='ocrx_word' id='word_1_246' title='bbox 1296 4104 1353 4166; x_wconf 90' lang='lat' dir='ltr'><strong>per</strong></span> <span class='ocrx_word' id='word_1_247' title='bbox 1369 4087 1463 4169; x_wconf 89' lang='lat' dir='ltr'><strong>impe·</strong></span> 
     </span>
     <span class='ocr_line' id='line_1_32' title="bbox 269 4188 1458 4277; baseline 0 -21"><span class='ocrx_word' id='word_1_248' title='bbox 269 4194 344 4258; x_wconf 86' lang='lat' dir='ltr'><strong>rium</strong></span> <span class='ocrx_word' id='word_1_249' title='bbox 361 4199 391 4256; x_wconf 89' lang='lat' dir='ltr'><strong>ct</strong></span> <span class='ocrx_word' id='word_1_250' title='bbox 406 4199 502 4256; x_wconf 87' lang='lat' dir='ltr'><strong>terras</strong></span> <span class='ocrx_word' id='word_1_251' title='bbox 520 4188 649 4252; x_wconf 88' lang='lat' dir='ltr'><strong>dominio</strong></span> <span class='ocrx_word' id='word_1_252' title='bbox 668 4194 770 4251; x_wconf 88' lang='lat' dir='ltr'><strong>nostro</strong></span> <span class='ocrx_word' id='word_1_253' title='bbox 787 4190 940 4253; x_wconf 89' lang='lat' dir='ltr'><strong>subiectas</strong></span> <span class='ocrx_word' id='word_1_254' title='bbox 958 4191 1087 4255; x_wconf 87' lang='lat' dir='ltr'><strong>debeant</strong></span> <span class='ocrx_word' id='word_1_255' title='bbox 1102 4193 1340 4257; x_wconf 87' lang='lat' dir='ltr'><strong>misericorditer</strong></span> <span class='ocrx_word' id='word_1_256' title='bbox 1362 4194 1458 4277; x_wconf 88' lang='lat' dir='ltr'><strong>recipi</strong></span> 
     </span>
     <span class='ocr_line' id='line_1_33' title="bbox 271 4298 1463 4368; baseline 0.002 -2"><span class='ocrx_word' id='word_1_257' title='bbox 271 4309 301 4366; x_wconf 89' lang='lat' dir='ltr'><strong>et</strong></span> <span class='ocrx_word' id='word_1_258' title='bbox 322 4302 360 4365; x_wconf 91' lang='lat' dir='ltr'><strong>ab</strong></span> <span class='ocrx_word' id='word_1_259' title='bbox 383 4299 518 4364; x_wconf 89' lang='lat' dir='ltr'><strong>omnibus</strong></span> <span class='ocrx_word' id='word_1_260' title='bbox 540 4299 637 4361; x_wconf 82' lang='lat' dir='ltr'><strong>Deum</strong></span> <span class='ocrx_word' id='word_1_261' title='bbox 658 4298 832 4361; x_wconf 89' lang='lat' dir='ltr'><strong>timentibus</strong></span> <span class='ocrx_word' id='word_1_262' title='bbox 856 4319 923 4363; x_wconf 91' lang='lat' dir='ltr'><strong>cum</strong></span> <span class='ocrx_word' id='word_1_263' title='bbox 946 4302 1174 4366; x_wconf 89' lang='lat' dir='ltr'><strong>elemosinarum</strong></span> <span class='ocrx_word' id='word_1_264' title='bbox 1197 4308 1227 4365; x_wconf 90' lang='lat' dir='ltr'><strong>et</strong></span> <span class='ocrx_word' id='word_1_265' title='bbox 1248 4302 1463 4368; x_wconf 86' lang='lat' dir='ltr'><strong>beneficiorum</strong></span> 
     </span>
    </p>
   </div>
   <div class='ocr_carea' id='block_1_8' title="bbox 269 4405 1464 4606">
    <p class='ocr_par' dir='ltr' id='par_1_8' title="bbox 269 4405 1464 4606">
     <span class='ocr_line' id='line_1_34' title="bbox 269 4405 1464 4495; baseline 0 -20"><span class='ocrx_word' id='word_1_266' title='bbox 269 4411 433 4494; x_wconf 84' lang='lat' dir='ltr'><strong>largicione</strong></span> <span class='ocrx_word' id='word_1_267' title='bbox 449 4406 604 4470; x_wconf 88' lang='lat' dir='ltr'><strong>caritative</strong></span> <span class='ocrx_word' id='word_1_268' title='bbox 621 4405 839 4489; x_wconf 88' lang='lat' dir='ltr'><strong>quodammodo</strong></span> <span class='ocrx_word' id='word_1_269' title='bbox 855 4410 1042 4489; x_wconf 86' lang='lat' dir='ltr'><strong>pertractari.</strong></span> <span class='ocrx_word' id='word_1_270' title='bbox 1075 4411 1119 4473; x_wconf 78' lang='lat' dir='ltr'><strong>Ad</strong></span> <span class='ocrx_word' id='word_1_271' title='bbox 1135 4411 1292 4495; x_wconf 88' lang='lat' dir='ltr'><strong>utriusque</strong></span> <span class='ocrx_word' id='word_1_272' title='bbox 1309 4415 1390 4476; x_wconf 90' lang='lat' dir='ltr'><strong>enim</strong></span> <span class='ocrx_word' id='word_1_273' title='bbox 1406 4415 1464 4477; x_wconf 87' lang='lat' dir='ltr'><strong>vite</strong></span> 
     </span>
     <span class='ocr_line' id='line_1_35' title="bbox 362 4530 751 4606; baseline -0.015 -14"><span class='ocrx_word' id='word_1_274' title='bbox 362 4536 396 4606; x_wconf 83' lang='lat' dir='ltr'><strong>o)</strong></span> <span class='ocrx_word' id='word_1_275' title='bbox 410 4535 479 4589; x_wconf 81' lang='lat' dir='ltr'><strong>[list.</strong></span> <span class='ocrx_word' id='word_1_276' title='bbox 492 4532 525 4585; x_wconf 82' lang='lat' dir='ltr'><strong>xl</strong></span> <span class='ocrx_word' id='word_1_277' title='bbox 541 4531 607 4585; x_wconf 85' lang='lat' dir='ltr'><strong>ieblt</strong></span> <span class='ocrx_word' id='word_1_278' title='bbox 617 4531 645 4583; x_wconf 81' lang='lat' dir='ltr'><strong>Z.</strong></span> <span class='ocrx_word' id='word_1_279' title='bbox 658 4530 711 4585; x_wconf 90' lang='lat' dir='ltr'><strong>und</strong></span> <span class='ocrx_word' id='word_1_280' title='bbox 722 4532 751 4586; x_wconf 87' lang='lat' dir='ltr'><strong>V.</strong></span> 
     </span>
    </p>
   </div>
   <div class='ocr_carea' id='block_1_9' title="bbox 270 4653 595 4672">
    <p class='ocr_par' dir='ltr' id='par_1_9' title="bbox 270 4653 595 4672">
     <span class='ocr_line' id='line_1_36' title="bbox 270 4653 595 4672; baseline 0 -8"><span class='ocrx_word' id='word_1_281' title='bbox 270 4653 595 4672; x_wconf 52' lang='grc' dir='ltr'><strong><em>Μ</em></strong></span> 
     </span>
    </p>
   </div>
   <div class='ocr_carea' id='block_1_10' title="bbox 310 4712 1398 4778">
    <p class='ocr_par' dir='ltr' id='par_1_10' title="bbox 310 4712 1398 4778">
     <span class='ocr_line' id='line_1_37' title="bbox 310 4712 1398 4778; baseline 0 -15"><span class='ocrx_word' id='word_1_282' title='bbox 310 4720 333 4778; x_wconf 84' lang='grc'><strong>1)</strong></span> <span class='ocrx_word' id='word_1_283' title='bbox 348 4721 430 4763; x_wconf 81' lang='lat' dir='ltr'><strong>Pacem</strong></span> <span class='ocrx_word' id='word_1_284' title='bbox 443 4716 552 4772; x_wconf 87' lang='lat' dir='ltr'><strong>relinquo</strong></span> <span class='ocrx_word' id='word_1_285' title='bbox 565 4713 641 4769; x_wconf 84' lang='lat' dir='ltr'><strong>vobis,</strong></span> <span class='ocrx_word' id='word_1_286' title='bbox 655 4726 735 4776; x_wconf 77' lang='lat' dir='ltr'><strong>pacem</strong></span> <span class='ocrx_word' id='word_1_287' title='bbox 749 4724 823 4756; x_wconf 78' lang='lat' dir='ltr'><strong>marm</strong></span> <span class='ocrx_word' id='word_1_288' title='bbox 837 4712 868 4757; x_wconf 92' lang='lat' dir='ltr'><strong>do</strong></span> <span class='ocrx_word' id='word_1_289' title='bbox 881 4713 956 4758; x_wconf 75' lang='lat' dir='ltr'><strong>vobio.</strong></span> <span class='ocrx_word' id='word_1_290' title='bbox 968 4716 1056 4774; x_wconf 63' lang='grc' dir='ltr'><strong>Ιίνιιις.</strong></span> <span class='ocrx_word' id='word_1_291' title='bbox 1070 4718 1169 4760; x_wconf 82' lang='lat' dir='ltr'><strong>secund.</strong></span> <span class='ocrx_word' id='word_1_292' title='bbox 1182 4718 1293 4762; x_wconf 82' lang='lat' dir='ltr'><strong>loannem</strong></span> <span class='ocrx_word' id='word_1_293' title='bbox 1307 4717 1346 4770; x_wconf 77' lang='lat' dir='ltr'><strong>vl,</strong></span> <span class='ocrx_word' id='word_1_294' title='bbox 1359 4719 1398 4763; x_wconf 80' lang='lat'><strong>27.</strong></span> 
     </span>
    </p>
   </div>
   <div class='ocr_carea' id='block_1_11' title="bbox 0 0 1629 5392">
    <p class='ocr_par' dir='ltr' id='par_1_11' title="bbox 0 0 1629 5392">
     <span class='ocr_line' id='line_1_38' title="bbox 0 0 1629 5392; baseline 0 0"><span class='ocrx_word' id='word_1_295' title='bbox 0 0 1629 5392; x_wconf 95' lang='lat' dir='ltr'><strong> </strong></span> 
     </span>
    </p>
   </div>
  </div>
 </body>
</html>
