3209 5392
262 520 342 591 428

260 693 379 757 illorum
396 692 601 764 dissimulent,
624 691 651 754 si
668 691 837 774 angustias,
854 690 882 754 si
896 690 1035 762 labores,
1058 691 1085 755 si
1101 691 1139 756 ad
1157 713 1261 757 eorum
1283 709 1459 757 succursum

261 801 440 865 omnimodis
452 800 566 867 viribus
579 801 685 884 ignare
696 804 836 883 torpeant
850 805 880 863 et
892 799 1106 864 miserabiliter
1121 801 1339 884 refrigescant:
1358 808 1459 871 nemo,

261 910 319 974 nisi
335 911 445 974 mentis
461 910 549 993 inops
566 909 673 981 fuerit,
690 929 750 972 non
766 908 915 991 agnoscit.
935 909 1162 991 Quantumlibet
1179 909 1210 997 ε)
1229 913 1340 995 quippe
1358 912 1461 975 dolosa

263 1018 441 1103 duplicitas,
463 1019 546 1080 litem
567 1018 692 1088 fallens,
717 1018 817 1080 locum
840 1016 898 1080 sibi
921 1015 1046 1079 effodiat
1069 1017 1099 1079 in
1115 1019 1241 1081 latebris
1257 1018 1459 1089 tenebrarum,

264 1148 299 1189 ex
327 1126 426 1209 aliqua
449 1131 551 1190 tamen
573 1132 660 1209 parte
684 1124 895 1188 nichilominus
918 1126 1086 1189 translucet
1108 1127 1298 1210 quorundam
1319 1127 1460 1197 intencio,

262 1236 313 1319 qui
329 1254 419 1297 unum
436 1234 627 1297 intendentes
644 1233 763 1297 occulte
781 1239 812 1297 et
829 1232 910 1296 aliud
926 1233 957 1295 in
973 1233 1094 1316 publico
1111 1236 1346 1316 pretendentes,
1362 1236 1459 1318 iurgia

261 1337 409 1413 excitant,
427 1342 619 1405 difficultates
636 1342 792 1405 innectunt
809 1347 840 1403 et
855 1341 988 1423 privatas
1007 1342 1157 1425 explicant
1172 1344 1364 1417 simultates,
1382 1344 1459 1414 dum,

261 1453 349 1516 boste
365 1470 419 1516 vos
442 1450 626 1514 intrinsecus
643 1449 674 1512 in
691 1449 835 1513 tratribus
848 1453 878 1512 et
891 1449 984 1512 sociis
1000 1456 1196 1533 perurgente,
1213 1452 1334 1524 auxilia,
1353 1453 1459 1537 quibus

262 1559 400 1642 indigent
412 1563 508 1622 status
523 1563 554 1620 et
570 1556 727 1621 denfensio
743 1556 853 1642 patrie,
869 1556 1044 1620 minuuntur
1056 1564 1087 1620 et
1098 1558 1250 1622 interdum
1263 1561 1362 1623 eciam
1376 1559 1460 1623 dille-

261 1675 377 1740 runtur‚
394 1672 426 1731 ut
439 1689 476 1731 ex
487 1667 546 1730 boe
558 1668 735 1750 plerumque
750 1666 896 1750 temporis
912 1667 1025 1730 utilitas
1042 1688 1097 1751 per
1110 1668 1219 1732 nociva
1235 1689 1319 1733 more
1336 1669 1460 1753 dispen-

264 1780 313 1843 dia
330 1782 502 1842 evanescat.
527 1776 595 1840 Non
611 1776 656 1839 sic
672 1774 736 1838 deri
754 1776 875 1858 expedit
890 1775 960 1849 tilii,
983 1795 1043 1839 non
1060 1776 1131 1848 sic,
1146 1797 1202 1840 nec
1218 1778 1305 1842 vobis
1322 1784 1397 1842 tunc
1415 1786 1459 1843 est

266 1888 444 1954 commentis
459 1885 630 1949 huiusmodi
647 1890 678 1947 et
693 1885 853 1948 conatibus
870 1885 992 1948 minime
1009 1886 1141 1951 obviare.
1169 1887 1231 1951 Sed
1254 1908 1323 1951 cum
1346 1889 1381 1951 in
1397 1910 1460 1952 me-

261 2004 376 2063 morato
404 1993 554 2080 triumpho
583 1992 721 2057 dominus
754 1993 836 2056 Deus
869 1994 1037 2077 porrexerit
1058 1993 1146 2057 vobis
1176 2014 1298 2059 manum
1321 2017 1409 2060 suam
1432 2004 1461 2060 et

264 2108 395 2171 iuvantis
423 2123 476 2169 vos
506 2101 607 2167 divine
631 2101 796 2164 clemencie
821 2100 958 2164 debeatis
981 2102 1112 2166 existere
1134 2102 1305 2177 adiutores,
1331 2111 1460 2189 tyranno

263 2217 416 2301 predicto,
441 2214 522 2277 sicut
544 2212 594 2296 qui
620 2210 683 2292 agit
700 2210 731 2272 in
753 2209 981 2293 desperacionis
1004 2212 1148 2283 articulo,
1172 2217 1307 2277 extrema
1328 2215 1462 2278 remedia

262 2325 414 2390 molliente
427 2322 474 2411 ζ),
489 2320 674 2405 prudencius
691 2323 738 2383 est
755 2325 786 2382 et
801 2319 959 2383 sollercius
975 2319 1186 2394 insistendum,
1203 2343 1241 2384 ne
1256 2322 1353 2407 ipsius
1372 2344 1460 2388 casus

263 2437 483 2516 recuperentur
493 2431 542 2517 η),
559 2429 622 2493 sire
640 2433 736 2491 status
753 2428 819 2491 eius
835 2429 943 2493 iterum
960 2429 1122 2493 reviviscat
1137 2430 1167 2492 in
1183 2432 1350 2513 perniciem
1367 2434 1461 2518 pluri·

263 2562 388 2607 morum.
412 2540 477 2604 Nisi
495 2538 540 2627 θ)
557 2538 636 2601 enim
652 2542 796 2620 regantur
813 2543 928 2601 stantes
943 2543 1104 2622 postquem
1120 2538 1158 2601 de
1175 2559 1248 2603 casu
1267 2543 1462 2613 surrexerint,

264 2650 436 2716 difficillima
450 2649 507 2712 erit
520 2647 632 2710 erectio
648 2651 719 2730 post
735 2664 878 2710 occasum
895 2654 925 2708 et
941 2667 976 2709 ex
993 2647 1233 2712 convalescentis
1249 2649 1369 2713 incuria
1386 2672 1461 2714 non-

264 2778 417 2845 nunquam
434 2754 612 2842 desperacio
630 2754 735 2819 salutis
752 2776 808 2840 per
829 2754 995 2818 allisionem
1017 2756 1170 2820 inducitur
1192 2758 1369 2822 recidivam.
1396 2759 1462 2824 Nou

265 2868 377 2933 debent
398 2867 489 2951 aliqui
511 2865 684 2928 intencione
708 2862 911 2950 quantalibet,
933 2865 964 2926 in
987 2865 1229 2948 comportacione
1253 2866 1461 2932 difficultatum

265 2978 482 3049 eminencium,
497 2975 627 3061 propriis
643 2979 803 3057 parcentes
820 2974 952 3047 viribus,
977 2974 1087 3037 cedere
1104 2975 1150 3037 vel
1167 2975 1312 3049 subduci,
1334 2982 1370 3039 ut
1387 2998 1461 3061 pon-

265 3091 321 3154 dus
337 3088 460 3171 gravius
475 3084 630 3149 incumbat
651 3089 847 3148 sacrosancte
864 3083 1013 3153 ecclesie,
1033 3083 1122 3146 matri
1140 3105 1212 3156 sue,
1230 3106 1287 3170 que
1304 3086 1353 3168 pie
1369 3088 1462 3151 mise-

263 3221 334 3264 rans
350 3198 477 3261 filiorum
493 3214 653 3278 pressuras
670 3199 700 3256 et
716 3193 857 3276 gemitus,
875 3193 984 3276 quibus
1000 3212 1053 3257 eos
1069 3193 1231 3258 modernus
1248 3195 1365 3259 Pharao
1385 3197 1462 3260 aflli-

267 3308 375 3392 gebat,
401 3304 585 3370 sublevando
608 3308 757 3366 tantorum
779 3303 926 3365 malorum
948 3304 1097 3366 sarcinam
1113 3323 1235 3366 manum
1251 3304 1333 3368 misit
1349 3309 1381 3368 et
1397 3307 1462 3368 illo·

266 3437 332 3481 rum
348 3416 468 3480 labores
492 3412 586 3477 subiit
609 3431 644 3476 ac
665 3410 784 3474 dolores
808 3410 954 3495 portavit,
978 3431 1016 3473 ne
1042 3409 1206 3474 delicerent
1231 3432 1291 3474 non
1313 3414 1461 3478 babentes

267 3526 433 3613 presidium
448 3524 479 3586 in
495 3522 633 3605 flagellis.
659 3520 766 3584 Pocius
785 3524 885 3582 autem
903 3520 1077 3603 quicunque
1101 3525 1172 3583 sunt
1195 3518 1266 3591 lilii,
1289 3521 1462 3608 quicunque

264 3636 368 3699 fideles
385 3632 571 3716 recogitent,
595 3630 725 3713 qualiter
741 3629 848 3691 eadem
865 3627 996 3692 ecclesia
1010 3648 1065 3711 pro
1083 3628 1178 3692 salute
1195 3631 1326 3694 omnium
1342 3632 1463 3695 labora-

244 3764 246 3769 ·
265 3746 343 3811 verit
357 3744 508 3807 hactenus
526 3747 556 3804 et
571 3738 705 3811 laborat,
731 3743 761 3801 et
783 3758 886 3801 secum
904 3738 941 3801 ad
957 3738 1137 3821 portandum
1155 3739 1301 3823 quidquid
1317 3739 1462 3803 incumbit

266 3853 467 3918 subiicientur
482 3848 635 3912 humiliter
651 3851 681 3909 et
703 3846 885 3909 unanimiter
906 3845 1135 3917 submittantur,
1166 3847 1337 3911 attollentes
1360 3848 1461 3912 intime

268 3958 525 4027 consideracionis
541 3958 680 4021 intuitum
697 3956 735 4018 ad
751 3955 900 4038 prefatam
913 3955 1065 4017 civitatem
1082 3956 1113 4017 in
1129 3957 1382 4019 resurrectionem
1400 3961 1461 4020 sta·

264 4077 313 4138 tus
329 4071 421 4135 totius
434 4067 530 4132 Ytalie
547 4087 564 4130 a
580 4066 707 4129 Domino
724 4064 901 4127 mirabiliter
916 4069 1120 4147 preparatam,
1139 4084 1198 4148 que
1214 4064 1297 4128 velut
1313 4065 1343 4128 in
1358 4066 1461 4128 incen-

265 4180 347 4245 dium
363 4177 530 4244 exterminii
547 4195 665 4239 manum
682 4176 822 4244 mittens,
845 4193 878 4235 se
894 4172 1030 4254 periculo
1048 4175 1200 4255 exposuit,
1224 4164 1262 4236 ne
1284 4193 1338 4238 vos
1361 4180 1392 4236 et
1412 4173 1460 4238 alii

264 4289 296 4353 in
318 4288 440 4352 maioris
462 4285 614 4372 precipitii
635 4283 811 4365 voraginem
833 4283 1010 4365 vergeretis.
1039 4282 1189 4364 Quocirca
1211 4289 1343 4347 vestram
1364 4282 1461 4347 fideli-

265 4403 358 4462 tatem
374 4396 511 4460 duximus
526 4395 706 4478 propensius
724 4393 989 4463 commonendam,
1007 4396 1155 4475 quatenus
1172 4392 1337 4476 prudenter
1360 4392 1458 4455 consi-

266 4507 419 4578 derantes,
437 4524 526 4589 quam
538 4509 626 4587 turpe
639 4503 689 4576 sit,
707 4508 741 4567 ut
757 4501 828 4565 dum
844 4522 892 4565 res
909 4502 948 4564 ad
965 4503 1084 4565 culmen
1100 4501 1187 4565 finale
1203 4503 1286 4565 venit
1302 4502 1458 4565 multorum

266 4620 425 4702 procreata
441 4613 613 4685 laboribus,
630 4614 668 4676 ab
684 4612 835 4676 instancia
853 4612 934 4695 cepti
950 4632 1006 4695 per
1021 4611 1166 4677 inerciam
1182 4612 1321 4685 relaxari,
1344 4612 1381 4675 in
1402 4610 1459 4672 de-

265 4723 674 4795 fensionemcivitatis
697 4722 896 4805 predicte,
926 4721 970 4785 de
994 4741 1064 4806 qua
1087 4721 1232 4807 pendet
1255 4721 1459 4807 potissime
