3209 5392
840 771 867 834 t.

655 935 694 998 ll
710 936 776 998 elna
791 934 1045 999 deno-inetur.

347 1095 518 1161 Venerabili
534 1099 565 1158 et
581 1093 839 1177 supervenerabili
856 1093 976 1158 domino
1000 1113 1075 1164 suo,
1098 1091 1148 1157 cui
1170 1093 1272 1154 innata
1292 1088 1445 1153 clementia

256 1204 406 1270 veraciter
421 1224 531 1267 nornen
548 1202 645 1274 dedit,
667 1201 787 1267 domino
806 1203 952 1267 Clementi
968 1202 1020 1265 tali
1037 1206 1068 1264 et
1084 1187 1307 1283 archidyacono
1325 1218 1397 1263 suus
1411 1197 1443 1259 ll.

256 1332 326 1376 cum
342 1312 450 1375 devota
466 1310 667 1375 veneracione
683 1312 819 1374 salutern.

344 1419 435 1485 Novit
457 1425 558 1484 vestre
575 1418 741 1491 discrecio,
764 1439 855 1502 qnam
871 1418 1035 1501 gloriosum
1052 1419 1092 1481 sit
1115 1414 1306 1499 magnificum
1331 1433 1445 1482 nomen,

255 1529 309 1594 sed
326 1549 416 1614 quam
432 1527 593 1611 gloriosius
609 1527 848 1610 magnitudinem
862 1527 990 1591 nominis
1002 1547 1091 1590 manu
1104 1522 1265 1607 magnilica
1278 1522 1444 1607 protestari.

253 1642 364 1705 Verum
377 1638 478 1702 divina
489 1637 683 1721 providencia
695 1660 748 1701 vos
761 1638 892 1720 providit
904 1658 962 1702 non
975 1644 1154 1720 accepturos
1168 1656 1276 1699 nomen
1289 1632 1319 1696 in
1331 1654 1446 1702 vanum,

252 1768 342 1834 quem
358 1748 477 1810 nomine
493 1747 658 1810 clemencie
676 1746 863 1811 denominari
879 1747 1027 1829 disposuit
1044 1747 1184 1809 devotum
1216 1740 1384 1808 clemencie
1399 1760 1447 1804 ce·

252 1856 388 1919 latorem.
414 1853 584 1936 llapropter
606 1860 719 1917 tantam
742 1855 822 1936 apud
841 1876 894 1918 vos
917 1853 1032 1917 babens
1054 1855 1232 1917 advocatam
1255 1850 1448 1914 clemenciam

252 1962 369 2026 scilicet
385 1961 568 2025 exorabilem
584 1961 824 2027 dominacionem
840 1962 884 2048 a)
900 1967 1030 2025 vestram
1047 1959 1234 2025 familiariter
1248 1957 1404 2040 expostulo
1421 1962 1450 2018 et

252 2090 395 2152 exposco,
412 2074 562 2154 quatenus
578 2071 699 2153 pietatis
712 2070 823 2134 affectu
837 2071 946 2142 adme,
963 2072 1103 2133 devotum
1116 2074 1262 2139 vestrum,
1278 2065 1372 2130 studii
1385 2061 1449 2126 diu-

250 2177 395 2242 turnitate
423 2184 651 2260 consumptum,
679 2183 859 2260 paupertate
882 2179 1076 2261 depressum,
1106 2173 1217 2239 debitis
1240 2177 1448 2256 aggravatum,

252 2283 383 2348 nobilem
401 2283 597 2348 clemenciam
614 2289 743 2347 vestram
762 2287 917 2367 exponatis
936 2284 967 2348 in
984 2284 1149 2346 clemencia
1166 2279 1314 2352 manuali,
1339 2286 1374 2342 ut
1389 2299 1449 2342 me-

251 2389 375 2454 moriale
392 2395 524 2454 vestrum
541 2389 743 2454 indelebiliter
758 2391 910 2455 scribatur
927 2393 1057 2455 humane
1073 2389 1219 2454 memorie
1236 2395 1267 2451 et
1284 2385 1395 2451 divine.

832 2631 858 2673 0.

720 2774 742 2836 l
758 2775 966 2838 conversione.

340 2931 578 2995 llonoratissimo
600 2929 664 2994 viro
687 2937 717 2993 et
738 2931 819 2995 inter
840 2931 958 2996 nobiles
980 2932 1109 2997 educato
1126 2931 1160 2995 C.
1179 2933 1215 2995 ll.
1236 2938 1294 2995 etc.
1318 2933 1444 2994 salutem

250 3058 316 3102 cum
333 3037 416 3102 filiali
431 3039 606 3104 reverencia
624 3045 654 3102 et
670 3039 780 3103 servili.

337 3147 454 3211 Felices
478 3146 609 3210 arbitror
631 3168 699 3211 esse
722 3170 851 3233 pueros,
880 3149 1044 3213 advocatos
1067 3150 1097 3213 in
1119 3154 1287 3232 conspectu
1310 3147 1444 3230 pruden-

248 3259 345 3325 cium,
363 3275 487 3340 quorum
506 3253 586 3319 oculi
601 3254 773 3338 conspicuis
791 3255 947 3339 exemplis,
965 3278 1055 3320 aures
1071 3257 1298 3340 impregnantes
1315 3275 1443 3341 precep-

246 3362 303 3433 tis,
322 3383 448 3447 quorum
470 3362 570 3445 lingue
593 3362 685 3427 castis
710 3363 854 3448 eloquiis,
873 3385 978 3430 manus
1001 3371 1101 3429 autem
1127 3365 1243 3430 devotis
1265 3369 1444 3429 exercentur

245 3470 416 3554 obsequiis,
441 3476 489 3542 ut,
514 3473 594 3534 sicut
616 3473 815 3555 corporaliter
830 3473 875 3536 sic
891 3473 1064 3537 mentaliter
1080 3478 1196 3538 mutent
1212 3493 1350 3556 magnam
1369 3492 1441 3535 con-

242 3578 433 3643 suetudinem
450 3580 481 3642 in
498 3592 642 3643 naturam.
669 3582 731 3643 Hec
749 3587 796 3645 est
813 3580 940 3645 celebris
957 3582 1206 3655 transformacio‚
1229 3581 1287 3645 hec
1311 3579 1440 3645 salubris

242 3687 414 3770 perversio,
438 3688 494 3749 bec
516 3688 647 3750 mutacio
671 3689 794 3752 dextere
818 3689 938 3752 excelsi.
968 3689 1084 3754 ldcirco
1108 3690 1248 3755 nimirum
1264 3690 1350 3753 vobis
1368 3710 1440 3753 con-

241 3793 388 3877 gratulari
417 3793 531 3866 debeo,
560 3796 629 3879 qnia
658 3794 777 3859 felicem
805 3797 971 3880 puericiam
995 3805 1126 3862 vestram
1153 3796 1339 3883 expendistis
1362 3797 1441 3861 inter

241 3902 397 3965 munificos
421 3909 451 3967 et
473 3902 650 3985 magnificos
666 3905 763 3975 viros,
786 3925 913 3988 quorum
936 3906 1175 3970 munificenciam
1193 3927 1356 3969 recensere
1372 3907 1439 3988 pul·

243 4010 347 4075 chrum
365 4016 422 4082 est,
440 4012 494 4075 sed
511 4011 665 4093 pulchrius
681 4012 800 4076 imitari.
827 4013 975 4095 Quoniam
992 4013 1086 4096 igitur
1102 4002 1247 4079 laboriosi
1264 4013 1354 4079 studii
1372 4013 1438 4091 diu,-

239 4119 384 4193 turnitas,
403 4120 577 4184 calamitosa
594 4129 756 4205 paupertas
776 4127 808 4185 et
830 4143 958 4186 onerosa
983 4123 1151 4187 debitorum
1177 4123 1309 4186 infinitas
1331 4143 1437 4207 super-

239 4248 347 4310 gresse
364 4234 434 4293 sunt
459 4234 549 4313 caput
565 4249 680 4301 meum,
703 4229 782 4293 sicut
799 4251 875 4293 onus
892 4251 984 4313 grave
1001 4237 1130 4313 gravant
1146 4252 1209 4294 me:
1233 4230 1436 4317 venerabilem

238 4335 459 4419 benignitatem
482 4343 612 4402 vestram
634 4344 717 4400 tanto
745 4337 914 4401 fiducialius
942 4338 1082 4423 requiro,
1111 4345 1223 4422 quanto
1254 4322 1437 4423 prudenciae

239 4445 369 4509 enutrita
391 4444 535 4528 cognovi,
560 4454 708 4531 quatenus
725 4446 933 4509 subveniendo
952 4446 1061 4520 michi,
1084 4448 1197 4511 clerico
1215 4455 1315 4511 vestro
1332 4445 1436 4511 humili

242 4562 272 4618 et
289 4554 406 4626 devoto,
424 4562 554 4618 vestram
571 4562 602 4618 ct
617 4560 784 4618 vestrorum
800 4555 929 4636 gloriam
947 4556 1087 4620 dilatetis.

309 4701 344 4769 a)
358 4698 617 4756 denominaeionenr
