3209 5392
270 529 321 598 26

270 701 420 773 exhiberi,
443 723 479 765 ac
502 722 608 764 munus
630 702 876 767 consecracionis
894 702 1041 784 impendi,
1058 702 1209 785 recepturi
1225 701 1417 784 postmodum
1434 701 1473 764 ab

270 833 306 875 eo
322 831 376 894 pro
393 810 480 874 nobis
498 815 529 873 et
545 810 675 873 ecclesia
691 811 824 874 Romana
846 809 999 873 fidelitatis
1022 810 1220 874 iuramentum
1236 811 1317 874 iuxta
1333 810 1473 882 formam,

268 940 356 1004 quam
369 919 425 982 sub
437 919 516 982 bulla
530 925 633 982 nostra
645 918 731 982 vobis
743 918 972 982 transmittimus
985 918 1197 990 interclusam
1210 918 1353 1003 alioquin,
1361 919 1472 982 eadem

268 1031 416 1095 electione
433 1034 564 1098 cassata,
580 1026 701 1091 faciatis
718 1026 776 1108 ipsi
793 1027 925 1089 ecclesie
942 1026 980 1089 de
995 1046 1125 1108 persona
1141 1025 1258 1108 ydoneo
1274 1047 1329 1110 per
1345 1027 1473 1091 electio·

268 1159 336 1203 nem
368 1137 545 1201 canonicam
575 1134 743 1217 provideri,
775 1134 1017 1198 contradictores
1056 1154 1191 1218 quosque
1222 1154 1278 1216 per
1309 1154 1471 1200 censuram

268 1246 521 1317 ecclesiasticam,
544 1240 881 1325 appellacione⁶remota
898 1243 949 1330 a),
966 1250 1207 1325 compescentes,
1226 1244 1351 1306 sormam
1368 1251 1470 1309 autem

266 1355 436 1426 iuramenti,
453 1351 534 1437 quod
555 1351 621 1433 ipse
637 1351 795 1433 prestabit,
813 1352 851 1414 de
879 1351 972 1414 verbo
989 1350 1028 1414 ad
1056 1349 1180 1414 verbum
1209 1351 1298 1415 nobis
1327 1372 1384 1435 per
1406 1357 1471 1418 eius

271 1471 409 1549 patentes
430 1463 547 1526 litteras
564 1458 602 1544 b)
619 1459 788 1523 destinetis.
806 1461 873 1524 Dat.
893 1466 952 1523 etc.

430 1662 602 1744 llxemplsn
618 1662 738 1744 papalis
755 1660 970 1726 commissionis
987 1664 1018 1725 ln
1035 1680 1128 1726 crass
1142 1665 1312 1744 temporali.

356 1825 522 1906 Gregorius
551 1823 710 1905 episcopus
739 1841 845 1885 servus
869 1841 1023 1884 servorum
1045 1822 1102 1885 Dei
1131 1829 1221 1885 etcet.
1253 1823 1281 1911 ¹)
1312 1825 1357 1887 Ex
1379 1794 1481 1908 parte*

265 1935 446 1999 venerabilis
464 1934 501 2019 ο)
518 1934 613 1997 nostri
628 1931 796 2013 Maguntioi
819 1932 954 2013 episcopi
970 1932 1026 1994 luit
1041 1931 1227 2013 propositum
1245 1952 1348 1998 coram
1367 1936 1469 2007 nobis,

265 2045 347 2129 quod
369 2045 397 2108 J.
423 2050 454 2108 et
469 2044 504 2106 0.
533 2042 663 2105 illustres
679 2042 832 2124 principes
866 2040 903 2104 de
927 2039 1145 2121 Prandenpurg
1166 2039 1207 2128 d)
1234 2061 1290 2123 per
1319 2044 1470 2126 quosdam

264 2155 410 2219 terminos
426 2173 480 2216 sue
495 2151 665 2233 potestatis,
682 2150 756 2214 sitos
771 2151 811 2238 e)
828 2152 859 2213 in
875 2150 970 2233 ipsius
988 2149 1123 2234 dyocesi,
1141 2150 1273 2213 decimas
1290 2151 1347 2213 sub
1364 2153 1468 2217 divino

265 2262 330 2326 iure
353 2261 470 2327 solvere
491 2261 710 2332 contradicant,
727 2265 759 2323 et
774 2280 866 2342 super
887 2260 945 2324 boc
968 2281 986 2324 a
1008 2260 1096 2324 nobis
1119 2260 1270 2323 iusticiam
1292 2260 1467 2342 postulavit.

264 2373 311 2436 Ad
332 2373 389 2435 bec
411 2372 538 2434 dilectus
563 2375 667 2433 noster
689 2368 755 2441 ch,
777 2370 847 2433 talis
863 2369 921 2432 ioci
945 2368 1127 2440 canonicus,
1150 2369 1299 2433 dictorum
1321 2370 1468 2433 nobilium

265 2488 454 2564 procurator,
471 2479 627 2560 proposuit
643 2497 745 2541 coram
761 2478 849 2541 nobis
867 2499 903 2540 ex
919 2478 1059 2549 adverso,
1075 2478 1156 2562 quod
1178 2478 1251 2542 dicti
1273 2479 1465 2542 marchiones

266 2590 323 2653 sub
351 2607 473 2653 avorum
495 2607 617 2649 suorum
638 2585 822 2669 temporibus
844 2588 875 2649 in
895 2607 930 2650 ea
952 2586 1107 2659 libertate,
1129 2587 1284 2669 episcopis
1306 2587 1380 2653 dicti
1406 2589 1465 2652 loci

266 2698 431 2764 scientibus
449 2705 480 2762 et
495 2717 555 2760 non
567 2696 857 2768 contradicentibus,
874 2715 993 2777 semper
1004 2697 1206 2779 possederunt
1217 2702 1315 2761 terras
1332 2718 1417 2770 suas,
1434 2705 1465 2762 ut

266 2812 304 2873 de
321 2808 437 2873 eisdem
454 2825 549 2889 usque
565 2805 603 2868 ad
614 2805 677 2869 ,bec
693 2811 829 2887 tempora
843 2805 976 2869 decimas
991 2826 1051 2869 nou
1066 2804 1325 2891 solverintf),sed
1337 2808 1465 2890 quedam

263 2920 343 2983 bona
360 2918 398 2981 de
412 2916 526 2999 prediis
542 2914 605 2977 suis
622 2914 769 2976 dederunt
783 2933 837 2995 pro
854 2913 929 2995 ipsis
946 2914 1084 2988 decimis,
1102 2916 1140 2978 de
1157 2920 1368 3000 episcoporum
1384 2918 1465 2980 dicte

263 3026 393 3092 ecclesie
409 3022 631 3107 approbacione
647 3028 678 3085 et
693 3041 855 3094 consensu,
873 3029 904 3085 et
917 3023 947 3085 id
959 3043 993 3086 se
1005 3030 1180 3088 constanter
1194 3031 1334 3090 asserunt
1349 3027 1464 3109 proba·

263 3144 357 3201 turos.
375 3136 400 3198 E
416 3139 521 3198 contra
535 3132 691 3214 proposuit
707 3138 886 3213 procurator
898 3132 1050 3215 episcopi,
1069 3133 1149 3217 quod
1161 3134 1219 3197 etsi
1235 3135 1275 3222 9)
1293 3136 1464 3200 concambii

264 3246 323 3307 vim
345 3249 440 3307 testes
463 3248 493 3305 et
515 3242 628 3322 scripta
660 3240 812 3304 autentica
843 3241 1036 3322 apparuerint
1053 3239 1105 3326 l),
1137 3242 1207 3305 huic
1237 3244 1268 3324 i)
1301 3246 1464 3309 eorundem

263 3351 439 3437 probacioni
456 3350 622 3413 nullatenus
640 3349 778 3412 standum
796 3355 889 3420 esset,
906 3368 974 3412 curn
990 3351 1037 3411 ius
1056 3349 1238 3415 decimarum
1256 3353 1332 3417 adeo
1349 3353 1464 3416 iuribus

265 3459 469 3545 spiritualibus
483 3459 523 3522 sit
534 3477 692 3529 annexum,
710 3458 789 3539 quod
806 3458 903 3519 eciam
919 3477 975 3519 nec
992 3458 1082 3520 vendi
1098 3479 1156 3522 nec
1173 3462 1350 3525 commutari
1367 3463 1465 3526 valeat

264 3570 446 3641 ullomodo,
468 3573 500 3630 ut
522 3568 552 3629 in
576 3567 791 3648 proprietatem
812 3566 935 3647 laycalis
958 3569 1099 3648 potencie
1115 3576 1326 3643 convertatur,
1348 3591 1418 3634 cum
1435 3581 1465 3634 et

266 3681 338 3745 dicti
354 3678 543 3743 marchiones
562 3697 620 3740 non
636 3676 697 3738 sint
711 3675 796 3755 ligati
813 3673 852 3755 a)
870 3675 972 3739 debito
988 3677 1166 3740 vasallorum
1189 3679 1333 3761 episcopo
1349 3701 1464 3744 merno-

264 3798 329 3857 rato
343 3808 399 3853 nec
416 3809 449 3851 se
466 3785 579 3850 babere
596 3784 729 3847 decimas
745 3783 791 3845 vel
808 3783 847 3845 ab
864 3783 969 3846 eodem
986 3785 1033 3847 vel
1049 3785 1087 3849 ab
1105 3785 1162 3849 ullo
1178 3788 1314 3870 principe
1337 3788 1465 3853 ecclesi-

264 3902 361 3966 astico
389 3899 548 3962 fateantur.
582 3894 656 3957 Cum
684 3899 784 3956 tamen
813 3892 930 3954 decime
955 3892 986 3976 l)
1014 3914 1031 3956 a
1059 3894 1178 3958 nemine
1205 3902 1397 3980 preterquam
1425 3897 1462 3961 ab

264 4009 395 4074 ecclesia
410 4005 515 4070 haberi
532 4004 651 4067 valeant
667 4003 725 4066 ullo
742 4003 842 4074 modo,
860 4009 891 4066 et
907 4002 981 4066 dicti
997 4004 1150 4087 principes
1167 4005 1198 4068 in
1213 4004 1273 4069 boo
1289 4005 1400 4071 nullum
1416 4008 1462 4071 ius

296 4174 330 4242 o)
344 4170 531 4243 appollacione
543 4165 691 4239 postposita
705 4167 732 4220 Z.
751 4197 775 4205 -
795 4167 828 4233 b)
846 4167 938 4221 literas
953 4173 980 4220 et
993 4165 1048 4219 eius
1061 4168 1198 4237 proprium
1211 4170 1333 4223 nuncium
1346 4176 1460 4238 quanto·

265 4264 325 4320 cius
339 4260 480 4315 destinetis
493 4260 520 4313 Z.
543 4290 566 4298 -
584 4259 614 4327 r)
636 4258 728 4313 fratris
742 4275 767 4311 n.
784 4258 818 4311 Μ.
838 4257 888 4311 fuit
902 4258 929 4310 Ζ.
949 4287 975 4297 -
992 4259 1027 4327 d)
1040 4256 1245 4312 brandenburch
1259 4260 1287 4312 Z.
1302 4290 1334 4300 -
1349 4261 1382 4329 e)
1397 4263 1461 4315 lirol

263 4358 291 4411 Ζ.
307 4384 338 4394 -
351 4353 383 4425 f)
398 4355 532 4407 solverunt
545 4352 573 4405 Z.
586 4380 615 4391 -
630 4351 666 4421 9)
680 4350 741 4405 talis
755 4367 778 4404 c.
793 4350 821 4403 Z.
839 4380 869 4389 —
880 4347 916 4418 Ιι)
930 4351 1093 4420 apparerent
1105 4351 1133 4404 Z.
1144 4381 1179 4390 -
1189 4352 1216 4421 i)
1230 4352 1379 4408 huiusmodi
1390 4356 1460 4408 Ζ.-

265 4450 299 4518 lr)
312 4445 395 4517 iegati
404 4444 434 4498 V.
453 4474 480 4484 -
498 4445 524 4514 l)
539 4444 611 4498 dieto
625 4445 683 4497 dec.
698 4445 724 4497 Z.

266 4633 590 4650 βιῳ-*ι

292 4774 313 4837 ¹)
326 4777 358 4821 liu
376 4774 415 4821 die
433 4774 518 4820 llrzbb.
537 4787 582 4822 roo
600 4773 745 4834 llugdsburg
761 4775 806 4819 uud
825 4775 892 4829 coln,
910 4776 955 4820 wis
973 4788 1014 4820 aus
1031 4773 1074 4819 der
1091 4774 1173 4819 citatio
1193 4774 1215 4818 S.
1234 4773 1265 4819 30
1276 4774 1428 4836 berrorgebt
