3209 5392
1282 555 1359 626 213

168 746 221 788 vos
238 726 381 797 recolitis,
398 727 594 807 pinguiorem
611 748 683 808 erga
700 747 755 790 uos
768 729 808 813 η)
820 748 939 810 semper
950 730 982 790 in
998 730 1101 791 melius
1119 728 1360 791 munificenciam

169 832 303 896 invenire
317 834 359 896 'de
375 838 478 896 cetero
494 834 662 897 confidatis.

260 993 457 1061 Vergleichuug
471 994 535 1047 mit:
555 995 626 1048 Petr.
646 994 680 1048 de
698 994 755 1048 Vin.
776 994 801 1058 3,
820 993 855 1047 at
875 995 922 1060 mit
942 994 990 1048 der
1003 983 1171 1050 liberiani-io
1183 993 1287 1049 Pisanis
1301 1001 1357 1048 etc.

166 1080 218 1133 und
243 1084 360 1135 blarteue
385 1081 516 1137 collectio
540 1083 567 1144 2.
590 1082 661 1135 1207
685 1082 821 1138 Corradus
836 1083 1012 1154 etcbajulis,
1039 1084 1185 1147 iudicibus,
1212 1083 1360 1139 hominibus

168 1171 327 1225 Panormi.
348 1201 383 1210 -
402 1173 432 1238 α)
451 1173 570 1239 magistri
591 1177 644 1226 etc.
659 1172 705 1243 (G.
718 1173 855 1244 Marione)
870 1175 1009 1228 secretarii
1024 1174 1108 1228 nostri
1122 1173 1231 1228 Siciliae
1241 1175 1312 1227 Petr.
1326 1173 1360 1226 de

167 1259 223 1314 Vin.
242 1262 367 1315 Marteue.
382 1261 459 1328 -β)
478 1262 589 1315 inertiae
607 1262 683 1315 Mart.
703 1293 731 1301 -
745 1262 778 1333 a)
798 1262 875 1317 uobis
894 1263 966 1316 Petr.
986 1263 1011 1316 d,
1033 1264 1062 1317 V.
1079 1294 1111 1303 -
1125 1262 1156 1333 δ)
1178 1263 1267 1316 nubila
1286 1264 1359 1316 Petr.

166 1378 202 1387 —
220 1349 248 1417 ε)
265 1352 429 1421 complacuit
446 1349 521 1403 reta
534 1352 611 1404 Mart
635 1381 664 1390 -
685 1352 713 1417 ζ)
730 1352 788 1405 Von
806 1353 840 1404 Et
859 1350 981 1420 quoniam
1004 1383 1037 1392 -
1056 1353 1188 1423 majestas
1209 1353 1281 1404 Petr.
1305 1352 1359 1404 und

168 1438 286 1492 blatteoe
299 1440 396 1492 andere
410 1440 538 1508 Fassuug.
552 1468 588 1478 -
599 1440 633 1509 η)
647 1440 689 1492 tor
702 1457 766 1510 erga
780 1458 827 1493 uos
840 1440 910 1511 apud
925 1459 973 1494 nos
986 1443 1056 1495 Petr.
1070 1442 1124 1496 und
1139 1443 1263 1509 Marione.

752 1735 787 1802 9.

558 1909 726 1989 inperator
748 1910 815 1986 regi
835 1910 966 1972 Prende.

164 2061 309 2118 Friedrich
320 2064 355 2117 11.
370 2062 478 2134 forden
495 2064 547 2118 den
560 2064 647 2135 Konig
665 2082 716 2119 von
727 2063 894 2119 dhanhreich
912 2064 977 2135 auf,
999 2065 1050 2119 den
1063 2049 1294 2121 Hondelaeerlcehr
1313 2067 1360 2120 mit

464 2153 517 2206 den
527 2152 700 2207 rebelliecheo
712 2154 854 2207 moenem
867 2153 1054 2208 abaubrechen.

260 2296 332 2348 Petr.
346 2294 379 2347 de
393 2294 448 2349 Vin.
462 2296 488 2357 2,
503 2294 537 2350 13
551 2294 750 2365 gleieblautend
765 2312 797 2350 an
812 2296 854 2351 die
866 2297 985 2352 Pisanos.

254 2438 409 2501 Furiosam
440 2439 613 2521 superbiam
645 2444 676 2503 et
707 2439 869 2522 superbam
904 2440 1013 2504 furiam
1043 2442 1254 2513 Lucanorum,
1298 2461 1358 2524 qua

164 2546 315 2618 succensi,
332 2548 496 2610 frementes
513 2567 547 2609 se
564 2552 669 2636 eontra
683 2549 780 2610 Deum
802 2553 834 2611 et
845 2548 1008 2611 Romanum
1021 2549 1178 2631 imperium
1190 2554 1359 2621 erexerunt,

164 2654 347 2734 superfluum
368 2659 452 2718 esset
474 2654 633 2718 devotioni
650 2661 751 2718 vestre
767 2675 823 2737 per
838 2655 958 2736 singula
973 2657 1069 2719 literis
1087 2656 1252 2729 recenseri,
1269 2673 1359 2739 quam

160 2760 220 2823 iam
241 2761 337 2824 lacius
365 2762 548 2844 divulgatam
574 2782 628 2825 ros
655 2763 806 2826 credimus
830 2783 889 2826 non
910 2764 1016 2827 latere.
1052 2765 1115 2828 Sed
1138 2783 1195 2826 nec
1212 2764 1359 2846 quosdam

163 2887 306 2930 excessus
335 2869 499 2932 eorundem
514 2869 651 2933 volumus
668 2869 724 2932 sub
741 2870 868 2932 silencio
894 2871 1060 2952 preterire,
1089 2876 1122 2935 ut
1142 2891 1209 2942 ros,
1234 2871 1358 2933 eelsitu-

166 2975 244 3037 dinis
261 2980 364 3039 nostre
380 2976 469 3038 zelati
486 2976 631 3040 honorem
649 2983 679 3041 et
696 2977 879 3041 abhominati
894 2978 995 3040 verius
1011 2978 1200 3061 iniquitatem
1212 2978 1357 3059 ipsorum,

162 3082 202 3145 ad
222 3089 355 3146 nosuam
377 3090 408 3146 et
429 3083 548 3164 imperii
569 3083 781 3147 vindicandam
803 3084 943 3148 iniuriam
965 3091 996 3148 et
1017 3086 1133 3148 illorum
1162 3084 1360 3148 insolenciam

163 3190 362 3254 edomandam
378 3193 531 3273 exurgatis
547 3198 688 3273 potenter
701 3194 815 3273 pariter
837 3198 869 3255 et
888 3198 1035 3275 patenter.
1069 3193 1144 3255 Cum
1166 3193 1245 3255 enim
1266 3192 1357 3254 iidem

162 3298 245 3361 cives
261 3299 299 3361 ad
316 3301 522 3383 occupandam
537 3306 650 3363 terram
671 3301 790 3382 imperii
806 3301 950 3384 nequiter
972 3301 1139 3374 inhiarent,
1167 3321 1220 3364 eos
1242 3301 1360 3383 pluries

161 3407 329 3470 monuimus
346 3408 377 3470 in
395 3408 503 3489 spiritu
518 3408 663 3482 lenitatis,
679 3429 718 3472 ne
734 3414 849 3472 tantam
864 3410 951 3472 nobis
967 3410 1143 3473 molirentur
1156 3409 1356 3473 iniuriamseu

161 3515 318 3579 iacturam.
352 3514 416 3578 Sed
431 3515 489 3586 illi,
518 3515 636 3577 blandis
652 3517 764 3579 nostris
788 3516 970 3598 contemptis
992 3516 1129 3588 monitis,
1157 3515 1357 3598 iniquitatem,

163 3641 251 3706 quam
268 3626 481 3704 conceperant,
504 3622 658 3703 parientes
675 3623 726 3706 a),
742 3623 911 3703 predictam
933 3627 1045 3686 terram
1065 3622 1214 3685 hostiliter
1235 3622 1356 3685 invase-

162 3736 248 3804 runt,
264 3732 297 3794 in
314 3752 350 3794 ea
372 3732 466 3795 multa
488 3731 621 3794 enormia
638 3731 869 3794 committentes.
903 3730 1005 3803 Unde,
1033 3751 1071 3793 ne
1087 3735 1201 3793 tantam
1216 3730 1357 3794 iniuriam

161 3839 248 3903 noxie
265 3839 422 3921 negligere
437 3840 619 3911 videremur,
631 3840 819 3902 materialem
831 3839 964 3920 gladium
977 3838 1165 3902 exercuimus
1177 3839 1208 3901 in
1221 3839 1355 3912 eosdem,

161 3946 243 4029 ipsos
273 3948 527 4033 veludinimicos
554 3947 674 4029 imperii
701 3947 938 4030 proscribendo,
968 3953 998 4011 et
1022 3948 1191 4011 mandando
1213 3966 1266 4010 eos
1283 3966 1355 4029 pro-

163 4056 295 4137 scriptos
313 4054 350 4117 ab
369 4054 506 4118 omnibus
523 4055 624 4116 arcius
641 4051 763 4125 evitari,
793 4059 951 4135 sperantes
969 4054 1049 4137 quod
1064 4052 1203 4135 percussi
1220 4054 1356 4117 dolerent

163 4168 193 4226 et
215 4161 310 4226 attriti
332 4167 466 4225 nostram
487 4161 725 4223 misericordiam
741 4160 944 4243 implorarent
977 4163 1015 4224 nt
1036 4160 1078 4223 illi
1099 4161 1237 4224 malleum
1265 4161 1355 4223 uelud

162 4270 302 4351 stipulam
317 4273 506 4350 reputantes,
523 4268 561 4330 ad
576 4267 805 4350 percucientem
821 4268 945 4331 noluere
961 4268 1084 4339 reverti,
1105 4267 1161 4328 sed
1182 4267 1355 4331 indomabili
1364 4304 1469 4346 mg„

164 4375 257 4439 corde
269 4379 433 4447 tumentes,
447 4393 589 4437 excessus
603 4374 779 4440 excessibus
792 4373 991 4445 cumularunt,
1007 4393 1061 4456 pro
1072 4374 1173 4437 verbis
1184 4375 1355 4457 penitencie

159 4482 261 4545 uerbis
284 4480 427 4563 superbie
451 4480 699 4563 blasphemando,
731 4480 809 4561 Quia
831 4481 925 4562 igitur
948 4500 1052 4544 eorum
1068 4479 1212 4562 superbia
1235 4500 1356 4565 semper

160 4589 309 4660 ascendit,
322 4589 419 4653 donee
433 4608 498 4651 eam
511 4607 660 4670 exurgens
673 4587 792 4652 iusticia
805 4588 961 4670 preveniat
974 4593 1005 4651 et
1017 4587 1183 4663 subvertat,
1196 4594 1229 4653 ut
1241 4589 1355 4653 coutri-

255 4735 289 4803 o)
305 4733 438 4805 parientes
451 4735 500 4787 auf
510 4734 596 4786 flaeur
608 4733 638 4787 V.
