3209 5392
1293 480 1370 554 315

170 653 269 736 possit
284 652 430 735 elingere,
447 652 588 734 quoniam
600 671 668 715 cum
682 653 782 718 credit
796 671 950 716 assumere
962 658 1034 716 tunc
1048 652 1210 716 concludit.
1228 655 1372 718 Preterea

174 782 234 826 non
261 767 309 824 cst
335 759 504 842 sapiencia,
533 781 569 824 ex
596 760 793 842 separacione
820 759 990 824 huiusmodi
1019 760 1209 834 contristari,
1237 762 1316 826 sicut
1343 769 1374 826 et

175 869 286 942 ceteri,
308 869 358 952 qui
376 887 460 951 spem
478 889 514 932 cx
529 869 752 933 resurrectione
770 870 871 932 ultima
888 868 999 932 nullam
1014 868 1135 931 habent.
1168 868 1373 933 Dubitandum

176 980 289 1063 quippe
318 978 355 1042 de
383 978 450 1061 ipso
474 1000 534 1043 non
557 983 622 1048 est,
649 978 720 1062 quin
744 978 785 1040 sit
810 977 842 1040 in
867 976 918 1041 illa
942 982 1046 1042 eterna
1069 982 1166 1059 patria
1183 978 1374 1051 constitutus,

176 1090 261 1153 cuius
293 1087 324 1152 in
354 1087 445 1152 terris
476 1089 539 1151 rita
567 1086 734 1169 exemplum
761 1086 861 1149 multis
890 1090 920 1149 et
945 1087 1042 1149 forma
1069 1086 1211 1150 virtutum
1239 1087 1375 1150 noscitur

175 1196 320 1261 extitisse.
338 1195 483 1260 Ascendit
497 1196 599 1280 itaque
617 1215 684 1258 cum
701 1195 805 1279 Moyse
823 1194 928 1259 dicens
941 1193 985 1279 1):
1003 1195 1154 1257 transiens
1170 1194 1278 1259 videbo
1295 1195 1373 1259 banc

176 1305 332 1369 maximam
363 1304 519 1368 visionem.
548 1302 809 1386 —Quapropter
838 1303 985 1367 recedant
1014 1303 1156 1376 lacrima,
1188 1324 1245 1366 nec
1276 1304 1374 1367 velitis

177 1414 358 1479 exacerbare
383 1433 492 1477 nomen
515 1411 651 1485 Domini,
681 1411 767 1476 cuius
792 1411 904 1475 iudicia
928 1417 998 1475 sunt
1022 1412 1149 1495 abyssus
1172 1410 1319 1498 multae),
1348 1411 1374 1473 si

175 1530 277 1588 tamen
300 1521 435 1587 radicem
457 1526 599 1594 vestram,
624 1541 682 1606 que
706 1541 766 1585 non
789 1519 864 1585 obiit
887 1519 942 1584 sed
959 1519 1043 1593 abiit,
1068 1540 1137 1584 cum
1153 1520 1276 1584 summis
1293 1519 1376 1584 desi-

177 1631 289 1696 deratis
307 1631 461 1715 spiritibus
477 1630 610 1714 gloriari.

268 1794 304 1847 Es
326 1792 360 1846 ist
381 1793 454 1846 nicht
475 1790 705 1854 wahrseheiulicb,
729 1789 790 1844 dass
813 1789 902 1845 dieser
923 1790 999 1844 Brlet
1017 1806 1050 1844 an
1074 1791 1161 1860 llbnlg
1182 1790 1284 1845 Rudoll
1306 1791 1374 1845 nach

178 1884 238 1938 dem
257 1883 439 1950 Todeeeines
459 1883 564 1938 Soanos
581 1884 722 1937 Hartmann
741 1879 778 1953 (l
794 1880 839 1934 20.
853 1882 1003 1936 December
1016 1879 1104 1953 1281)
1124 1881 1257 1953 geriohtet
1270 1880 1375 1936 worden

177 1973 232 2037 soi,
258 1973 326 2028 deun
349 1973 419 2028 daun
440 1981 510 2028 ware
533 1973 631 2028 dassen
655 1971 878 2051 migewdbnliche
900 1972 1047 2036 Todeeart,
1074 1973 1100 2025 in
1124 1971 1174 2025 den
1196 1972 1302 2027 Wellen
1328 1972 1375 2028 dea

179 2065 292 2128 Rheins,
316 2063 384 2118 wobl
407 2064 523 2119 erwtlrnt
545 2065 668 2126 worden,
691 2063 815 2134 dagegen
840 2079 901 2131 mag
923 2064 971 2116 dae
994 2064 1037 2116 ein
1059 2061 1217 2117 Trortbrief
1235 2064 1303 2116 luber
1326 2062 1376 2117 deu

78 2216 82 2224 A
177 2157 234 2211 Tod
260 2156 308 2210 des
334 2154 434 2211 dritten
460 2154 564 2209 Solones
589 2152 637 2209 dee
660 2153 777 2225 dontgs,
803 2153 853 2209 des
879 2153 999 2222 llerzogs
1024 2151 1126 2207 liudolf
1149 2170 1198 2207 von
1220 2141 1375 2209 Deterreicb

179 2245 219 2318 (†
236 2246 279 2301 lo.
294 2244 446 2317 11111110)
460 2245 525 2299 sein.

754 2468 816 2539 16.

597 2647 736 2714 sibulus
754 2647 871 2712 domino
888 2666 953 2710 suo.

737 2806 818 2861 1276.

177 2951 293 3025 Bieebof
300 2951 444 3010 Berntard
463 2969 514 3008 oen
528 2952 633 3008 Seebau
655 2952 765 3008 belrennt
786 2952 846 3005 dem
865 2950 968 3024 Kduipe
980 2951 1085 3023 liudolf
1101 2950 1175 3005 aeine
1193 2949 1296 3006 Scbuld
1318 2953 1375 3006 und

430 3041 582 3113 umerwirft
593 3042 652 3099 oieb
662 3059 731 3114 yona
743 3043 803 3098 dem
820 3040 934 3098 Urtbeo'le
947 3043 996 3098 dee
1010 3042 1120 3115 Koniqe.

271 3192 395 3254 Gerbert‚
407 3191 435 3254 2,
449 3191 493 3246 51.

266 3339 383 3404 Revixit
402 3338 525 3421 spiritus
547 3357 631 3401 meus
660 3336 854 3401 exultacionis
888 3336 1043 3427 insperate
1072 3333 1184 3420 gaudio
1215 3334 1374 3410 excitatus,

173 3447 291 3511 sedenti
307 3447 338 3509 in
353 3446 489 3510 tenebris
506 3452 537 3510 et
553 3445 658 3509 umbra
675 3446 781 3509 mortis
805 3445 856 3508 lux
874 3432 920 3509 est
936 3445 1028 3509 michi
1044 3447 1109 3509 visa
1127 3446 1235 3510 celitus
1252 3446 1375 3519 exoriri,

173 3558 234 3621 iam
248 3555 342 3638 pulsis
359 3555 491 3619 emedio
508 3573 669 3618 rancorum
685 3554 822 3625 nebulis,
844 3574 918 3638 quas
935 3557 999 3618 suis
1016 3555 1137 3620 follibus
1157 3557 1235 3627 labri
1251 3556 1377 3620 induxe-

175 3671 244 3730 rant
270 3663 428 3749 aquilonis.
460 3664 595 3747 Repente
623 3662 773 3747 siquidem
800 3671 901 3726 vestre
931 3663 1104 3729 serenitatis
1130 3665 1219 3730 iubar
1245 3666 1377 3730 lucidum

175 3774 266 3839 michi
283 3774 400 3855 gaudeo
418 3772 569 3843 arrisisse,
586 3772 771 3854 complector
787 3776 820 3835 et
836 3776 926 3835 teneo
948 3791 1040 3854 super
1061 3792 1166 3837 aurum
1191 3778 1223 3838 et
1237 3775 1377 3856 topazion

175 3882 278 3949 literas
305 3888 439 3956 vestras,
468 3901 542 3966 quas
565 3880 655 3944 michi
672 3879 793 3964 quidem
811 3881 919 3944 detulit
935 3881 1060 3963 angelus
1081 3882 1185 3964 pacis,
1215 3882 1377 3967 inquibus

174 4013 289 4059 ramum
306 3992 399 4065 olive,
421 4012 473 4057 ore
490 3990 659 4056 columbino
676 3995 865 4074 porrectum,
882 3990 920 4054 ad
936 3989 1031 4055 instar
1046 3991 1112 4056 Noe
1129 3993 1306 4058 fluctuantis
1323 4014 1370 4057 me

174 4102 318 4187 profiteor
343 4103 508 4186 recepisse.
536 4101 684 4185 Denique,
712 4105 862 4164 annuento
890 4099 1030 4171 Domino,
1057 4102 1201 4184 gaudium
1223 4122 1376 4186 magnum,

175 4213 442 4298 quemadmodum,
465 4211 535 4275 dum
557 4210 635 4293 gallo
652 4210 693 4296 a)
710 4213 839 4274 canente
861 4228 932 4291 spes
956 4208 1062 4280 rediit,
1094 4211 1199 4276 retusa
1220 4216 1269 4276 est
1293 4213 1375 4277 salus

274 4376 309 4444 a)
325 4376 393 4431 callo
406 4376 436 4430 v.

185 4520 510 4546 ι...--.-.-.ἓ...--

205 4630 229 4691 ¹)
246 4632 322 4680 Exod.
332 4631 356 4687 3,
368 4632 391 4677 3.

203 4713 226 4774 ι)
244 4715 318 4759 l’ralm
328 4714 370 4767 35,
382 4716 404 4760 ⁷.
