3209 5392
231 491 308 561 218

229 615 320 724 filidn
336 666 470 725 nostrum
486 662 522 724 N.
542 661 581 747 α)
599 663 637 725 ad
654 661 783 727 civitatis
807 669 907 726 vestre
928 661 1081 743 regimen,
1110 660 1196 724 cuius
1218 660 1297 722 inter
1319 678 1424 722 omnes

227 769 324 833 Ytalie
346 768 484 832 civitates
505 771 632 851 pervigil
656 791 729 835 eura
751 792 807 835 uos
831 771 982 842 sollicitat,
1005 776 1036 833 et
1057 769 1161 851 gracie
1176 775 1279 832 nostre
1296 767 1425 849 plenitu-

231 876 330 938 dinem
353 873 411 938 sibi
433 877 595 959 specialius
619 878 795 950 cumulavit,
824 878 960 959 diligenti
983 876 1232 940 consideracione
1254 873 1425 957 prehabito,

229 981 413 1064 providimus
430 983 644 1065 deputandum.
677 984 722 1047 Ex
743 1004 800 1067 quo
818 982 985 1047 manifestis
1001 983 1138 1065 profecto
1154 987 1240 1064 patet
1256 980 1377 1044 indiciis
1393 984 1425 1042 et

229 1088 437 1171 probabilibus
454 1089 622 1155 ostenditur
637 1093 842 1174 argumentis,
866 1096 977 1174 quante
993 1110 1046 1153 vos
1064 1089 1233 1153 dilectionis
1250 1088 1426 1152 sinceritate

231 1203 262 1260 et
294 1198 500 1279 singularitate
531 1199 694 1281 imperialis
726 1201 890 1263 auctoritas
921 1198 1104 1281 prospiciat,
1135 1216 1172 1260 ac
1205 1216 1293 1280 quam
1324 1194 1426 1259 teneri

230 1306 417 1386 specialitate
434 1312 543 1371 statum
559 1311 692 1371 vestrum
714 1307 872 1389 pacificum
894 1307 1108 1389 amplectatur,
1138 1307 1208 1369 dum
1229 1304 1424 1369 humanitatis

229 1420 332 1476 nostre
361 1414 525 1476 clemencia
552 1434 608 1496 per
634 1415 826 1479 evidenciora
854 1415 942 1495 signa
964 1413 1099 1475 videmus
1122 1412 1241 1476 ostendi
1258 1433 1318 1475 non
1332 1431 1428 1493 posse

229 1522 375 1592 lucidius,
404 1540 493 1603 quam
515 1522 595 1604 quod
617 1520 709 1584 lilium
732 1529 869 1586 nostrum
895 1521 1088 1584 karissimum
1116 1520 1154 1583 ad
1183 1542 1255 1593 vos,
1282 1526 1428 1602 tanquam

229 1627 447 1709 ymaginarium
470 1634 572 1698 nostre
594 1630 754 1711 presencie
772 1629 970 1701 destinamus,
993 1629 1044 1711 qui
1065 1648 1119 1691 vos
1144 1633 1174 1691 et
1197 1628 1229 1690 in
1249 1626 1329 1690 bono
1346 1632 1427 1690 statu

230 1737 341 1806 foveat,
366 1736 522 1817 tranquille
539 1742 708 1808 conservet,
724 1736 845 1800 iusticie
868 1736 1004 1817 copiam,
1033 1753 1122 1817 quam
1145 1734 1270 1815 singulis
1285 1753 1343 1815 per
1358 1754 1427 1797 eum

182 1870 186 1879 ·
230 1842 591 1925 propinariprecepimus,
609 1843 924 1927 omnibuspetentibus
942 1843 1158 1913 subministret,
1175 1849 1206 1906 et
1221 1843 1319 1906 tidelis
1336 1843 1425 1906 nobis

231 1955 261 2014 et
286 1952 394 2014 devota
409 1952 567 2014 Florencia
582 1958 643 2015 tam
660 1953 738 2033 grati
760 1953 889 2015 rectoris
910 1952 1041 2015 iocunda
1064 1951 1207 2014 refloreat
1222 1950 1354 2014 novitate
1373 1950 1424 2036 β).

230 2060 292 2122 Vos
309 2059 402 2140 igitur
417 2078 493 2141 pure
509 2058 579 2122 fidei
595 2064 626 2123 et
645 2061 763 2123 sincere
781 2060 956 2123 devocionis
970 2059 1101 2141 alumpni
1116 2059 1308 2141 presentibus
1325 2063 1428 2121 nostre

114 2191 220 2232 rnaoo.
232 2168 404 2230 serenitatis
421 2167 558 2249 apicibus
581 2168 718 2239 animati,
747 2188 823 2251 quos
845 2167 1034 2250 irrequisitos
1058 2172 1088 2229 et
1103 2167 1259 2257 ultroneos
1277 2165 1309 2228 id
1326 2166 1430 2229 faeere

232 2295 286 2357 pro
304 2279 387 2336 certo
415 2273 609 2345 confidimus,
636 2276 730 2355 patris
759 2276 789 2337 in
816 2274 875 2337 filio
903 2274 1093 2356 presenciam
1120 2272 1302 2354 figurantes,
1330 2271 1429 2354 ipsum

233 2388 375 2465 tanquam
403 2382 558 2444 familiaris
587 2383 756 2446 dilectionis
784 2384 893 2465 pignus
925 2383 1064 2445 eximium
1094 2381 1225 2444 libenter
1256 2386 1287 2443 et
1318 2379 1427 2443 devote

233 2489 378 2569 suscipite
400 2508 436 2550 ac
459 2487 536 2559 sibi,
557 2490 645 2552 velud
666 2490 697 2551 in
719 2509 809 2573 quem
830 2488 1065 2553 transfundimus
1087 2493 1190 2551 nostre
1211 2486 1429 2568 plenitudinem

232 2595 409 2678 potestatis,
441 2595 472 2657 in
487 2581 640 2659 'omnihus
672 2603 815 2680 tauquam
843 2618 974 2679 persone
1002 2601 1105 2660 nostre
1136 2595 1282 2677 promptis
1314 2594 1428 2657 curetis

233 2702 391 2765 affectibus
408 2695 557 2785 hylariter
567 2704 701 2777 obedire,
718 2711 751 2768 ut
767 2705 941 2768 devocionis
959 2709 1060 2768 vestre
1077 2704 1283 2766 constanciam
1297 2701 1431 2764 liberali-

232 2812 303 2874 tatis
320 2816 449 2891 auguste
466 2812 614 2892 provisio,
639 2832 697 2894 que
715 2812 843 2875 servicia
860 2812 943 2876 novit
958 2831 1150 2875 remunerare
1166 2809 1309 2882 fidelium,
1326 2809 1428 2890 dignis

230 2919 356 3000 proinde
373 2919 668 2982 commendacionem
694 2920 834 2983 laudibus
862 2925 1080 3002 prosequatur,
1109 2919 1241 2982 scientes
1257 2939 1312 3001 pro
1330 2922 1426 2988 certo,

232 3027 311 3109 quod
333 3026 510 3089 obediencie
526 3028 623 3108 signa,
646 3047 704 3110 que
727 3027 785 3090 sibi
810 3026 935 3090 devocio
963 3031 1065 3089 vestra
1091 3026 1318 3097 monstraverit,
1348 3043 1426 3107 equo

231 3136 333 3197 favore
349 3135 452 3215 gracie
470 3134 703 3215 complectamur
719 3154 755 3197 ac
772 3134 798 3205 si
815 3153 944 3215 persone
961 3138 1064 3197 nostre
1081 3132 1255 3214 specialiter
1279 3138 1430 3195 monstra-

233 3247 347 3312 rentur,
364 3245 395 3302 et
411 3240 437 3303 si
453 3242 549 3312 forte,
566 3242 645 3323 quod
662 3242 779 3304 omnino
797 3262 857 3303 non
873 3241 1040 3311 credimus,
1058 3245 1163 3302 contra
1180 3258 1249 3301 eum
1266 3240 1424 3322 quisquam

232 3354 366 3412 vestrum
381 3349 587 3410 indevocionis
605 3349 779 3412 calcaneum
796 3349 938 3421 elevaret,
954 3348 985 3409 in
1001 3352 1248 3429 transgressores
1258 3346 1432 3410 huiusmodi

232 3455 382 3520 acerbiori
398 3477 650 3539 prosequeremur
666 3455 775 3520 iudicio
793 3457 958 3527 ulcionem,
987 3456 1118 3538 quamsi
1140 3454 1172 3517 in
1193 3455 1349 3536 nosipsos
1371 3454 1431 3517 boc

234 3566 361 3626 alicuius
377 3566 425 3626 vel
441 3565 607 3647 aliquorum
626 3564 780 3627 temeritas
797 3545 999 3646 attemptaret.

324 3745 589 3831 Erginuungenaus
620 3763 691 3813 Petr.
721 3759 876 3818 devina,
899 3759 925 3812 9.
951 3757 984 3828 α)
1014 3757 1177 3812 Fridcrieum
1197 3755 1230 3809 de
1250 3756 1430 3810 Antiochia-

233 3849 265 3915 β)
280 3851 361 3915 Quem
382 3868 432 3903 uon
451 3853 534 3904 solum
555 3854 689 3919 potestate
708 3867 784 3918 quam
807 3850 906 3902 celeris
925 3848 1084 3901 officialibus
1107 3847 1252 3915 imperialis
1275 3846 1428 3915 impartitur

234 3940 394 4000 auctoritas,
417 3942 535 3994 volumius
557 3958 616 3993 esse
635 3943 802 4001 contentum,
826 3939 873 3991 sed
893 3944 921 3991 ut
939 3938 964 3990 in
982 3937 1149 3991 facinorosos
1175 3940 1202 3988 et
1219 3936 1358 4002 insigniter
1377 3952 1424 3987 seu

235 4031 430 4085 contumaciter
444 4050 472 4084 se
486 4035 612 4100 gerentes
625 4031 738 4083 liberius
752 4029 963 4082 animadvertere
982 4030 1084 4086 valcat,
1108 4028 1156 4080 sibi
1171 4023 1339 4080 concedimus
1354 4024 1424 4076 vices

236 4125 350 4175 nostras.
