3209 5392
1281 483 1359 550 369

158 655 300 716 lanenses
317 650 492 736 expedicius
508 652 643 714 incidant
660 656 690 714 et
705 651 828 733 gravius
846 653 982 716 senciant
1004 659 1106 717 nostre
1130 657 1356 738 persecucionis

158 762 288 847 impetus
316 767 347 824 et
373 761 526 846 inpulsus,
555 762 614 824 duo
642 781 732 843 reges
749 761 784 823 N.
803 766 835 824 11
851 761 887 824 N.
906 768 946 844 a)
963 762 994 824 in
1017 762 1158 826 auxilium
1180 763 1267 827 nobis
1290 785 1358 828 cum
1419 838 1433 858 a

158 872 317 935 innumera
339 870 527 933 multitudine
544 870 585 952 b)
603 870 828 955 procedentes,
858 889 927 934 cum
949 872 1046 934 nullos
1068 870 1182 934 bebere
1198 872 1358 938 rideantur

159 979 281 1051 obices,
304 998 361 1043 nec
382 979 537 1043 inveniant
557 979 753 1051 resistentes,
781 978 964 1042 territorium
986 980 1119 1062 ipsorum
1146 981 1304 1044 rebellium
1327 983 1357 1046 in

157 1089 230 1171 igne
247 1094 278 1151 et
292 1091 373 1152 ferro
389 1095 451 1153 tam
468 1093 610 1171 potenter
625 1108 715 1171 quam
731 1087 859 1151 viriliter
875 1088 914 1170 c)
930 1089 1054 1153 veniunt
1075 1111 1092 1151 e
1115 1089 1246 1172 vestigio
1263 1091 1357 1155 intra-

158 1198 227 1262 turi.
260 1197 304 1260 Ex
320 1216 379 1280 quo
397 1217 468 1281 spes
485 1197 611 1281 pulchra
627 1196 704 1260 rotis
722 1197 833 1259 nostris
850 1197 970 1261 additur
992 1203 1023 1261 et
1043 1198 1245 1283 presumimus
1261 1201 1357 1262 mani-

157 1307 253 1378 leste,
282 1307 363 1389 quod
390 1300 460 1368 hinc
488 1304 627 1387 belligeri
655 1305 807 1390 proximos
836 1306 927 1369 simus
955 1306 1141 1392 triumphos,
1169 1308 1355 1372 concedente

154 1415 298 1485 Domino,
330 1413 479 1485 habituri,
511 1418 542 1476 et
570 1413 699 1478 rebelles
726 1414 873 1496 predicti,
902 1414 1012 1498 quibus
1035 1416 1160 1500 presidii
1183 1437 1252 1500 spes
1276 1416 1356 1480 nulla

156 1523 275 1586 videtur
291 1523 411 1595 adesse,
429 1529 572 1605 tauquam
588 1522 619 1584 in
635 1522 733 1585 medio
750 1521 877 1607 periculi
900 1522 992 1607 positi
1015 1528 1046 1586 ct
1071 1523 1165 1589 cladis
1181 1525 1354 1589 inminentis

154 1631 277 1696 aculeos
294 1630 478 1704 sencientes,
495 1651 586 1695 unum
610 1631 784 1695 necessario
809 1632 923 1714 eligant
944 1653 960 1694 1
984 1632 1112 1705 duobus,
1135 1638 1167 1697 ut
1183 1636 1229 1699 rel
1247 1637 1354 1698 victori

157 1747 259 1805 nostro
282 1739 383 1822 gladio
399 1740 557 1804 tradantur
573 1740 604 1803 in
621 1760 734 1811 escam,
756 1741 803 1804 vel
826 1754 882 1823 per
904 1741 1001 1826 turpis
1025 1741 1083 1806 sibi
1099 1744 1172 1826 fuge
1188 1744 1353 1828 presidium

130 1860 138 1876 ⁸
154 1832 347 1914 consulentes
365 1869 382 1913 a
398 1850 477 1912 facie
494 1854 596 1931 nostra
613 1849 657 1934 d)
675 1869 742 1912 cum
759 1848 946 1914 confusionis
964 1850 1126 1932 obprobrio
1149 1873 1183 1915 se
1205 1857 1350 1918 avertant.

729 2090 790 2160 20.

528 2289 801 2353 111111111111
819 2288 977 2352 iudicibus.

570 2464 650 2518 1274.
663 2465 727 2519 Nov.
742 2463 766 2517 l.
780 2465 939 2536 Hagecowe.

149 2630 239 2701 Koniq
258 2630 362 2700 liudolf
373 2628 480 2684 1111111
498 2630 548 2683 den
562 2628 651 2699 Koniq
664 2631 778 2700 Mopsus
797 2647 846 2683 coo
859 2631 1015 2703 Norrcepeo,
1029 2633 1080 2686 den
1094 2649 1153 2686 com
1165 2631 1352 2703 Mittelpcincte

150 2723 200 2776 dec
222 2717 336 2776 Reicbeo
361 2720 509 2791 entfcroten
535 2721 661 2790 Batrqcrn
684 2720 806 2774 bodeclee
829 2720 924 2791 fernen·
947 2722 1037 2777 scinco
1066 2721 1160 2777 Sobata
1185 2721 1350 2795 oocheilten

679 2812 822 2865 1111111111.

245 2954 334 3011 Codex
348 2955 511 3010 bubecensis
527 2954 551 3017 1,
566 2956 628 3010 331.

238 3102 357 3165 Adiecit
388 3108 491 3165 nostre
530 3101 682 3166 felicitatis
720 3103 865 3187 auspiciis
904 3103 1089 3168 incrementa
1127 3108 1287 3188 congaudii
1309 3109 1348 3194 e]

145 3210 279 3283 lacioris,
303 3211 395 3294 quod,
419 3210 499 3274 sicut
521 3212 651 3274 celebris
674 3213 754 3276 same
777 3212 937 3293 clangente
955 3214 1097 3296 preconio
1116 3215 1155 3301 α)
1174 3215 1346 3288 didicimus,

147 3322 265 3402 integra
293 3319 369 3382 fides
392 3325 510 3392 vestra,
540 3318 649 3385 nativis
672 3327 775 3385 crecta
797 3322 965 3407 potenciis,
994 3329 1024 3386 et
1047 3324 1191 3388 instinctu
1208 3326 1347 3392 benivolo

61 3508 80 3529 .-
146 3436 321 3513 provocata,
345 3442 436 3513 quam
459 3430 498 3493 ad
521 3451 575 3493 nos
593 3436 623 3494 et
639 3438 868 3496 sacrosanctum
884 3433 1048 3495 Romanum
1065 3433 1222 3516 imperium
1240 3437 1347 3517 geritis
1428 3421 1431 3425 ’

149 3541 354 3610 incessanter,
383 3539 473 3601 silere
497 3561 555 3602 non
570 3541 685 3623 potuit,
713 3562 769 3604 nec
792 3542 930 3627 permisit
952 3541 1110 3624 quiescere
1135 3546 1232 3608 zelum
1250 3565 1346 3617 suum,

148 3649 220 3732 quin
233 3647 322 3710 immo
335 3649 366 3709 in
374 3646 496 3731 publice
505 3650 641 3713 nocionis
650 3651 797 3713 exteriora
807 3650 978 3732 prosiliens,
992 3671 1039 3725 ea,
1052 3671 1110 3735 que
1124 3653 1211 3719 nobis
1224 3653 1347 3719 honoris

147 3763 309 3838 augmento
323 3776 446 3820 cessura
460 3759 646 3839 cognoscitis
663 3764 694 3822 et
710 3759 803 3841 quieti
820 3759 952 3823 fidelium
969 3763 1141 3844 conspirent
1153 3763 1202 3849 s),
1217 3763 1348 3828 libenter

148 3872 180 3929 et
193 3866 360 3930 liberaliter
376 3868 597 3950 prosequamini
611 3868 657 3956 p]
674 3887 741 3931 cum
759 3867 878 3931 effectu.
1318 3953 1322 3959 .

237 3974 313 4037 Hinc
330 3975 375 4060 b)
389 3975 483 4055 igitur
498 3976 591 4039 vestri
607 3975 641 4061 i)
658 3977 791 4058 graciosi
807 3977 920 4040 favoris
943 3979 1119 4060 applausum
1143 4000 1216 4061 erga
1233 3981 1273 4068 β)
1292 4003 1346 4046 nos

148 4089 179 4146 et
206 4089 325 4148 nostros
342 4084 385 4170 lc)
401 4084 628 4148 affluentissime
652 4082 823 4149 sencientes
846 4086 988 4159 effusum,
1012 4089 1178 4154 sinceritati
1194 4094 1229 4178 1)
1245 4097 1345 4155 vestre

238 4265 272 4334 o)
286 4266 317 4318 ll.
338 4282 383 4318 111
397 4264 519 4320 Sardinic
533 4270 559 4320 et
578 4268 607 4320 H.
627 4265 698 4337 (sic)
719 4266 752 4319 de
766 4268 883 4320 Romano
904 4268 991 4322 ll.-Br.
1008 4300 1038 4308 -
1054 4269 1085 4338 d)
1101 4271 1157 4340 jorn
1177 4288 1262 4341 usque
1275 4275 1346 4327 Lau-

148 4357 208 4411 dam
227 4357 349 4411 Veterem
363 4361 554 4427 processerant
568 4373 599 4411 11
618 4361 693 4429 parte
713 4359 758 4412 illa
771 4376 830 4413 cum
848 4361 898 4413 etc.
912 4361 1000 4414 m-ssr.
1015 4392 1044 4400 -
1063 4362 1093 4428 c)
1104 4362 1214 4418 viriliter
1227 4366 1345 4419 venimus

147 4448 285 4502 manifeste
299 4449 329 4504 V.
340 4449 393 4501 Der
407 4449 551 4503 Sobreiber
565 4450 610 4504 bat
630 4451 746 4504 offenbar
767 4450 825 4505 eine
839 4451 911 4505 Zeile
925 4453 1106 4521 suegelacseu.
1125 4486 1153 4493 -
1170 4456 1205 4526 d)
1228 4456 1279 4511 ror
1298 4459 1344 4511 das

149 4538 304 4610 Folgcnde:
326 4556 377 4594 uon
397 4540 454 4594 sine
473 4540 593 4610 ipsorum
607 4542 680 4611 gravi
700 4540 820 4611 periculo
841 4543 1035 4613 precipitanter
1047 4546 1194 4600 abscedunt
1206 4547 1294 4601 m-or.
1309 4578 1345 4588 -

147 4630 276 4700 e)gaudii
289 4629 396 4701 Z.-s)
416 4630 568 4702 conspirant
580 4634 608 4686 Z.
623 4663 656 4672 -
668 4634 704 4704 y)
724 4632 914 4703 prosequimini
933 4633 960 4686 Z.
980 4663 1015 4672 —
1034 4634 1069 4700 b)
1088 4635 1149 4691 hinc
1170 4644 1211 4692 est
1230 4639 1259 4693 V.
1273 4640 1344 4693 hunc

147 4721 292 4777 011111).
310 4754 340 4763 -
355 4720 383 4785 i)
398 4721 483 4775 nostri
497 4723 524 4776 Ζ.
542 4754 571 4761 -
586 4724 620 4793 lc)
635 4740 685 4778 vos
700 4726 727 4777 et
741 4724 845 4778 vestros
858 4726 885 4778 Ζ.
900 4754 935 4764 -
949 4726 976 4795 l)
991 4726 1129 4780 screnitati
1144 4729 1209 4784 Cod.
1223 4732 1287 4786 Lub.

210 4822 307 4868 Fontes.
319 4823 387 4868 notu.
400 4823 425 4868 ll.
440 4825 479 4868 Bd
492 4825 559 4869 XXV.
1091 4836 1127 4889 24
