3209 5392
1226 516 1299 629 13¹3

137 697 239 740 cramus
266 679 293 742 in
314 680 457 754 Domino,
485 683 540 746 suh
562 687 759 751 attestacione
787 706 840 749 vos
870 684 961 749 divini
988 686 1090 749 iudicii
1118 687 1301 759 adiurantes,

136 793 266 869 quatenus
281 788 365 853 vobis
382 795 413 853 et
436 793 604 857 commissis
628 794 713 858 vobis
739 794 884 878 gregibus
907 794 1032 876 singulis
1055 795 1181 860 sollicite
1203 802 1304 861 atten-

135 897 243 971 dentes,
270 899 468 983 exstirpandis
490 901 575 966 viciis
599 910 629 968 et
649 905 818 988 plantandis
835 903 993 969 virtutibus
1010 903 1187 987 diligencius
1204 906 1303 971 inten-

135 1008 217 1082 datis,
244 1016 273 1075 et
299 1011 470 1094 specialiter
497 1013 717 1080 incontinencie
745 1016 871 1089 vicium,
900 1016 979 1100 quod
1007 1016 1170 1081 enormiter
1192 1016 1302 1081 Christi

134 1136 231 1200 sponse
247 1120 374 1203 derogat
388 1122 549 1197 honestati,
567 1124 712 1189 studeatis
729 1126 826 1190 modis
843 1124 979 1190 omnibus
995 1124 1102 1209 quibus
1119 1127 1256 1210 poteritis
1272 1127 1302 1189 in

134 1227 246 1293 elericos
274 1230 433 1305 cohibere,
460 1233 543 1315 ipses
571 1255 649 1298 nune
677 1234 812 1307 monitis,
841 1255 919 1299 nunc
935 1234 1201 1308 cominacionibus,
1224 1257 1302 1300 nune

133 1336 211 1400 etiarn
230 1336 443 1406 beneficiorum
466 1341 719 1407 subtractionibus
744 1345 982 1427 compescendo,
1009 1344 1114 1427 utqui
1136 1365 1214 1408 nunc
1235 1353 1304 1408 sunt

132 1446 217 1510 multis
243 1448 273 1512 in
303 1451 475 1516 scandalum
504 1458 534 1516 et
561 1452 716 1517 horrorem
737 1453 775 1518 ad
797 1455 916 1537 frugem
937 1448 997 1518 vite
1025 1456 1156 1518 melioris
1178 1454 1302 1518 Domino

130 1563 295 1622 revocantes
313 1562 450 1625 conversi
467 1561 526 1627 sint
541 1563 746 1645 penitentibus
762 1564 800 1627 ad
818 1563 978 1647 exemplar,
994 1564 1178 1648 vosqueDeo
1191 1563 1304 1628 animas

129 1667 341 1735 lucrifacientes
350 1691 462 1745 eorum,
475 1674 552 1756 apud
560 1674 718 1737 Dominum
732 1674 862 1738 omnium
874 1675 1046 1739 meritorum
1059 1673 1143 1737 vohis
1157 1674 1305 1737 cumulum

130 1779 253 1860 augeatis
271 1786 303 1845 et
319 1800 373 1844 nos
395 1780 555 1864 diligencie
577 1788 677 1847 vestre
699 1782 830 1847 studium
852 1783 952 1866 dignis
975 1802 1118 1866 cogamur
1133 1782 1164 1846 in
1178 1783 1305 1848 Domino

127 1885 252 1953 laudibus
260 1891 481 1955 commendare.
492 1892 526 1957 Si
533 1911 605 1956 vero
612 1912 665 1957 vos
673 1893 704 1956 iu
710 1892 881 1957 huiusmodi
893 1892 1092 1957 invenerimus
1106 1893 1305 1976 negligentes,

130 1998 335 2081 negligentiam
350 2006 481 2065 vestram
497 2000 662 2085 inpunitam
678 2002 835 2086 negligere
845 2009 911 2066 'uon
926 2020 1098 2085 possemus,
1120 2024 1157 2066 ne
1174 2008 1306 2066 vestrum

131 2107 194 2172 forte
211 2108 433 2175 dissimulantes
450 2112 631 2195 neglectum,
648 2112 805 2177 aDomino
827 2111 941 2195 negligi
963 2132 1162 2185 mereremur,
1183 2113 1307 2196 insuper

128 2223 152 2280 ut
167 2220 346 2302 propensius
364 2221 537 2286 desiderare
554 2242 783 2305 cognoscamur,
800 2222 929 2307 qualiter
944 2222 997 2295 hii,
1014 2223 1065 2306 qui
1081 2228 1151 2286 sunt
1165 2221 1308 2286 videlicet

127 2345 189 2391 vasa
198 2330 331 2403 Domini,
348 2331 470 2395 caucius
487 2333 694 2406 emundentur,
711 2353 779 2397 cum
793 2352 849 2415 per
864 2333 1077 2397 fornicacionis
1094 2331 1265 2414 contagium
1277 2331 1309 2395 in

127 2438 198 2503 clero
210 2440 356 2504 honestas
374 2442 503 2505 ecclesie
519 2442 640 2506 nimium
655 2442 836 2526 inquinetur.
851 2441 925 2523 Quia
942 2442 1088 2506 tamenin
1103 2440 1308 2505 fornicacione

128 2547 280 2614 iacentium
299 2551 476 2616 clericorum
493 2557 562 2616 sunt
578 2552 684 2636 aliqui,
708 2552 774 2635 qui,
797 2558 938 2636 tanquam
953 2552 1084 2616 iumenta
1098 2556 1307 2634 putrescentes

128 2655 153 2720 iu
167 2664 303 2724 stercore
320 2680 386 2733 suo,
411 2662 630 2725 correctionem
647 2660 725 2725 nullo
748 2662 837 2725 modo
853 2661 1017 2744 recipiant,
1046 2661 1192 2744 eligentes
1208 2660 1307 2741 perire

24 2813 26 2848 3
125 2768 221 2847 pocius
237 2790 331 2855 quam
345 2791 470 2854 parere,
498 2792 624 2855 quorum
640 2770 775 2854 quidam,
805 2776 838 2834 ut
853 2771 912 2835 hoe
929 2771 1089 2854 effugiant,
1116 2770 1309 2852 interponunt

127 2876 279 2943 adsedem
297 2879 491 2961 apostolicam
513 2880 669 2943 articulum
691 2880 913 2963 appellationis,
941 2880 1032 2965 aliqui
1047 2900 1118 2944 vero
1134 2879 1237 2942 literas
1254 2878 1310 2943 ob-

126 2987 212 3054 tinent
227 2991 267 3056 ab
285 2991 408 3064 eadem,
435 3011 490 3074 per
513 3010 586 3076 quas
604 3012 657 3054 eos
674 3011 691 3054 a
708 2991 814 3076 quihus
839 2992 1045 3074 corriguntur,
1073 2991 1110 3055 de
1127 2990 1214 3054 huius
1231 2991 1308 3055 vicio

129 3096 250 3164 indebite
274 3100 459 3183 inquietant:
488 3121 559 3173 nos,
587 3122 624 3163 ne
646 3101 722 3165 tales
740 3102 957 3166 correctionem
985 3101 1160 3165 canonicam
1185 3101 1309 3165 illudere

126 3209 234 3273 valeant
256 3209 308 3274 vel
329 3230 383 3273 vos
405 3210 566 3274 occasione
588 3210 644 3273 hac
667 3213 767 3274 vexari
789 3211 930 3295 possitiS,
961 3211 1120 3293 providere
1149 3232 1185 3274 ex
1212 3212 1309 3275 animo

125 3323 312 3402 satagentes,
341 3338 409 3381 cum
431 3320 469 3382 ad
491 3320 695 3403 predictorum
711 3321 919 3386 defensionem
935 3320 1013 3385 trahi
1030 3342 1089 3384 non
1106 3320 1215 3384 debeat
1231 3320 1310 3404 quod

124 3426 158 3490 ad
172 3427 386 3493 innocencium
409 3434 439 3492 et
462 3449 673 3513 oppressorum
694 3431 858 3513 presidium
874 3436 922 3494 est
937 3434 1096 3504 statutum,
1124 3449 1180 3494 nec
1204 3430 1311 3494 deceat

125 3538 188 3602 inde
205 3538 329 3608 defendi
352 3539 475 3603 erimina
496 3540 575 3602 unde
599 3549 827 3604 consueverunt
848 3541 1020 3623 gravamina
1040 3540 1183 3603 relevari:
1205 3547 1427 3625 aucto-pm·

125 3647 208 3713 ritate
225 3649 314 3714 vobis
341 3648 534 3731 presencium
550 3649 755 3730 indulgemus,
783 3658 816 3713 ut
842 3671 896 3733 per
923 3652 998 3713 tales
1026 3649 1127 3714 literas
1156 3649 1310 3714 conveniri

126 3759 241 3823 minime
259 3759 384 3823 valeatis
405 3758 442 3847 1).

209 3869 258 3923 leh
276 3868 426 3932 vermuthe,
449 3867 512 3923 dees
531 3867 619 3922 dieser
630 3866 711 3930 Biief,
729 3868 817 3938 gleieh
837 3868 896 3924 dem
916 3869 1069 3938 folgenden,
1089 3886 1139 3923 von
1151 3869 1256 3940 Gregor
1268 3867 1311 3926 111.

136 3958 274 4025 herrilut,
300 3960 347 4015 der
370 3960 554 4015 unauflrdrlich
568 3962 676 4018 bemfrht
696 3977 758 4023 var,
781 3960 840 4013 dem
857 3961 957 4014 Verfall
981 3960 1028 4014 der
1047 3958 1134 4015 Sitten
1156 3963 1234 4014 uuter
1257 3959 1308 4014 den

127 4054 293 4110 Geietliclreu
314 4054 445 4124 eutgegen
468 4068 500 4106 11
523 4054 629 4107 1111111,
655 4052 744 4126 Vergl.
756 4050 874 4124 llaynald
891 4050 970 4113 1230,
984 4069 1026 4104 11.
1040 4051 1075 4106 19
1087 4049 1141 4104 und
1153 4049 1203 4114 20;
1229 4050 1311 4116 1231,

127 4146 216 4201 11211
229 4147 273 4210 ff.;
287 4143 367 4208 1238,
381 4162 406 4198 n.
420 4144 465 4198 41.

152 4326 175 4388 ¹)
193 4331 272 4376 Sciron
288 4332 403 4383 Innoceuz
420 4329 456 4375 111.
476 4329 553 4381 fratte,
572 4342 608 4374 um
621 4329 672 4373 dem
684 4327 854 4382 Misebrauclre,
872 4327 914 4373 der
926 4328 966 4373 mit
978 4328 1022 4372 den
1033 4328 1212 4388 appellationem
1229 4339 1257 4371 11
1275 4326 1313 4371 die

195 4412 277 4469 Curia,
293 4413 398 4468 welche,
421 4412 449 4457 da
466 4425 517 4457 rnen
534 4412 604 4457 ilrneu
620 4411 675 4457 dart
697 4412 766 4457 meist
784 4410 1248 4469 111111111111111111111111111111,
1275 4408 1313 4455 die

191 4496 350 4556 Vollziehuug
374 4497 417 4543 der
440 4498 540 4543 Geaetze
556 4496 690 4555 unmoglich
714 4496 834 4548 maeatae,
868 4495 992 4554 gelrieben
1017 4496 1113 4545 werde.
1139 4496 1258 4556 entgegeu
1283 4505 1314 4537 ιιι

189 4580 284 4634 treten,
308 4580 445 4635 verendam,
463 4580 516 4626 dass
532 4580 570 4625 dle
587 4578 697 4625 Bischdfe
714 4579 871 4624 correctionis
888 4580 913 4625 et
930 4578 1107 4625 reformationis
1123 4575 1227 4623 officium
1238 4573 1314 4620 libere

192 4663 286 4708 valeant
306 4675 419 4709 exercere
436 4694 460 4708 ..
475 4693 482 4717 ‚
499 4664 525 4707 ut
548 4661 709 4708 executionem
727 4661 831 4719 ipsorum
855 4661 918 4706 nulla
935 4660 1062 4720 appellatio
1088 4659 1166 4706 valeat
1189 4656 1313 4714 impedire,

190 4745 236 4790 alsi
253 4746 347 4793 formam
360 4746 514 4799 excesserint,
534 4745 558 4790 in
575 4743 911 4801 taviausobservandnnupp.
929 4743 976 4787 111.
995 4742 1032 4790 111.
1049 4742 1090 4789 lib.
1107 4741 1135 4786 11.
1153 4754 1174 4786 e.
1194 4743 1216 4786 7.
1235 4739 1312 4784 Nean-

200 4827 245 4873 der
262 4829 403 4892 dilgemeiue
420 4828 503 4875 Gesch.
523 4827 565 4873 der
581 4828 734 4875 christlichen
752 4826 857 4886 Religion
874 4827 919 4871 und
937 4825 1022 4871 Kirclre
1038 4825 1062 4877 ὅ,
1081 4825 1102 4870 1.
1119 4824 1172 4874 263.
