3209 5392
1266 555 1345 629 395

147 729 241 788 tatem
258 723 461 788 exaudicionis
477 724 612 805 graciam
630 730 660 788 et
677 724 818 790 ellectum
838 727 902 789 eius
919 729 999 810 quod
1017 726 1193 792 desiderant
1210 749 1349 793 merean-

149 837 209 906 tur,
227 854 282 896 nos
299 834 433 914 ipsorum
449 832 610 897 humilibus
626 835 770 916 precibus
787 835 921 900 inclinati
938 837 996 924 β),
1019 858 1073 920 pro
1097 837 1223 919 speciali
1244 839 1348 920 gracia

149 943 230 1008 banc
252 942 327 1025 ipsis
349 942 520 1006 libertatem
542 942 706 1017 tradimus,
735 943 878 1007 traditam
902 950 933 1008 et
948 943 1133 1033 [concessam
1161 948 1348 1011 auctoritatis

149 1051 236 1134 regie
253 1058 283 1116 et
298 1052 448 1133 presentis
466 1053 581 1115 decreti
597 1053 759 1133 munimine
781 1052 1009 1127 confirmamus,
1033 1057 1114 1140 quod
1137 1077 1222 1120 nemo
1240 1057 1349 1121 civium

150 1162 279 1227 civitatis
293 1162 331 1249 p)
344 1162 381 1225 Ν.
399 1163 557 1246 utriusque
574 1182 663 1226 sexus
680 1168 763 1225 extra
780 1163 909 1226 eandem
925 1164 1077 1228 civitatem
1090 1165 1125 1252 δ)
1138 1171 1220 1229 stare
1236 1165 1349 1230 iudicio

150 1272 359 1356 compellatur,
376 1271 441 1335 sive
457 1271 548 1335 realis
564 1271 629 1335 sive
645 1271 761 1355 penalis
777 1272 825 1335 vel
843 1272 940 1336 eciam
957 1271 998 1356 a)
1013 1274 1192 1356 personalis,
1215 1296 1269 1338 seu
1294 1274 1350 1337 alia

127 1369 255 1446 'conca
286 1371 383 1464 ipsum
416 1400 595 1464 quecunque
629 1381 708 1444 actio
744 1386 948 1464 attemptetur.
976 1382 1064 1446 Unde
1096 1383 1122 1445 si
1149 1384 1215 1466 quis
1244 1389 1350 1446 contra

150 1510 330 1575 quemquam
359 1489 467 1552 civium
495 1489 701 1572 predictorum
730 1491 892 1573 quidquam
920 1490 1062 1554 babuerit
1093 1492 1238 1562 actionis,
1270 1491 1349 1556 illam

150 1619 253 1664 coram
270 1599 370 1663 iudice
387 1599 518 1663 civitatis
536 1599 671 1662 eiusdem
688 1599 762 1662 iuris
779 1599 884 1661 ordine
900 1606 1102 1683 prosequatur
1119 1600 1160 1686 ε).

242 1764 403 1833 Ergtozung
426 1780 487 1817 aus:
509 1762 598 1831 lingo,
612 1763 661 1816 Die
683 1761 886 1832 Mediatisiruog
910 1762 961 1817 der
987 1762 1135 1818 deutschen
1161 1760 1349 1817 Reicbsstadte

149 1874 175 1927 p.
194 1853 257 1910 249.
275 1853 431 1924 liudolphus
451 1853 499 1906 llei
520 1853 605 1923 gratia
625 1853 798 1908 Romanorum
818 1869 865 1907 rex
883 1871 904 1906 s.
924 1855 954 1908 Α.
969 1855 1107 1910 Universis
1121 1854 1225 1925 imperii
1239 1849 1349 1908 Romani

150 1947 274 2002 fidelibus
293 1952 433 2019 presentes
456 1945 549 1999 literas
566 1945 727 2015 inspecturis
747 1945 866 2015 graciam
885 1963 958 1999 suam
977 1951 1004 1999 ct
1024 1964 1100 2000 omne
1119 1948 1224 2000 bouum.
1249 1946 1283 2017 α)
1301 1946 1349 1999 dil.

149 2037 244 2094 fideles
265 2040 350 2092 nostri
373 2040 445 2093 cives
466 2037 618 2091 llallensesr
640 2068 670 2076 -
695 2033 731 2108 β)
755 2036 816 2090 incl,
838 2039 956 2097 nolumus
979 2042 1014 2091 et.
1042 2067 1069 2076 -
1095 2035 1129 2106 q)
1152 2037 1292 2092 Halleusis,
1313 2066 1345 2075 -

149 2127 178 2198 δ)
192 2130 349 2183 llalleusem.
366 2159 403 2167 —
416 2126 443 2199 ε)
463 2128 531 2181 Nulli
552 2143 618 2197 ergo
639 2126 743 2179 omuino
762 2126 898 2180 bominum
916 2126 992 2181 buius
1012 2127 1095 2180 nostri
1116 2127 1219 2180 decreti
1233 2126 1362 2194 graciam

150 2220 231 2275 liceat
252 2221 415 2290 infringere,
441 2219 481 2272 vel
504 2217 640 2273 eidemin
663 2216 753 2288 aliquo
777 2233 845 2270 ausu
867 2217 1010 2271 temerario
1033 2215 1186 2282 contraire3
1211 2217 1283 2285 quod
1305 2215 1350 2287 qui

149 2312 242 2367 iacere
260 2313 455 2383 presumpserit
473 2328 581 2382 gravem
600 2315 692 2364 nostre
711 2310 860 2363 maiestatis
878 2309 1006 2363 offensam
1025 2327 1057 2364 se
1076 2310 1181 2363 noverit
1197 2308 1350 2363 iucurrisse.

150 2404 211 2459 liat.
231 2404 391 2472 Nurcnberg
408 2402 427 2454 '7
446 2403 505 2456 Kal.
530 2401 669 2455 Februarii
689 2400 783 2455 Indict.
803 2401 852 2454 lv·
870 2418 893 2452 a.
918 2402 949 2454 D.
969 2400 1049 2455 1276.
1075 2399 1159 2470 Regni
1181 2416 1245 2452 vero
1264 2399 1350 2453 nostri

151 2513 221 2550 anuo
235 2495 260 2548 3.

726 2699 791 2771 48.

152 2883 255 2944 lerna
278 2877 445 2964 privilegii,
470 2896 529 2960 quo
554 2875 800 2959 archiepiscopus
827 2875 985 2939 contlrnst
1014 2870 1213 2937 collectorem
1242 2873 1351 2936 iactam

658 2986 849 3050 munasterio.

246 3150 312 3212 Etsi
329 3148 459 3213 numinis
477 3146 569 3212 diuini
587 3144 752 3228 disposicio
770 3146 849 3206 inter
871 3142 1003 3206 cultores
1025 3141 1092 3223 agri
1116 3141 1162 3204 sui
1179 3160 1234 3202 nos
1251 3138 1353 3220 dispo-

156 3261 267 3331 suerit,
294 3259 366 3322 licet
388 3256 572 3329 immeritos,
600 3253 770 3325 numerari,
798 3252 836 3315 ad
860 3248 1059 3315 edificandum
1082 3249 1113 3312 in
1128 3249 1177 3311 illo
1192 3248 1308 3332 pariter
1323 3252 1354 3310 et

150 3370 358 3454 plantandum,
375 3367 495 3431 iusticie
512 3371 613 3429 tamen
638 3383 693 3427 nes
716 3360 852 3424 debitum
875 3364 1004 3431 coartat,
1029 3362 1062 3421 ut
1085 3358 1129 3420 sic
1146 3357 1177 3419 in
1193 3355 1353 3420 structuris

154 3479 267 3544 uostris
284 3484 315 3542 et
329 3475 571 3562 plantacionibus
588 3473 692 3556 gracie
704 3470 888 3535 beneficium
904 3467 1110 3540 extendamus,
1126 3486 1164 3530 nc
1181 3465 1233 3529 uni
1250 3464 1354 3547 gracie

150 3587 300 3653 solvamus
323 3585 490 3658 beneficio,
519 3584 598 3668 quod
621 3582 708 3646 alteri
725 3603 761 3645 ex
777 3581 852 3645 iuris
870 3578 971 3643 debito
994 3576 1159 3649 debeatur,
1187 3581 1221 3639 ut
1248 3573 1352 3656 gracie

152 3695 333 3761 beneficium
361 3696 399 3760 ad
428 3695 581 3759 sinistram
604 3712 664 3756 non
687 3690 826 3754 dexterct
849 3695 879 3753 et
901 3688 975 3754 iuris
993 3686 1127 3751 debitum
1143 3684 1182 3749 ad
1199 3683 1352 3747 dexteram

150 3817 211 3870 non
239 3807 384 3870 sinistret.
418 3805 492 3869 Cum
520 3803 613 3886 igitur
640 3799 790 3884 hospitale
814 3800 851 3863 N.
876 3798 915 3864 ad
936 3799 996 3861 hoc
1018 3817 1035 3860 a
1057 3792 1266 3860 fundatoribus
1290 3792 1352 3855 suis

151 3915 308 3981 fundatum
336 3915 427 3980 fuerit
456 3920 486 3976 et
515 3917 742 3981 constructum,
776 3914 808 3971 ut
835 3914 922 3991 grata
951 3905 1184 3969 sustentacionis
1217 3900 1351 3966 subsidia
1361 3910 1405 3950 ru.
1416 3911 1468 3950 ⁵8·¹·

151 4030 326 4107 prestentur
356 4022 468 4087 ibidem
505 4021 688 4105 pauperibus
726 4022 757 4081 et
800 4015 942 4088 infirmis,
994 4014 1202 4096 recipiantque
1240 4010 1353 4075 solacia

151 4134 304 4198 viatores:
321 4132 446 4196 illustris
459 4131 510 4205 N,
522 4129 686 4214 prudenter
698 4126 867 4200 attendens,
881 4125 962 4212 quod
976 4125 1044 4208 plus
1062 4122 1191 4187 debitori
1207 4119 1353 4187 creditur,

152 4245 205 4328 qui
217 4263 272 4326 per
284 4241 455 4307 soluciones
467 4241 664 4323 particulares
681 4258 741 4301 non
755 4237 868 4320 ingerit
883 4232 1072 4299 incommoda
1089 4231 1244 4303 creditori,
1260 4228 1354 4311 priori
1434 4246 1436 4251 ⁴

153 4359 184 4419 et
200 4350 343 4414 iratribus
361 4349 435 4413 dicti
450 4347 620 4431 hospitalis,
643 4345 694 4429 qui
711 4345 756 4407 sie
773 4343 984 4408 universaliter
998 4342 1126 4406 Domino
1145 4339 1354 4423 persolverunt

154 4462 275 4533 debita,
301 4467 334 4523 ut
362 4479 418 4522 nce
440 4457 499 4520 sibi
520 4455 647 4520 liberum
670 4453 828 4518 arbitrium
848 4457 1050 4523 reservarent,
1068 4451 1181 4514 dictum
1203 4447 1353 4531 hospitale

242 4606 277 4676 a)
297 4605 353 4661 sire
372 4602 476 4675 penulis
495 4601 537 4656 vel
560 4600 644 4654 eciam
663 4598 733 4652 fehlt
751 4599 777 4650 in
797 4597 857 4651 dem
877 4595 947 4652 nach
966 4594 1027 4649 dem
1048 4593 1169 4665 Origiual
1189 4593 1349 4664 gegebenen

155 4700 280 4755 Abdrock
310 4697 355 4753 bei
383 4697 459 4763 llugo
487 4692 542 4747 und
568 4690 673 4745 scheiut
703 4690 753 4741 mir
783 4688 843 4743 eine
869 4687 1053 4756 Vermutbuog
1083 4685 1132 4739 des
1156 4681 1352 4739 Abscbrcibers

152 4810 186 4846 zu
205 4791 271 4847 sein.
