3209 5392
278 517 356 588 378

276 689 370 755 virtus
382 696 444 762 tua,
457 693 614 775 nequimus
627 691 768 755 allectum
776 697 910 755 nostrum
922 692 1058 776 perfecte
1070 693 1238 776 exprimere
1250 713 1306 775 per
1318 690 1458 755 ellectum.

276 801 372 884 Igitur
386 805 437 864 tue
454 801 535 863 clare
552 801 678 864 actionis
695 805 821 885 accepta
837 801 1004 885 magnalia,
1030 821 1089 885 que
1106 800 1215 865 diffuso
1230 800 1311 863 fame
1328 799 1461 883 preconio

277 908 470 993 magnificare
486 916 516 972 te
533 926 592 971 non
609 907 749 972 desinunt
763 907 795 971 in
812 914 976 993 conspectu
992 909 1078 992 regie
1095 907 1273 980 maiestatis,
1297 928 1352 972 nos
1368 908 1462 971 taliter

228 1090 231 1097 ⁴
276 1023 415 1083 recreant
442 1023 473 1081 et
500 1017 663 1089 oblectant,
692 1017 771 1102 quod
800 1020 879 1081 iuter
907 1023 1025 1082 ceteros
1053 1023 1084 1082 et
1111 1038 1165 1102 pre
1194 1017 1316 1089 ceteris,
1345 1037 1462 1102 quorum

275 1126 371 1192 eciam
386 1125 514 1211 pervigil
531 1146 603 1190 cura
619 1125 729 1191 nostris
751 1127 872 1190 insudat
894 1126 1059 1213 obsequiis,
1083 1127 1219 1211 cupimus
1241 1112 1278 1188 te⁴
1294 1127 1463 1210 precipuum

273 1236 386 1301 habere
407 1236 598 1300 consiliorum
624 1242 793 1299 nostrorum
808 1235 986 1320 participem
1001 1241 1031 1301 et
1048 1241 1217 1300 nostrarum
1234 1236 1460 1320 prosperitatum

274 1346 304 1408 in
330 1345 489 1408 fortunatis
517 1344 660 1429 auspiciis
688 1364 746 1408 oon
773 1351 942 1428 expertem:
976 1345 1181 1408 sinceritatem
1209 1349 1291 1407 tuam
1319 1344 1462 1408 attencius

274 1455 483 1526 exhortantes,
524 1458 671 1539 quatenus
703 1453 814 1517 nostris
846 1459 877 1516 et
908 1453 1026 1537 imperii
1057 1452 1260 1536 provehendis
1291 1452 1461 1524 honoribus,

273 1564 352 1628 sicut
373 1563 530 1636 hactenus,
553 1561 782 1627 continuacione
806 1566 937 1645 gratuita
964 1564 1009 1625 sic
1031 1561 1186 1625 ferventer
1207 1560 1348 1643 invigiles
1371 1564 1401 1624 et
1422 1561 1464 1623 in-

273 1676 391 1746 tendas,
413 1675 492 1758 quod
515 1695 552 1739 ex
573 1675 630 1739 hoc
647 1675 803 1760 utriusque
820 1673 986 1738 comoditas
1002 1678 1090 1757 grata
1107 1672 1238 1738 novitate
1253 1674 1396 1738 refloreat
1411 1695 1463 1737 nec

274 1801 332 1846 nou
349 1783 443 1846 decus
459 1781 576 1865 imperii
592 1781 711 1865 placido
726 1780 837 1845 robore
854 1783 1055 1846 convalescet.
1104 1816 1106 1820 ·
1186 1770 1189 1775 ’

847 1989 909 2059 28.

617 2168 677 2230 Rex
694 2167 842 2248 sigrldcot
858 2168 987 2250 principi
1002 2165 1044 2252 a)
1060 2173 1117 2233 etc.

617 2324 697 2379 1276.
710 2325 849 2380 Zvviscben
863 2326 979 2380 Februar
994 2326 1047 2381 und
1060 2326 1120 2380 uni.

273 2474 304 2526 K.
318 2470 422 2543 Budolf
435 2471 557 2542 deputem
569 2470 621 2524 den
634 2472 734 2539 Herzog
747 2488 797 2526 oon
811 2469 912 2525 Baiern
924 2469 994 2525 noct
1007 2472 1103 2527 mosen
1118 2472 1297 2547 Aoecdtoung
1309 2476 1357 2531 mit
1368 2476 1463 2531 semem

272 2564 391 2629 Bruder,
414 2562 526 2634 Ludwig
542 2561 601 2616 dem
621 2563 761 2634 Sempro,
784 2563 842 2616 und
856 2561 966 2634 sordem
981 2562 1029 2618 ibn
1046 2563 1106 2636 cof,
1127 2565 1216 2620 dieser
1236 2567 1463 2639 dbmndeolraflc·

272 2653 401 2711 blindaim
419 2652 544 2724 cufrecdt
560 2671 593 2707 zu
612 2650 745 2714 erdolten,
763 2654 801 2706 da
818 2670 850 2708 er
865 2662 941 2711 ronst
958 2654 1016 2708 dem
1039 2655 1150 2726 Ludwig
1164 2673 1250 2729 gagen
1267 2655 1314 2712 ibo
1333 2658 1463 2716 tristabar

814 2747 920 2801 ‚worda

364 2892 487 2954 Gerbert,
499 2891 526 2955 2,
540 2890 583 2944 49.
684 2908 686 2913 ·

364 3038 451 3122 Quod
479 3037 626 3120 regalium
653 3036 806 3100 literarum
834 3035 967 3110 emissio,
986 3040 1257 3127 quorumulloquio
1273 3042 1465 3128 iampridem

272 3147 382 3211 suimus
398 3152 429 3210 te
445 3146 584 3229 aggressi
595 3144 633 3232 ¹),
656 3145 794 3228 graciose
812 3145 1006 3209 salutacionis
1023 3153 1156 3212 scemate
1173 3150 1214 3237 t)
1231 3171 1349 3223 carens,
1374 3152 1468 3216 sensit

272 3255 503 3341 apocopacionis
531 3273 687 3325 occasum,
716 3254 774 3318 hec
800 3254 858 3317 luit
884 3255 988 3339 procul
1017 3255 1108 3319 dubio
1136 3259 1256 3324 occasio
1285 3265 1315 3323 et
1343 3260 1375 3325 id
1404 3265 1467 3324 erat

273 3385 382 3436 causa,
411 3364 491 3450 quod
513 3363 616 3427 inclito
631 3363 724 3451 ‚fratri
746 3368 797 3427 tuo
820 3364 857 3428 N.
868 3365 915 3451 ²),
951 3384 1011 3427 uon
1033 3364 1158 3450 absque
1172 3373 1275 3433 nostra
1297 3374 1328 3434 et
1350 3369 1467 3454 imperii

274 3473 388 3536 lesione
412 3472 578 3543 dirissima,
612 3471 695 3536 visus
725 3492 759 3535 es
781 3470 928 3535 haetenus
951 3473 1081 3558 quadam
1103 3475 1254 3540 obstinata
1276 3477 1410 3549 duricia,
1437 3478 1466 3541 in

273 3582 406 3646 fraterne
428 3581 507 3664 legis
531 3580 737 3663 dispendium,
766 3582 876 3643 malum
898 3586 959 3644 tam
982 3583 1171 3647 intolerabile
1194 3586 1369 3650 machinari.
1402 3589 1467 3653 Non

274 3690 354 3755 enim
377 3689 478 3753 decuit
500 3688 739 3753 benivolenciam
761 3693 893 3752 nostram
917 3710 971 3754 nos
994 3691 1172 3781 litteratorie
1194 3694 1249 3757 tibi
1276 3697 1467 3779 pretendere,

275 3801 345 3865 dum
372 3799 596 3863 intenderemus
624 3800 723 3862 eidem
749 3796 810 3862 lilio
839 3800 991 3888 nosnos),
1025 3805 1058 3864 ut
1086 3802 1260 3886 oportebat,
1294 3811 1401 3869 contra
1427 3812 1467 3877 te,

274 3910 369 3994 ipsius
392 3908 455 3971 iura
472 3907 685 3990 calumpniosis
708 3907 868 3972 insultibus
888 3909 1123 3992 impugnantem,
1148 3911 1249 3976 debite
1267 3916 1468 3998 opposiciouis

367 4092 401 4158 a)
415 4092 470 4144 Rex
483 4089 558 4143 Rom.
573 4090 634 4143 duci
651 4090 724 4144 Wab.
741 4091 768 4143 Z.
786 4120 813 4129 -
831 4090 862 4160 b)
876 4093 1003 4145 scrvvnati
1018 4094 1044 4143 V.

276 4263 598 4280 Μ

302 4393 325 4452 ¹)
347 4396 421 4441 Einen
439 4396 536 4442 solcbcn
550 4393 623 4446 ories,
641 4392 684 4437 der
702 4394 761 4438 auch
780 4404 864 4452 vogen
885 4394 963 4438 seinos
975 4396 1101 4457 sonstlgcu
1114 4397 1201 4443 inhalts
1214 4397 1300 4445 bdobst
1312 4399 1468 4459 merkvn'rrdig

349 4487 389 4540 ist,
407 4486 473 4532 siche
489 4485 528 4531 bei
547 4485 663 4544 llerrgott
680 4484 738 4529 Gon.
759 4484 783 4536 2,
801 4484 825 4528 2.
848 4480 904 4528 lto.
925 4485 1017 4532 Feruer
1033 4487 1111 4547 vorgl.
1130 4487 1170 4534 das
1188 4489 1249 4535 aba„
1268 4491 1293 4535 s,
1313 4491 1361 4537 23ss
1378 4505 1418 4538 Μ,
1439 4491 1468 4536 50

350 4575 510 4638 mitgetbcilte
524 4574 663 4620 schreiben.

301 4667 326 4726 2)
346 4667 474 4713 Ludovico.

306 4754 331 4819 ³)
362 4764 392 4806 So
406 4760 481 4804 oront
494 4756 583 4802 Rudoll
593 4756 674 4799 sciren
688 4755 894 4817 Scbwicgersobn‚
907 4757 1006 4820 Ludwig
1019 4760 1063 4806 den
1076 4762 1194 4822 Streogen
1208 4775 1254 4809 von
1267 4762 1359 4811 Beiern.
