3209 5392
1268 502 1346 572 235

152 674 303 756 passionis
331 695 385 737 sue
409 677 506 756 gessit
532 683 667 759 tempore
696 673 923 758 triumphalem,
951 679 982 738 et
1003 679 1036 737 ut
1062 672 1171 736 edificii
1200 677 1350 736 structura

154 780 298 860 congruis
315 779 485 845 firmaretur
500 783 765 866 disposiciouibus,
781 782 873 845 bases
886 780 917 844 iu
930 801 964 842 se
977 778 1124 843 stabilivit
1139 778 1351 843 inviolabiliter

155 886 296 958 stabiles,
328 889 408 951 sacri
435 889 576 954 videlicet
609 889 727 972 imperii
754 889 923 971 principes,
954 888 1158 952 illustracione
1190 886 1351 949 multifaria

155 998 361 1058 coruscantes.
400 996 446 1059 De
475 1016 600 1079 quorum
630 997 768 1060 nimirum
795 995 983 1059 multitudine
1010 993 1174 1075 imperialis
1203 993 1348 1056 celsitudo

154 1105 237 1163 tanto
265 1101 421 1165 sublimior
446 1103 649 1186 conspicitur,
686 1108 797 1185 quanto
830 1101 861 1164 in
888 1100 962 1183 ipsis
978 1099 1176 1183 ‚principibus
1208 1097 1348 1163 tirmitate

155 1207 349 1289 perspicabili
361 1208 435 1271 fides
448 1208 572 1274 solidior
583 1209 778 1291 cognoscitur
790 1214 821 1272 et
831 1209 958 1273 videtur.
975 1209 1055 1271 Inter
1067 1226 1142 1289 quos
1153 1206 1294 1289 princeps
1307 1207 1349 1291 a)

155 1312 330 1378 karissime!
365 1321 395 1378 te
422 1322 563 1400 tanquam
591 1316 778 1396 columpnam
805 1313 976 1386 inmobilem
1004 1315 1175 1377 clarescere
1198 1314 1349 1377 cernimus

157 1420 340 1483 sinceritatis
362 1421 547 1503 plenitudine
570 1440 606 1484 ac
628 1421 725 1484 tocius
747 1420 819 1483 fidei
841 1419 981 1502 puritate.
1014 1419 1182 1501 Eapropter
1203 1424 1233 1483 te
1257 1420 1350 1483 veluti

157 1526 329 1608 specialiter
343 1528 541 1609 predileetum
554 1526 765 1590 sincerissimis
776 1526 988 1609 prosequimur
1005 1526 1199 1607 amplexibus,
1216 1545 1252 1588 ac
1268 1531 1349 1588 tuam

156 1633 341 1705 fidelitatem,
359 1653 417 1717 que
434 1654 554 1716 semper
566 1636 648 1697 circa
661 1653 781 1696 sacrum
797 1632 892 1714 viguit
907 1633 1076 1715 imperium,
1093 1633 1348 1703 commendantes,

158 1745 188 1802 te
204 1759 258 1821 pre
275 1741 386 1803 ceteris
403 1743 554 1825 amplioris
570 1741 705 1815 bonoris,
720 1747 811 1822 prout
827 1740 986 1812 condecet,
1004 1741 1146 1805 extollere
1163 1739 1349 1821 disponimus

156 1847 359 1924 incrementis.
392 1850 634 1912 Transmittimus
661 1848 764 1931 itaque
791 1847 847 1911 tibi
875 1849 973 1910 omnia
1000 1848 1108 1919 seoda,
1136 1846 1245 1929 quibus
1271 1853 1305 1911 tu
1331 1868 1349 1910 a

157 1973 244 2017 sacro
260 1952 385 2035 imperio
403 1956 551 2039 quondam
567 1956 705 2018 nosceris
718 1955 756 2039 b)
772 1954 955 2026 infeodatos,
972 1955 1148 2020 mandantes
1165 1974 1201 2019 ac
1218 1955 1350 2020 auctori-

153 2065 215 2123 tate
231 2061 434 2142 precipientes
450 2063 536 2144 regia
552 2061 688 2130 omnibus
706 2060 877 2138 comitibus,
898 2060 1073 2132 baronibus,
1089 2061 1348 2134 ministerialibus,

154 2167 297 2231 militibus
312 2187 369 2232 nec
385 2189 445 2232 nou
460 2169 668 2233 universaliter
684 2169 821 2250 singulis,
838 2168 1091 2231 commorantibus
1108 2170 1139 2232 in
1154 2175 1207 2233 tuo
1233 2170 1350 2251 princi-

155 2280 244 2358 patu,
262 2280 294 2337 ut
310 2275 364 2337 tibi
381 2276 411 2337 in
429 2276 581 2348 omnibus,
599 2275 705 2358 quibus
723 2275 761 2337 de
778 2275 843 2340 iure
858 2280 1016 2347 tenentur,
1038 2275 1131 2339 veluti
1147 2282 1251 2340 nostro
1267 2274 1349 2340 fideli

156 2400 192 2443 ac
209 2381 318 2444 dilecto
335 2381 476 2464 principi,
492 2383 620 2446 fideliter
636 2386 761 2464 pareant
777 2387 808 2444 et
824 2381 989 2445 intendant.
1023 2382 1062 2445 Et
1085 2382 1225 2464 quoniam
1242 2382 1350 2446 emulis

156 2488 273 2570 imperii
289 2493 393 2552 contra
410 2495 440 2552 te
456 2490 488 2552 in
503 2495 658 2571 posterum
674 2488 739 2551 dari
754 2488 866 2569 poterit
882 2488 1005 2552 sortuitu
1020 2489 1148 2552 materia
1162 2488 1211 2551 rel
1227 2489 1350 2553 occasio

156 2595 349 2677 malignandi,
366 2616 482 2660 exnunc
498 2596 553 2660 tibi
569 2595 770 2678 promittimus
787 2601 818 2657 et
833 2614 887 2659 uos
905 2595 942 2657 ad
959 2595 1018 2657 boc
1031 2592 1158 2658 fideliter
1170 2594 1350 2675 obligamus,

157 2702 238 2786 quod
266 2708 371 2766 contra
399 2704 563 2787 quemlibet
588 2709 619 2768 te
647 2708 752 2767 contra
774 2702 927 2766 iusticiam
948 2703 1157 2766 molestantem
1180 2702 1291 2776 nostris
1313 2721 1351 2765 ao

155 2809 322 2892 principum
344 2817 513 2875 nostrorum
536 2811 649 2877 viribus
673 2811 792 2875 fortiter
821 2830 857 2873 ac
880 2812 911 2872 in
932 2810 1058 2888 brachio
1081 2816 1183 2874 cosme
1210 2810 1352 2892 potencie

156 2937 356 2999 resurgemus.

714 3233 777 3305 25.

492 3371 686 3436 &mucram
709 3390 763 3436 rex
786 3373 903 3434 domine
926 3388 1013 3452 pape.

549 3509 627 3562 1273.
642 3508 768 3563 October.
780 3507 957 3561 Francoturti.

158 3652 189 3703 K.
202 3652 305 3722 liudolf
320 3653 388 3724 sript
402 3655 505 3724 Grepor
518 3655 549 3707 X.
567 3652 641 3706 scine
659 3650 737 3705 chl
748 3668 806 3704 sum
825 3648 975 3704 ro'miscbcn
990 3650 1090 3721 Kdns'qe
1103 3669 1137 3704 cu
1151 3652 1208 3705 uod
1218 3649 1292 3703 litteo
1304 3648 1353 3701 ibn

607 3759 650 3794 um
662 3741 707 3794 die
718 3739 904 3792 Kaeberlsronc.

247 3882 386 3947 boebmcr,
400 3883 465 3953 Reg.
479 3883 546 3937 Rud.
561 3883 585 3936 1.

247 4026 378 4090 Romano
385 4026 449 4109 jam
460 4027 577 4108 pridem
588 4033 714 4090 vacante
727 4026 863 4108 imperio,
880 4025 1084 4107 principes
1102 4026 1297 4087 electores
1311 4024 1349 4109 ¹),

157 4133 295 4215 quibus
319 4134 356 4196 in
379 4135 532 4197 Romani
555 4135 748 4197 electione
772 4133 954 4215 regisius
971 4129 1156 4213 competit
1179 4131 1225 4194 ab
1249 4132 1349 4193 anti-

249 4260 283 4324 s)
297 4258 431 4330 principes
444 4260 471 4313 Z.
486 4289 519 4299 -
533 4259 565 4328 b)
580 4257 679 4313 nostris
692 4259 722 4313 V.

182 4438 207 4498 ¹)
224 4428 287 4485 liber
304 4441 382 4486 diesen
400 4443 451 4486 bier
467 4446 546 4488 anerst
563 4441 586 4485 iu
604 4441 679 4486 einem
696 4440 849 4498 kontgucneo
870 4440 997 4485 Srbreibeu
1015 4441 1212 4486 vorkommenden
1224 4440 1347 4485 busdruck

219 4522 295 4578 vargi.
313 4523 370 4580 lieg.
388 4524 445 4567 auo.
465 4525 486 4575 l,
504 4525 550 4568 und
568 4525 643 4567 meino
659 4523 813 4580 Abbamllnug
826 4512 903 4575 „liber
916 4523 953 4567 dio
964 4523 1074 4567 Ecbtbeit
1092 4522 1136 4565 ond
1148 4523 1287 4580 Bedeotoog
1302 4522 1346 4566 olor

217 4602 328 4647 Urkuude
346 4603 424 4660 lidoig
440 4604 546 4648 flodolt's
564 4606 579 4649 1.
598 4602 729 4649 betreffcnd
746 4604 783 4648 die
803 4603 919 4649 bairiscbe
936 4606 1008 4648 liur.“
1022 4603 1242 4661 Sitauogsbcricbte
1260 4602 1301 4646 Bd.
1316 4602 1345 4646 21

218 4696 242 4737 p.
264 4682 299 4727 lo.
