3209 5392
756 682 816 751 13.

428 860 673 942 lrcbieplseopns
691 859 877 923 boloniensis
893 860 1012 922 domino
1028 878 1120 942 prpe.

617 1019 695 1074 1273.
711 1020 785 1074 Eudo
799 1021 927 1074 October.

179 1160 339 1234 Erzdiorbof
352 1163 492 1235 Enpelbert
507 1181 557 1219 von
578 1164 642 1217 Colo
661 1165 730 1237 zeiqt
750 1165 854 1237 Greqor
872 1167 904 1218 X.
924 1163 969 1219 die
986 1164 1065 1218 ll⁷obl
1076 1166 1132 1217 aad
1145 1166 1273 1233 Krdnanp
1288 1161 1374 1232 Kdnr'p

174 1251 300 1324 liudolfo
313 1270 366 1318 an,
390 1252 462 1306 bitte!
484 1271 527 1308 um
550 1253 721 1326 Bectdtipunp
743 1254 881 1310 dercelben
895 1256 951 1309 und
973 1272 1016 1308 um
1035 1253 1176 1324 Berrcsanp
1188 1250 1315 1322 liudolfo
1327 1269 1375 1305 aar

680 1343 871 1398 Kaieerlrrone.

267 1487 337 1540 Mon.
352 1488 440 1541 Germ.
454 1488 480 1552 l,
494 1487 556 1543 393.
570 1490 639 1542 nacb
653 1487 733 1567 Gerb.
749 1488 774 1550 l,
787 1488 813 1540 3.
830 1517 857 1527 -
875 1488 977 1542 Stobbe
992 1505 1032 1540 00.
1049 1486 1101 1540 187
1115 1487 1168 1540 und
1182 1485 1243 1538 193.

270 1634 521 1698 bantheneias
538 1640 569 1697 et
586 1634 720 1717 elanguit
742 1639 840 1708 terra,
865 1636 1007 1698 contusus
1030 1640 1095 1696 erat
1110 1633 1244 1696 Libanus
1263 1637 1295 1694 et
1310 1649 1377 1693 sor-

179 1741 270 1805 debat
286 1780 331 1789 —
347 1743 401 1805 sed
426 1763 499 1806 ecce
516 1763 607 1807 verna
623 1745 805 1828 temperies,
831 1744 915 1807 etde
932 1749 1012 1807 terre
1029 1742 1197 1806 visceribus
1213 1741 1294 1804 bone
1312 1740 1377 1822 spei

177 1851 313 1932 gramina
325 1853 522 1916 revirescunt.
540 1853 574 1915 In
587 1854 765 1935 sanguinem
779 1855 858 1916 enim
870 1854 980 1938 priscis
993 1853 1063 1917 luna
1074 1872 1162 1916 versa
1178 1850 1378 1933 temporibus,

177 1959 302 2042 vigilare
331 1966 470 2043 pastores
503 1966 534 2023 et
564 1981 656 2043 super
679 1981 790 2044 greges
816 1981 886 2024 suos
911 1966 1072 2024 nocturnas
1104 1980 1225 2022 servare
1258 1958 1377 2040 vigilias

177 2068 303 2132 comode
327 2069 534 2153 nequiverunt.
568 2071 655 2133 Nunc
681 2076 781 2133 autem
806 2071 863 2134 hoc
888 2076 1023 2155 tempore
1039 2070 1234 2134 tenebrarum
1252 2069 1378 2132 densata

179 2179 327 2261 caligine,
349 2179 431 2243 velut
447 2185 583 2243 emortua
598 2179 680 2243 10010
697 2179 752 2242 1011
768 2200 826 2242 nox
841 2180 1029 2263 periculosa,
1054 2179 1142 2263 plena
1160 2179 1378 2251 discriminum,

179 2289 211 2350 in
237 2307 295 2371 qua
319 2288 494 2352 cateruatim
519 2288 592 2350 silve
616 2287 714 2351 bestie
739 2289 936 2359 transierunt,
959 2288 1078 2351 leonum
1103 2288 1194 2351 catuli
1210 2288 1379 2370 rugientes,

177 2403 211 2460 ut
233 2401 375 2478 raperent
403 2396 631 2484 innocentes1),
664 2397 703 2460 ad
727 2397 933 2460 devorandum
962 2396 1076 2479 parati,
1108 2402 1141 2459 ut
1163 2415 1265 2459 escam
1292 2396 1378 2478 panis

178 2525 345 2588 pauperes,
371 2505 428 2568 Dei
456 2510 486 2567 et
512 2505 665 2568 bominum
693 2505 872 2569 reverencia
899 2505 1068 2588 ultrojecta.
1107 2506 1200 2568 Hoste
1230 2504 1380 2587 siquidem

179 2614 264 2696 pacis
288 2613 423 2697 antiquo,
448 2618 600 2696 serpente,
626 2614 677 2698 qui
701 2635 802 2677 morsu
826 2614 970 2697 pestifero
997 2613 1101 2675 dulces
1126 2613 1237 2697 ubique
1261 2613 1381 2676 molitur

179 2714 344 2785 amaricare
369 2722 494 2785 delicias
517 2723 661 2805 paradisi,
685 2723 811 2786 Romani
829 2727 940 2786 statum
964 2721 1094 2804 imperii,
1119 2722 1188 2785 olim
1210 2721 1381 2804 tranquilli-

179 2836 241 2894 tate
257 2830 384 2914 pacifica
412 2831 570 2900 tloridum,
601 2830 653 2894 diu
682 2831 764 2893 duris
791 2830 1031 2914 inquietudinum
1059 2831 1174 2893 malleis
1202 2830 1378 2913 impetente,

180 2945 276 3003 status
303 2941 369 3023 ipse
397 2938 604 3021 corrupcionis
640 2938 753 3002 diutine
784 2938 908 3001 vulnera
940 2938 1080 3020 pertulit,
1113 2943 1144 3001 et
1177 2939 1316 3003 accensis
1349 2940 1381 3000 in

181 3048 323 3112 cordibus
339 3047 492 3111 bominum
515 3046 638 3129 ignibus
656 3047 801 3118 odiorum,
826 3067 885 3129 pax
907 3046 980 3108 inibi
1005 3046 1105 3128 periit,
1130 3046 1257 3109 bellicus
1274 3047 1381 3110 horror

181 3158 314 3230 invaluit,
338 3162 369 3219 et
384 3177 443 3219 non
460 3156 555 3220 solum
573 3155 700 3239 contigit
723 3156 805 3218 illum
822 3155 960 3219 civilibus
976 3155 1075 3228 bellis,
1100 3156 1155 3219 sed
1172 3157 1268 3219 eciam
1285 3157 1381 3219 intes-

181 3270 252 3330 tinis
273 3264 493 3353 quodammodo
516 3264 645 3327 letaliter
668 3263 808 3328 sauciari.
841 3263 952 3328 Verum
974 3264 1133 3327 miserator
1158 3271 1188 3328 et
1204 3266 1380 3357 misericors

182 3373 327 3437 Dominus
344 3373 396 3457 a),
421 3374 626 3455 superomnia
653 3379 760 3437 tenens
789 3373 947 3455 imperium
965 3373 995 3434 10
1013 3375 1160 3444 excelsis,
1188 3373 1237 3436 cui
1253 3394 1380 3456 parcere

182 3488 350 3566 promptum
375 3487 422 3544 est
447 3487 477 3543 et
500 3481 653 3563 proprium
675 3482 824 3554 misereri,
848 3482 920 3545 11001
944 3483 982 3544 ad
1000 3481 1183 3564 explacionis
1201 3482 1381 3545 exercicium

183 3591 322 3676 paciatur
344 3591 494 3666 interdum
521 3590 615 3673 ailligi
642 3590 747 3653 lideles
765 3591 965 3655 —nesciens
993 3600 1094 3655 tamen
1117 3593 1148 3654 in
1170 3592 1381 3673 indignacione

184 3699 380 3763 clemenciam
398 3699 563 3769 continere,
586 3704 618 3762 nt
635 3719 727 3782 super
744 3706 856 3763 sortem
873 3699 1051 3764 hereditatis
1068 3722 1122 3763 sue
1139 3700 1255 3782 virgam
1271 3700 1383 3782 iniqui-

184 3809 255 3873 tatis
272 3828 330 3871 non
347 3826 442 3889 usqne
459 3807 497 3870 ad
521 3807 672 3870 interitum
696 3808 895 3890 derelinquat,
920 3808 975 3872 sed
999 3829 1067 3871 cum
1091 3809 1290 3891 percusserit,
1315 3830 1383 3872 mox

185 3916 339 4001 propicius
357 3915 528 3980 consolator
549 3914 667 3998 exurgit
684 3954 727 3963 —
745 3938 781 3979 ex
803 3915 854 3979 alti
872 3917 936 4000 jam
958 3917 1005 3979 sui
1026 3916 1232 3980 ineffabilitate
1265 3917 1383 3980 consilii

187 4027 309 4089 summis
325 4025 386 4088 ima
402 4023 577 4096 concilians,
594 4024 659 4087 dies
679 4025 773 4088 malos
790 4025 986 4089 abbreviasse
1010 4026 1140 4099 videtur,
1165 4026 1382 4090 irradiantibus

185 4138 293 4203 celitus
310 4134 467 4219 splendide
482 4136 559 4198 lucis
576 4156 652 4199 nove
668 4135 858 4218 lampadibus
875 4137 1044 4200 claritatem
1067 4136 1118 4223 b).

277 4246 412 4311 Vacante
424 4242 572 4326 siquidem
582 4242 642 4306 iam
653 4243 769 4325 pridem
781 4243 919 4326 imperio,
931 4265 969 4307 ne
982 4246 1027 4308 sic
1035 4245 1154 4307 diucius
1172 4244 1385 4307 aberraremus

188 4355 342 4438 acephali,
375 4355 456 4437 apud
482 4353 573 4417 talem
599 4353 716 4426 locum,
744 4354 792 4416 die
821 4354 860 4417 ad
888 4354 946 4417 boc
974 4354 1012 4417 ab
1041 4354 1180 4418 omnibus
1208 4353 1324 4416 indicta
1353 4357 1385 4416 01

281 4519 316 4587 0)
329 4520 401 4572 Dens
414 4519 442 4571 Z.
455 4546 492 4556 -
505 4517 537 4585 d)
553 4518 701 4570 claritatum
721 4517 751 4569 V.

216 4700 239 4760 ¹)
255 4701 336 4759 Vergl.
349 4715 372 4757 p.
383 4700 431 4745 alo
441 4702 504 4744 Luna
515 4699 607 4755 quidem
619 4699 667 4743 etc.
