3209 5392
258 477 308 550 92

172 676 173 679 “
255 651 323 716 luce
337 650 427 724 clara,
441 671 499 735 que
511 658 558 720 est
565 652 798 738 christissima
810 660 986 738 premuntur
992 652 1196 723 vestutissiuae
1208 656 1372 726 servitutis.
1387 674 1437 722 uus

255 759 315 824 iam
330 779 389 826 nou
404 759 511 827 ancille
527 760 582 826 sod
597 760 692 829 bbere
708 761 784 830 filios
801 762 925 831 amaea
941 763 1103 832 moliuntur
1117 762 1232 832 iniuriis
1254 769 1285 829 et
1307 764 1439 845 attigere

256 887 344 954 quarn
359 868 492 954 plurimis
518 871 701 952 grauimirnis
716 872 912 940 detrimentis.

661 1076 702 1142 lle
717 1074 927 1144 corrobolem
941 1074 1050 1142 anne

757 1198 888 1248 assaturae
905 1198 943 1246 Vl.

351 1334 460 1397 Plenus
476 1335 579 1417 gracia
596 1340 626 1399 et
647 1335 772 1398 ueritate
788 1335 959 1415 unigenitus
974 1333 1031 1397 [lei
1048 1335 1121 1408 vivi,
1138 1354 1243 1418 quem,
1271 1334 1446 1417 disponente

255 1443 348 1524 patris
369 1442 464 1505 eterni
486 1443 664 1516 clemencia,
690 1443 811 1508 humani
828 1443 948 1524 generis
975 1443 1112 1507 condicio
1133 1444 1243 1507 misera
1265 1444 1306 1507 ad
1328 1462 1448 1525 repara-

256 1551 374 1615 cionem
389 1549 429 1635 a)
446 1571 505 1614 sue*
517 1551 634 1634 perdite
651 1552 807 1633 dignitatis
823 1552 956 1634 legatum
972 1552 1010 1615 de
1028 1554 1101 1615 celis
1118 1551 1263 1624 obtinuit,
1290 1552 1447 1635 potestatis

260 1659 474 1740 plenitudinem
490 1660 673 1724 obtinentem
688 1660 720 1724 in
736 1661 856 1733 secula,
884 1662 934 1743 qui
958 1681 1078 1744 semper
1093 1661 1172 1743 apud
1189 1681 1260 1724 suos
1277 1662 1377 1726 extitit
1397 1680 1449 1742 per

258 1769 393 1850 graciam
413 1770 485 1833 licet
501 1769 612 1855 ubique
632 1776 752 1834 maneat
772 1789 831 1852 per
854 1775 1007 1841 naturam,
1035 1776 1068 1834 ut
1095 1789 1198 1834 carum
1219 1770 1277 1833 sibi
1298 1770 1449 1853 populum,

136 1895 183 1935 rn.
193 1896 239 1935 ean
257 1877 364 1959 grandi
378 1879 482 1960 precio
499 1884 712 1961 conparatum,
740 1878 779 1941 de
794 1878 933 1946 faucibus
949 1880 1044 1942 leonis
1061 1880 1192 1961 eriperet
1207 1879 1377 1960 rugientis,
1399 1897 1451 1960 pen

255 2005 290 2058 se
312 2004 349 2048 ac
372 2005 428 2067 per
450 1986 541 2059 alios,
569 2005 645 2071 quos
673 1986 757 2050 verbi
781 1987 829 2051 sni
852 1988 978 2052 nuncios
1003 1999 1039 2050 ae
1062 2006 1211 2069 precones
1234 1987 1393 2051 constituit
1408 1986 1451 2048 sul

254 2096 382 2164 anuinio
411 2095 534 2177 gloriosi
560 2096 682 2160 visitare
711 2116 783 2160 suos
813 2097 975 2162 salubriter
1000 2117 1060 2160 non
1088 2096 1223 2169 desistit,
1251 2104 1378 2178 gestans
1405 2095 1451 2158 illa

257 2225 360 2269 secam
388 2205 426 2270 de
454 2205 526 2269 celis
554 2204 704 2279 remedia,
736 2227 792 2290 par
816 2226 875 2290 que
898 2214 1058 2271 conservat
1087 2206 1341 2288 contemplationi
1370 2204 1451 2270 dedi·

257 2321 341 2377 catos
358 2312 406 2402 l),
423 2320 581 2397 proserpat
603 2319 825 2397 contemptores
848 2316 943 2379 seculi
965 2321 996 2379 et
1016 2316 1088 2398 iugo
1104 2313 1143 2396 ε)
1160 2315 1334 2397 penitencie
1358 2315 1452 2396 depo-

256 2428 335 2487 tatos
362 2442 418 2505 per
445 2441 503 2505 que
532 2429 619 2486 curat
645 2424 789 2488 viciorum
816 2424 884 2487 labe
908 2443 1089 2506 conspersos
1111 2431 1143 2488 et
1165 2424 1318 2487 sauciatos
1347 2421 1450 2486 iaculis

154 2521 158 2525 ’
257 2531 382 2595 sathane
410 2539 472 2596 tam
499 2531 686 2595 euidentibus
714 2552 805 2616 qnam
833 2534 977 2604 occultis,
1010 2552 1067 2615 pon·
1093 2551 1152 2615 que
1185 2536 1216 2594 et
1239 2530 1280 2616 d)
1313 2531 1448 2594 meliorat

256 2640 398 2705 bonitatis
420 2641 595 2714 insudantes
619 2641 759 2723 operibus
786 2650 817 2706 et
839 2642 1033 2723 perfectionis
1052 2641 1188 2732 obtinere
1213 2638 1353 2704 bravium
1370 2644 1449 2702 sata·

259 2750 415 2836 gentes1)

683 2954 723 3016 iul
755 2959 912 3018 extraneos
943 2952 1023 3016 auen.

761 3077 889 3122 occursuro
906 3077 953 3121 vrr.

348 3214 404 3280 Dei
420 3215 603 3297 sapientiam
621 3221 651 3284 et
666 3216 807 3283 virtutem
822 3211 887 3280 fiori
903 3219 1005 3280 aotam
1025 3212 1056 3280 in
1078 3213 1196 3298 populis
1220 3213 1400 3302 precipuum
1421 3213 1449 3271 el

260 3326 433 3393 contonam
455 3330 503 3393 est
523 3326 677 3392 innostra
700 3324 855 3410 proposito
878 3323 1049 3395 voluntatis,
1065 3324 1226 3408 presertim
1250 3342 1318 3390 cum
1340 3323 1373 3388 in
1394 3320 1448 3386 hoc

260 3437 320 3502 uita
335 3432 497 3521 perhennis
513 3434 669 3507 consistat,
686 3432 766 3518 quod
778 3433 875 3500 Deum
884 3438 1002 3515 patrem
1015 3437 1045 3496 et
1058 3451 1147 3518 quem
1162 3432 1242 3498 misit
1257 3430 1349 3498 filium
1367 3445 1448 3498 sunu

259 3547 365 3614 lesum
380 3549 479 3612 mente
491 3544 572 3629 uigili
584 3540 679 3628 genus
696 3542 857 3610 humanum
874 3542 994 3610 studeat
1010 3561 1177 3628 agnoscere
1194 3560 1230 3610 ac
1245 3540 1369 3608 laudum
1384 3557 1448 3626 pre·

261 3658 346 3719 conio
364 3656 428 3719 eius
445 3654 580 3717 attollere
597 3653 730 3734 graciam
746 3651 921 3715 maiestatis.

580 3849 582 3852 ’
636 3846 688 3918 'la
704 3874 819 3922 crucem
836 3855 1059 3937 suscipiendam.

760 3978 888 4024 Distiuctio
900 3977 955 4026 Vlil.

350 4120 395 4186 De
412 4122 531 4185 secroto
547 4117 577 4181 io
593 4114 745 4198 publicum
762 4133 906 4196 egressus
922 4115 960 4180 ad
977 4134 1082 4182 seruos
1098 4134 1150 4180 rex
1165 4113 1222 4182 uei
1237 4110 1315 4180 tilius
1331 4110 1370 4179 ad
1386 4110 1447 4192 yut

263 4227 430 4299 descendit,
452 4231 485 4289 nt
507 4225 634 4290 subditis
656 4224 694 4287 ad
718 4243 833 4287 summa
856 4228 978 4310 pararet
999 4243 1159 4292 ascensum
1181 4221 1238 4286 snb
1254 4226 1333 4285 testa
1349 4222 1445 4283 nostre

353 4391 387 4459 a)
401 4388 637 4460 recuperacionam
651 4385 678 4439 Z.
700 4417 732 4425 —
753 4386 785 4454 b)
809 4385 914 4440 deditos
934 4385 961 4438 Z.
979 4418 1008 4427 -
1028 4387 1059 4455 e)
1075 4384 1131 4457 iugi
1149 4386 1170 4439 V
1188 4385 1351 4439 observande
1371 4383 1445 4435 unten

263 4482 320 4538 Fol.
340 4481 384 4543 79,
404 4499 448 4535 uo.
467 4480 511 4533 lu.
531 4507 565 4516 -
579 4477 614 4545 d)
629 4477 706 4531 etiam
721 4477 748 4529 Z.

267 4617 590 4632 U———w--n-W

289 4706 311 4767 ¹)
324 4709 370 4751 Der
389 4718 466 4765 ganne
485 4704 550 4748 Batai
565 4703 635 4747 untcn
653 4701 701 4745 Fal.
714 4697 760 4751 Ἣ),
782 4710 819 4744 no.
838 4698 877 4744 au.
