3209 5392
186 1349 230 1433 C.
243 1344 440 1462 Incipiunt
460 1344 576 1433 litere
592 1340 888 1460 privilegiorum
912 1352 955 1432 ct
977 1340 1276 1459 exempcionunr
1298 1342 1381 1431 sive

665 1490 904 1580 libertatum.

762 1836 796 1907 l.

382 2026 541 2109 lnperlale
557 2025 746 2110 privilegium
762 2043 853 2107 snper
868 2024 965 2088 lerna
981 2025 1192 2107 exempclonls.

290 2174 346 2242 biri
354 2186 442 2259 Konip
455 2186 567 2241 esimirt
579 2186 657 2241 einen
670 2186 760 2242 eeiner
774 2185 874 2243 Diener
886 2202 935 2241 von
948 2182 1156 2239 vmacbiedenen
1169 2185 1292 2240 Steuern.

282 2332 348 2396 Etsi
382 2333 421 2397 ad
454 2330 559 2396 fideles
588 2329 739 2416 quoslibet
768 2330 1009 2396 munificenciam
1041 2338 1175 2396 nostram
1206 2329 1388 2412 porrigimus

189 2441 371 2524 graciosum,
387 2442 426 2505 ad
442 2442 509 2505 illos
525 2443 671 2524 precipue
687 2441 911 2525 prerogativam
934 2442 1132 2523 benignitatis
1157 2440 1342 2504 extendimus
1359 2445 1390 2503 et

189 2549 401 2616 liberalitatem
428 2553 522 2616 nostri
550 2553 661 2615 favoris
690 2551 872 2634 porrigimus
901 2550 1096 2622 debitricem,
1124 2550 1174 2633 qui
1203 2549 1285 2614 circa
1312 2549 1390 2612 latus

190 2667 325 2723 nostrum
347 2659 471 2725 diurnos
494 2660 613 2724 labores
637 2659 809 2743 suscipiunt
830 2667 860 2724 et
882 2665 1023 2743 perpetes
1045 2660 1077 2722 in
1099 2659 1210 2723 nostris
1236 2656 1388 2742 obsequiis

189 2767 333 2833 excubias
349 2769 531 2852 protrahunt
548 2775 579 2833 et
596 2769 780 2850 expendunt,
797 2775 840 2841 ot,
857 2769 936 2832 sicut
952 2773 1023 2831 sont
1043 2767 1263 2852 obsequiorum·
1276 2764 1393 2830 exhibi-

188 2879 275 2942 cione
291 2879 441 2961 precipui,
456 2880 513 2950 sic,
531 2900 563 2942 se
580 2879 749 2962 gaudentes
763 2880 867 2961 gracie
879 2879 1035 2961 privilegio
1049 2878 1202 2961 specialis,
1214 2876 1390 2960 personales

188 2986 309 3052 labores
325 2986 474 3070 placidius
491 2987 620 3052 subeant
643 2992 674 3050 et
698 2987 901 3051 succedencia
924 2987 1059 3070 pondera
1076 2987 1205 3050 suavius
1221 2987 1389 3068 paciantur.

190 3094 380 3178 Quapropter
395 3094 436 3181 a)
452 3097 586 3179 presenti
602 3095 758 3178 privilegio
776 3102 878 3160 notum
895 3096 1021 3158 iacimus
1040 3095 1208 3164 universis,
1225 3094 1305 3179 qnod
1322 3113 1389 3166 nos,

86 3254 89 3263 Δ
192 3206 383 3270 attendentes
406 3204 476 3268 fidei
498 3210 529 3268 et
551 3204 727 3268 devocionis
755 3205 875 3268 sincere
900 3203 1123 3276 constanciam,
1149 3223 1240 3287 quam
1261 3204 1298 3266 N.
1318 3221 1391 3286 erga

79 3324 84 3331 '
191 3314 405 3379 excellenciam
418 3319 551 3377 nostram
564 3314 657 3394 geris,
672 3314 902 3378 corrsiderantes
916 3312 1014 3376 eciam
1028 3311 1101 3376 satis
1114 3318 1201 3394 grata
1218 3317 1249 3376 et
1264 3317 1392 3393 accepta

71 3424 76 3449 ‘
194 3424 334 3497 servicia,
351 3442 409 3506 que
422 3422 492 3486 divo
504 3428 644 3504 augusto,
660 3422 791 3504 genitori
805 3428 919 3494 nostro,
938 3427 1050 3504 etpost
1062 3422 1127 3486 eius
1144 3420 1258 3485 obitum
1271 3419 1392 3485 culmini

192 3538 294 3596 nostro
316 3530 447 3595 fideliter
469 3528 641 3596 exhibueris
664 3537 700 3615 b)
723 3531 870 3596 hactenus
892 3532 931 3617 c)
953 3536 984 3596 et
1006 3531 1045 3595 ad
1066 3551 1193 3612 presens
1217 3529 1339 3593 exhibes
1363 3535 1393 3592 et

195 3643 226 3706 in
242 3649 331 3706 antea
346 3639 465 3706 diucius
482 3641 597 3724 poteris
621 3640 781 3714 exhibere,
810 3646 840 3705 te
863 3641 962 3723 ipsum
985 3646 1015 3704 et
1030 3640 1160 3703 heredes
1178 3645 1245 3704 tuos
1262 3660 1298 3702 ex
1315 3658 1393 3703 nunc

195 3751 233 3814 ad
251 3750 316 3814 dies
333 3757 451 3814 vestros
467 3749 506 3814 ab
524 3748 662 3814 omnibus
679 3751 816 3814 collectis
833 3749 972 3833 publicis,
991 3747 1208 3821 exactionibus,
1226 3746 1322 3811 daciis
1339 3769 1392 3810 seu

193 3861 303 3924 mutuis
320 3859 513 3944 generalibus
527 3866 557 3923 et
570 3859 765 3942 specialibus,
781 3859 906 3923 racione
923 3857 1080 3931 bonorum,
1093 3878 1152 3942 que
1165 3878 1245 3923 nunc
1261 3864 1347 3921 tenes
1364 3863 1395 3919 et

192 3969 332 4052 possides
348 3969 395 4032 vel
413 3987 472 4052 que
489 3967 568 4032 iusto
586 3968 680 4051 tytulo
698 3968 858 4052 acquirere
875 3966 989 4050 poteris
1006 3968 1036 4030 in
1053 3969 1197 4038 futurum,
1214 3967 1252 4029 de
1268 3966 1393 4048 speciali

192 4078 296 4158 gracia
312 4083 343 4141 et
360 4097 395 4140 ex
412 4083 496 4141 certa
512 4077 708 4141 consciencia
725 4084 874 4160 perpetuo
892 4076 1027 4140 duximus
1045 4078 1226 4141 eximendos.

284 4188 393 4251 Datum
406 4207 484 4250 anno
493 4187 611 4251 Domini
626 4194 684 4251 etc.
699 4187 841 4250 Kalendis
848 4187 918 4250 Julii
926 4191 976 4270 d),
985 4187 1072 4268 regni
1084 4187 1179 4251 nostri
1193 4206 1270 4250 anno
1278 4185 1391 4268 quinto.

286 4387 321 4454 a)
336 4386 373 4440 lla
388 4387 503 4468 propter
514 4385 543 4437 Z.
562 4414 594 4423 -
605 4383 638 4452 d)
651 4383 804 4439 adhibueris
819 4385 845 4438 Z.
858 4415 891 4423 —-
903 4384 934 4448 c)
949 4386 1061 4439 actenus
1074 4385 1100 4437 Z.
1117 4414 1144 4423 -
1158 4385 1193 4453 d)
1206 4383 1268 4438 lolii
1286 4384 1353 4441 fehlt
1366 4385 1393 4437 Z.
