3209 5392
839 791 901 861 61.

264 974 404 1054 lrlrcepo
421 970 571 1051 supplicat
587 986 674 1050 pope,
699 968 778 1047 quod
802 984 900 1047 regen
924 965 1120 1027 Romanorum
1137 962 1298 1043 conpellet
1313 962 1350 1024 ul
1367 961 1452 1022 susd-

595 1077 734 1158 plerdmu
750 1076 828 1137 suorl
845 1074 961 1154 liuperll
979 1072 1130 1153 dyadema.

828 1250 907 1304 1274.

264 1417 318 1471 Die
337 1417 501 1489 Kurfdroten
523 1418 602 1472 hillen
623 1420 725 1486 (ἔνεμον
746 1418 788 1481 λζ,
818 1416 870 1468 den
891 1413 978 1485 deniq
996 1413 1102 1483 liudolf
1120 1429 1167 1465 zur
1190 1411 1406 1480 uanatronnnq
1426 1427 1453 1461 zu

802 1503 924 1576 derasen.

358 1650 482 1712 Gerbert,
496 1651 521 1712 l,
535 1650 579 1703 37.

359 1796 392 1857 ln
410 1797 496 1860 vinea
512 1795 632 1859 Domini
648 1794 817 1866 sabbaoth,
834 1795 903 1858 luna
920 1794 949 1857 in
962 1794 1139 1876 sanguinem
1155 1812 1253 1863 versa,
1265 1790 1376 1874 priscis
1387 1794 1458 1852 tem-

201 1894 204 1899 *
266 1902 393 1985 poribus
421 1903 546 1985 vigilare
572 1908 711 1985 pastores
739 1908 770 1965 et
800 1924 892 1985 super
925 1922 1035 1983 greges
1066 1922 1136 1966 suos
1164 1902 1281 1984 vigilias
1310 1897 1457 1963 custodire

270 2011 426 2075 commode
444 2013 651 2096 nequiverunt.
677 2010 743 2093 lpsa
762 2031 833 2074 vero
850 2011 982 2074 totaliter
999 2010 1153 2074 subtracta
1170 2016 1200 2073 et
1216 2028 1363 2092 nusquam
1381 2026 1458 2069 com-

265 2126 408 2202 parente,
433 2121 626 2184 condensatis
650 2119 783 2203 undique
806 2120 957 2191 tenebris,
987 2122 1066 2182 facta
1090 2125 1136 2182 est
1158 2138 1215 2182 nor
1236 2118 1409 2200 periculosa
1432 2123 1459 2176 et

265 2230 377 2309 gravis,
395 2229 426 2290 in
443 2250 503 2313 qua
519 2230 705 2293 transierunt
722 2235 752 2292 et
768 2235 926 2293 transeunt
942 2229 1116 2292 catervatim
1139 2227 1237 2291 bestie
1261 2226 1356 2309 silve,
1374 2223 1459 2287 eatuli

267 2335 386 2400 leonum
403 2339 571 2419 rugientes,
589 2345 621 2401 ut
636 2337 755 2420 rapiant
770 2339 947 2401 innocentes
969 2337 1008 2424 1),
1024 2337 1176 2419 preparati
1199 2336 1237 2398 ad
1259 2334 1457 2397 devorandum

264 2463 428 2525 pauperes,
446 2445 696 2527 quemadmodum
715 2465 816 2507 escam
833 2446 932 2528 panis,
957 2443 1058 2507 divino
1082 2445 1188 2506 timore
1212 2442 1340 2505 sublato.
1375 2442 1460 2504 Fluc-

265 2551 370 2615 tuabat
382 2553 529 2616 hactenus
544 2553 627 2616 navis
642 2553 772 2617 ecclesie
788 2555 819 2616 in
839 2552 937 2617 medio
954 2553 1043 2616 huius
1059 2552 1161 2634 magni
1178 2558 1208 2614 et
1224 2552 1357 2634 spaciosi
1374 2550 1459 2613 maris

265 2660 595 2742 etprocellistluctuum
609 2660 808 2725 submersioni
817 2660 857 2748 α)
870 2660 1083 2724 miserabiliter
1094 2659 1327 2745 propinquabat,
1342 2665 1373 2723 et
1386 2678 1459 2722 nuno

264 2773 348 2832 tanto
368 2769 494 2852 amplius
509 2770 644 2843 fluctuat,
671 2777 782 2854 quanto
807 2770 895 2832 abest
916 2768 1102 2852 gubernator
1124 2769 1253 2850 longius,
1279 2770 1329 2852 qui
1347 2788 1461 2832 manum

264 2877 400 2960 porrigat
416 2878 476 2940 iam
491 2879 612 2943 labenti.
637 2880 756 2961 imperii
774 2878 890 2942 sublato
908 2879 1007 2961 capite
1023 2898 1078 2960 per
1094 2880 1174 2941 rixas
1191 2884 1222 2942 et
1238 2878 1460 2947 contenciones,

265 2988 402 3051 iunctura
420 2988 597 3051 universalis
615 2987 754 3051 machine
771 2989 903 3052 resoluta
922 2987 1011 3051 nichil
1031 2987 1111 3051 aliud
1135 2987 1241 3051 indicit
1258 2980 1480 3056 cernentibus,⁸

265 3115 354 3179 quam
370 3097 496 3160 ruinam.
531 3097 627 3179 Quam
648 3098 787 3179 profecto
812 3119 847 3161 eo
873 3117 951 3160 nune
979 3097 1094 3159 turcius
1122 3096 1312 3180 prophetizat
1330 3098 1372 3185 ²),
1397 3116 1463 3180 quo,

265 3206 372 3286 spiritu
389 3207 545 3288 vertiginis
563 3206 592 3266 in
610 3205 708 3269 medio
725 3205 836 3287 Egypti
861 3206 962 3276 mixto,
986 3206 1099 3269 veritas
1123 3205 1152 3267 in
1176 3205 1356 3268 oblivionem
1374 3207 1463 3273 venit,

264 3311 487 3395 vilipenduntur
503 3313 603 3376 claves
621 3312 713 3383 Petri,
731 3314 929 3378 ecclesiarum
947 3313 1071 3377 libertas
1090 3313 1291 3377 contemnitur
1314 3318 1344 3375 et
1362 3315 1460 3376 caloa-

264 3424 330 3491 tur‚
363 3420 433 3484 dum
461 3442 478 3483 a
505 3421 608 3503 planta
635 3422 721 3505 pedis
753 3444 849 3508 usque
878 3423 916 3486 ad
944 3423 1089 3488 verticem
1106 3442 1166 3486 non
1195 3427 1241 3485 est
1270 3422 1300 3483 in
1323 3422 1463 3484 membris

265 3530 377 3592 sanitas
397 3530 425 3617 8)
443 3551 500 3591 neo
520 3531 550 3592 in
571 3530 707 3612 partibus
731 3532 917 3615 compaginis
939 3532 1077 3613 ligatura.
1112 3531 1206 3594 Porro
1231 3551 1287 3592 vox
1311 3530 1412 3593 leticie
1436 3536 1464 3589 et

268 3638 391 3708 salutis,
421 3644 540 3702 servata
563 3639 674 3702 dudum
692 3639 723 3703 in
740 3638 883 3704 cordibus
908 3641 1092 3724 aliquorum,
1121 3639 1179 3701 iam
1202 3659 1275 3702 eece
1292 3658 1348 3721 per
1365 3639 1463 3701 orbem

266 3744 375 3807 diffusa
392 3743 528 3808 diffusius
545 3744 576 3807 in
593 3745 814 3808 revelacionem
831 3748 970 3828 gencium
988 3767 1043 3829 per
1055 3748 1137 3810 vicos
1152 3746 1223 3809 exiit
1239 3752 1271 3810 et
1287 3746 1413 3828 plateas,
1431 3765 1463 3805 eo

268 3850 359 3932 quod,
377 3851 581 3933 disposicione
605 3852 722 3923 divina,
752 3857 870 3916 cunctis
895 3855 1027 3917 ecclesie
1045 3853 1184 3918 fidelibus
1201 3860 1301 3917 vestra
1320 3854 1462 3917 sanctitas

266 3960 443 4040 provisura,
472 3961 615 4041 inclytum
631 3962 839 4043 Rudolphum‚
867 3964 898 4025 in
916 3964 1115 4025 Romanorum
1133 3964 1261 4026 electum
1278 3982 1399 4044 regem,
1427 3958 1463 4022 ad

266 4068 429 4148 imperialis
462 4070 600 4132 culminis
629 4070 751 4141 solium,
784 4077 925 4155 tanquam
958 4071 1050 4153 sydus
1083 4071 1290 4154 splendidum,
1323 4069 1462 4134 duxeritis

360 4250 394 4317 o)
411 4250 603 4305 submersionis
616 4251 644 4304 Z.

272 4435 599 4455 m·-

302 4560 326 4620 1)
345 4564 417 4609 ecurt.
432 4566 486 4620 ror,
499 4566 539 4611 21.

299 4648 324 4710 ²)
344 4654 416 4711 Jesqi.
431 4655 469 4708 19,
484 4653 522 4699 ll.

296 4732 323 4799 ³)
343 4744 413 4802 resq.
428 4746 451 4800 ι,
467 4746 490 4792 o.
