3209 5392
1290 446 1365 516 221

178 615 367 678 emolimento
389 612 441 674 fiat
467 612 498 673 in
525 611 643 693 populis
667 612 836 675 iocunditas
858 614 1018 695 generalis.
1053 614 1190 679 Gaudeat
1210 616 1372 681 letabunda

178 725 209 784 el
229 719 354 783 laudans
376 719 539 790 Alemania,
561 738 595 780 se
616 720 691 781 tanti
713 725 838 783 eventus
861 719 1001 784 felicibus
1017 721 1166 803 preditam
1181 724 1324 805 auspiciis
1342 730 1374 787 et

179 827 271 891 tantis
289 826 509 890 exaltationum
525 826 663 907 tripudiis
680 826 880 890 iocundatam.
912 828 1059 891 Letentur
1073 830 1195 911 inquam
1216 831 1325 912 singuli
1342 838 1373 894 et

178 935 372 1016 singulariter
399 935 547 1006 universi,
577 935 663 997 simul
691 934 837 998 inunum
860 937 943 999 diues
973 941 1003 1000 et
1029 939 1144 1020 padper
1165 939 1317 1019 gaudeant
1339 946 1370 1002 et

175 1042 292 1104 festivis
309 1041 503 1122 applausibus
527 1061 596 1105 cum
620 1041 785 1105 iunioribus
809 1041 935 1110 iubilcnt
958 1046 1111 1116 seniores,
1140 1045 1210 1127 quia
1232 1065 1306 1108 ecce
1330 1046 1369 1108 de

176 1149 279 1212 radice
297 1149 400 1229 stirpis
417 1148 549 1229 ingenue
565 1150 680 1229 palmes
696 1152 847 1230 processit
863 1151 979 1214 noviter
995 1172 1162 1233 generosus
1180 1157 1210 1216 et
1225 1154 1370 1217 maiestas

176 1256 262 1338 regia
292 1256 324 1318 in
354 1256 463 1337 pignus
491 1256 682 1320 fructificavit
712 1258 887 1339 egregium,
919 1264 1051 1340 optatam
1082 1259 1199 1322 diucius
1230 1262 1372 1343 produxit

178 1363 314 1428 sobolem
330 1368 361 1425 et
377 1363 591 1427 hereditarium
606 1365 729 1446 protulit
746 1367 966 1428 successorem.
991 1367 1086 1429 Natus
1104 1371 1151 1430 est
1166 1368 1267 1449 itaque
1284 1368 1371 1433 nobis

175 1492 251 1554 puer
276 1471 316 1534 ad
343 1471 427 1533 cuius
456 1492 544 1534 omen
560 1472 703 1544 natalicii,
732 1473 897 1553 gloriosum
924 1474 1013 1536 velud
1041 1474 1078 1538 ad
1104 1478 1200 1538 ortum
1216 1478 1378 1557 surgentis.

177 1599 295 1650 aurore,
327 1578 392 1641 dies
410 1577 496 1641 nobis
526 1579 649 1641 emicuit
675 1580 832 1661 graciosa,
862 1581 931 1662 quia
958 1580 997 1642 de
1025 1581 1198 1644 nutancium
1226 1583 1379 1646 cordibus-

176 1686 362 1750 subditorum
379 1684 517 1749 discussa
534 1686 671 1750 dubietas
694 1687 823 1769 caligine
848 1688 1008 1751 cuiuslibet
1024 1689 1065 1773 a)
1082 1688 1207 1771 speique
1224 1689 1370 1754 fluitantis

176 1793 276 1858 nubilo
304 1795 439 1874 relegato
467 1794 604 1857 omnibus
631 1795 726 1880 vigor
744 1795 871 1875 pristine
898 1794 1050 1859 fidelitatis
1077 1796 1169 1859 rediit
1203 1801 1234 1859 et
1264 1816 1373 1860 serena

176 1901 347 1965 devocionis
365 1902 523 1964 sinceritas
539 1902 692 1965 remearit.
711 1903 806 1965 Natus
824 1907 871 1963 est
886 1901 987 1984 itaque
1004 1902 1091 1964 nobis
1107 1922 1193 1984 puer,
1209 1923 1265 1985 per
1281 1923 1372 1986 quem

175 2008 278 2072 arduis
295 2010 373 2072 freta
390 2009 586 2090 suggestibus
603 2014 633 2072 et
650 2014 738 2072 aucta
755 2030 850 2091 nuper
867 2009 1080 2090 sollempnibus
1103 2010 1297 2072 incrementis
1314 2010 1372 2071 im·

175 2118 296 2201 periclis
314 2117 480 2179 eminencie
497 2118 599 2180 inclita
616 2117 763 2180 celsitudo
781 2118 893 2199 poterit
914 2118 1064 2199 respirare
1089 2123 1118 2179 ct
1136 2123 1221 2180 cetus
1239 2118 1372 2198 gaudere

176 2224 323 2297 fidelium,
352 2224 421 2307 quia
450 2223 487 2286 ab
512 2225 581 2288 olim
609 2225 696 2287 duasi
712 2226 816 2288 anxius
837 2225 929 2287 rebus
947 2223 1046 2291 dubiis
1068 2223 1234 2297 titubabat,
1262 2244 1370 2287 verens

174 2334 278 2396 forsan
293 2332 416 2395 alterius
434 2332 614 2395 detrimenta
630 2333 786 2414 sanguinis
803 2333 977 2415 sceptrique
999 2333 1076 2413 regii
1102 2332 1229 2413 dampna
1250 2332 1370 2396 timens.

176 2442 272 2504 Natus
290 2446 336 2503 est
352 2441 454 2523 itaque
471 2440 557 2504 nobis
573 2461 664 2521 puer,
686 2441 791 2523 inquo
809 2441 982 2522 imperium,
1004 2439 1092 2502 velud
1114 2439 1145 2501 in
1162 2428 1374 2503 tuni‘fortitu-

178 2549 256 2612 dinis
275 2549 448 2619 stabilitum,
466 2548 628 2610 emulorum
641 2548 837 2611 insolenciam
852 2549 1006 2629 reprimet,
1020 2546 1194 2628 angustabit
1207 2548 1375 2628 angustias,

178 2655 353 2739 reprobabit
384 2655 544 2738 obprobria
576 2662 607 2718 et
637 2656 799 2718 violencias
831 2656 962 2720 violabit.
1003 2655 1047 2717 Ex
1078 2674 1136 2737 quo
1169 2654 1261 2717 certis
1292 2659 1377 2736 patet

179 2763 311 2836 indiciis,
329 2764 408 2846 quod
425 2763 517 2827 diuini
535 2764 638 2845 gracia
653 2763 785 2826 muneris
803 2764 941 2844 graciose
955 2762 1065 2825 nostris
1079 2760 1232 2843 applaudit
1248 2782 1375 2826 succes-

180 2872 274 2943 sibus,
291 2874 420 2935 fatorum
435 2873 518 2934 lavet
534 2871 629 2932 series
647 2877 678 2933 et
699 2873 819 2934 fortuna
836 2871 954 2934 sortiter
969 2870 1137 2939 famulatur,
1159 2868 1284 2931 maxime
1309 2889 1377 2932 curn

181 2999 217 3041 ex
223 2978 317 3042 nostri
329 2980 451 3060 generis
464 2978 566 3060 stipite
580 2979 754 3041 excellentis
767 2979 869 3059 plures
882 2976 1043 3040 ramusculi
1050 2976 1205 3057 pullulant,
1219 2982 1377 3057 emergunt

163 3085 308 3167 .virgule,
325 3090 522 3148 succrescunt
537 3086 677 3156 heredes,
694 3085 860 3148 necessarii
872 3085 1031 3166 prodeunt,
1045 3083 1243 3164 egrediuntur
1259 3082 1376 3165 egregii

181 3194 376 3276 principatus,
394 3215 431 3256 ne
448 3214 552 3256 semen
569 3199 704 3256 nostrum
719 3196 825 3274 pereat
842 3196 873 3253 et
890 3190 1034 3272 eclypsim
1056 3190 1219 3272 imperialis
1236 3191 1377 3274 prosapia

183 3302 329 3383 paciatur.

273 3498 307 3566 a)
323 3496 466 3552 cuiuslibet
478 3514 519 3550 am
533 3497 622 3550 Raude
636 3496 663 3549 V.

185 3688 508 3699 *mann-*—

248 3823 323 3868 Wenn
339 3822 589 3876 Scbirrrnacber‚
616 3819 698 3866 Kaisar
719 3820 844 3866 Fridericb
860 3822 888 3866 ll.
906 3822 946 3866 Bd.
965 3821 989 3875 4,
1008 3820 1143 3876 559-363,
1160 3821 1191 3865 im
1208 3820 1377 3877 Widersprucb

246 3906 289 3947 mit
303 3903 385 3949 seincr
401 3903 501 3963 cigeuen
523 3904 677 3961 Darstellung
694 3902 814 3960 (daselbst
829 3916 884 3962 pag.
903 3903 977 3961 2⁷3),
1000 3902 1111 3947 lleinrloh
1128 3902 1174 3947 den
1188 3902 1311 3961 diogenen
1328 3903 1378 3945 erut

248 3984 307 4029 1241
327 3985 434 4044 geborea
451 3963 548 4028 werden
566 3985 637 4038 licat,
662 3998 689 4028 so
702 3984 787 4028 berubt
805 3985 870 4029 scine
887 3996 964 4041 ganzo
980 3984 1113 4028 Deduction
1129 3983 1171 4026 auf
1186 3983 1253 4028 einer
1270 3983 1377 4026 lalscben

247 4066 379 4122 Erlrltrnng
401 4064 467 4109 einer
487 4067 559 4109 Stella
577 4064 600 4108 in
618 4065 669 4108 dem
687 4065 764 4109 Briele
781 4063 925 4109 Friedrieb’s
942 4066 967 4109 ll.
987 4078 1039 4110 vom
1059 4064 1081 4108 1.
1099 4064 1183 4109 Decbr-
1205 4062 1264 4107 1241
1293 4062 1377 4118 (llatlr.

247 4147 314 4190 Paris
336 4147 365 4191 ad
387 4159 409 4191 a.
432 4145 521 4204 1240:
540 4147 637 4190 duorum
660 4144 797 4189 liliorum
816 4144 915 4189 naulica
938 4145 1013 4190 heisst
1033 4146 1088 4190 dort
1105 4145 1170 4189 nicht
1186 4142 1273 4189 aweier
1290 4144 1378 4197 Sbbnc,

247 4229 349 4273 sondern
366 4230 398 4273 ist
414 4228 628 4289 gleicbbedcutend
646 4227 688 4271 ruit
711 4226 810 4271 duorum
834 4227 1018 4281 liberorum,
1041 4228 1087 4271 und
1109 4228 1180 4271 duruit
1197 4226 1248 4271 sind
1266 4224 1304 4268 dic
1325 4221 1378 4269 bei·

248 4309 293 4353 den
320 4310 410 4354 lliuder
434 4310 576 4354 Friedrirb's
603 4309 648 4353 und
673 4308 790 4351 lsabella's
806 4303 991 4364 von'England,
1018 4308 1165 4365 Margaretba
1183 4306 1377 4360 unumunurn,

247 4392 358 4449 gemeint.
