3209 5392
1303 521 1352 592 63

161 686 222 750 hoo
251 694 298 750 est
325 708 383 750 uno
412 691 618 776 conceptu⁰)‚
638 692 716 755 nullo
734 693 791 755 alio
820 700 888 757 actu
916 694 1109 776 interposito,
1137 695 1193 757 nisi
1235 697 1311 758 forte
1340 695 1366 756 si

162 800 293 859 testator
315 797 373 859 iret
397 798 435 859 ad
458 818 530 880 opus
548 807 663 872 nature,
680 803 726 864 rel
750 802 872 864 brevem
894 803 1072 865 medicinam
1097 809 1245 875 sumeret,
1267 804 1315 866 vel
1334 805 1360 864 si

160 902 265 966 brevis
283 911 314 967 et
329 925 439 987 parvus
456 908 581 990 languor
597 910 799 972 interveniret.
818 910 898 971 Alias
916 910 941 970 si
958 929 1040 972 mora
1057 909 1284 998 interveniet),
1301 933 1360 975 non

161 1013 243 1076 valet
264 1019 493 1087 testamentum,
523 1023 555 1080 ut
578 1018 603 1078 si
625 1018 714 1080 hodie
738 1039 826 1081 unam
846 1024 962 1100 partem
984 1020 1132 1084 scriberet
1155 1026 1186 1083 et
1208 1021 1295 1093 tertio
1313 1020 1361 1082 die

128 1118 133 1123 ’
162 1121 299 1193 alteram,
316 1145 377 1186 non
392 1125 507 1187 liceret.
540 1128 614 1190 ltem
630 1133 842 1191 testamentum
860 1130 1013 1193 continere
1031 1129 1122 1192 dehet
1138 1150 1246 1192 nomen
1261 1134 1357 1191 testa·

161 1234 238 1292 toris
267 1237 298 1294 et
326 1231 469 1294 heredum
496 1234 543 1295 vel
570 1234 702 1309 heredis,
720 1242 751 1299 et
777 1238 815 1299 ad
835 1238 932 1300 minus
955 1244 1070 1319 septem
1092 1244 1186 1301 testes
1210 1245 1240 1301 et
1262 1238 1359 1319 sigilla
1398 1230 1400 1233 ’

163 1361 279 1411 eorum,
308 1342 334 1402 si
361 1340 425 1404 lieri
442 1349 559 1424 potest,
589 1350 618 1407 et
646 1345 704 1409 hoo
728 1347 902 1428 intelligitur
931 1347 968 1408 de
996 1345 1154 1410 nobilibus.
1188 1349 1297 1409 Testes
1315 1345 1354 1431 ε)

162 1450 318 1513 scribendi
347 1458 415 1515 sunt
443 1454 500 1515 nisi
523 1456 559 1517 de
584 1477 685 1518 eorum
708 1457 785 1518 seitu
810 1462 840 1519 et
866 1455 1017 1518 voluntate
1045 1455 1075 1517 in
1093 1454 1133 1539 d)
1151 1456 1229 1519 omni
1258 1456 1356 1525 litera,

166 1558 258 1621 aliter
286 1561 365 1623 enim
381 1561 468 1624 litera
485 1584 543 1625 non
561 1564 684 1636 valeret,
709 1565 733 1626 si
751 1565 929 1647 probaretur
949 1563 1087 1645 posuisse
1116 1554 1223 1626 testem
1240 1563 1279 1650 e)
1290 1562 1355 1623 sine

162 1667 245 1732 soitu
255 1669 442 1731 etvoluntate
451 1669 524 1732 eius.
533 1672 1071 1754 -Testamentumveroplebiorum,
1085 1680 1117 1736 ut
1130 1672 1310 1734 rusticorum
1326 1675 1359 1732 et

160 1797 291 1840 suorum.
314 1777 565 1860 equipollentium,
583 1783 712 1864 quinque
730 1782 767 1843 ad
790 1782 887 1844 minus
904 1781 1027 1844 habebit
1042 1788 1137 1845 testes
1156 1780 1201 1866 f).
1220 1781 1359 1842 -Nota

160 1885 264 1957 etiam,
290 1886 371 1968 quod
392 1887 440 1948 ille
456 1886 532 1949 lilius
553 1889 594 1974 9)
612 1890 721 1952 dieitur
748 1890 951 1972 emancipatus
978 1891 1039 1972 qui,
1068 1889 1193 1970 aecepte
1220 1888 1359 1971 portione

166 1995 338 2057 substantie
355 2015 412 2077 que
429 2016 497 2057 eum
514 1998 650 2078 contigit,
668 2000 707 2062 sit
723 2003 805 2061 extra
820 2003 1000 2080 potestatem
1015 1997 1054 2080 l)
1070 1998 1180 2078 patris;
1198 1998 1248 2080 qui
1278 2017 1350 2059 vero

160 2103 295 2166 nondum
312 2104 516 2184 emancipatus
533 2110 590 2176 est,
605 2111 729 2168 voratur
745 2107 840 2188 patrie
856 2107 1025 2190 potestatis.
1038 2108 1081 2169 Et
1097 2108 1123 2167 si
1135 2111 1221 2188 pater
1237 2106 1354 2169 faceret

156 2217 373 2276 testamentum
396 2218 426 2275 et
446 2214 606 2294 preteriret
622 2216 710 2276 talem
736 2215 768 2300 τ’]
789 2215 897 2288 filiurn,
919 2221 1128 2278 testamentum
1152 2234 1211 2276 non
1234 2214 1357 2275 valeret.
1468 2262 1471 2268 .

158 2321 270 2384 Verum
302 2323 486 2385 consuetudo
516 2328 684 2386 nostrorum
700 2329 866 2406 temporum
888 2346 948 2387 non
970 2324 1092 2386 multum
1114 2324 1172 2385 ista
1199 2321 1355 2404 penderat.

157 2430 247 2493 Unde
274 2435 375 2492 notate
402 2431 460 2493 ista
488 2431 552 2493 sine
581 2431 688 2513 quibus
718 2432 827 2494 nullum
857 2433 975 2496 omnino
1010 2435 1221 2495 testamentum
1253 2435 1355 2513 potest

158 2540 277 2602 valere:
302 2540 427 2621 primum
444 2543 500 2610 est,
518 2540 596 2621 quod
613 2546 824 2602 testamentum
841 2540 931 2603 dehet
948 2541 1060 2603 habere
1077 2561 1185 2603 nomen
1201 2539 1358 2603 testatoris

159 2654 314 2710 eteorum
342 2647 460 2711 nomina
488 2647 594 2729 quibus
623 2647 655 2709 fit
684 2648 823 2718 testatio;
853 2649 1016 2711 seeundum
1039 2656 1096 2720 est,
1121 2649 1201 2731 quod
1228 2653 1356 2711 testator

144 2754 349 2839 'profitebitur
364 2757 414 2840 le),
450 2779 483 2820 se
517 2756 642 2819 liberum
678 2762 748 2819 natu
776 2763 807 2819 et
832 2757 1002 2829 voluntate;
1027 2758 1153 2820 tereium
1183 2763 1246 2828 est,
1276 2758 1356 2841 quod

156 2866 302 2929 fatebitur
323 2888 356 2929 se
379 2866 466 2930 etatis
483 2866 628 2947 legittime
645 2866 683 2928 ad
700 2866 868 2929 faciendum
884 2871 1112 2938 testamentum
1137 2872 1273 2949 quartum
1296 2871 1355 2935 est,

155 2973 237 3057 quod
260 2975 386 3047 scribat,
411 2996 443 3036 se
472 2981 639 3056 compotem
663 2973 779 3056 l)esse
809 2995 862 3036 sue
890 2977 997 3036 mentis
1014 2974 1076 3057 m);
1101 2974 1245 3057 quintum,
1269 2974 1350 3057 quod
1414 3003 1418 3011 ·

155 3081 301 3145 fatebitur
313 3102 346 3145 se
359 3084 460 3145 facere
472 3083 519 3144 rel
537 3082 864 3145 fecissetestamentum
879 3084 943 3145 sine
956 3083 1058 3147 illicito
1070 3083 1225 3145 interuallo
1238 3088 1355 3165 tempo-

154 3170 223 3255 runi
229 3191 278 3253 rel
284 3192 407 3254 aliarum
416 3191 577 3263 actionum,
585 3192 640 3253 sed
652 3210 709 3254 uno
723 3187 863 3255 contextu
871 3191 935 3254 sine
944 3193 1022 3256 omni
1031 3192 1209 3255 aetuillieito
1219 3171 1354 3273 interpo-

156 3301 233 3372 sito;
251 3307 366 3364 sextum
382 3301 432 3385 n),
451 3300 531 3383 quod
559 3300 695 3383 quitquid
721 3300 803 3382 legat
830 3301 876 3363 rel
905 3301 1036 3382 disponit
1061 3302 1092 3363 in
1114 3305 1292 3364 testamento
1316 3300 1353 3361 de

154 3410 248 3472 rebus
267 3409 340 3481 suis,
349 3408 537 3472 confitebitur
553 3410 591 3471 de
606 3409 736 3491 qualibet
747 3431 791 3480 re,
801 3429 858 3491 quo
872 3409 956 3472 titulo
973 3409 1157 3495 ipse⁰)eam
1170 3408 1351 3491 possederit,

156 3519 276 3582 seilioet
296 3525 393 3582 utrum
402 3520 597 3609 proprietatis
616 3519 662 3580 vel
682 3519 793 3582 feodali
807 3520 852 3580 vel
866 3519 892 3580 si
910 3519 1129 3602 emphyteotioo
1148 3519 1349 3600 possessionis

154 3628 249 3710 tytulo
254 3628 308 3714 p),
321 3630 367 3690 vel
380 3635 477 3691 utrum
489 3649 553 3690 rem
564 3627 643 3690 illam
658 3629 721 3690 iure
733 3627 1120 3710 hereditarioaparentibus
1128 3627 1287 3709 receperit,
1302 3627 1354 3688 vel

153 3745 253 3801 utrum
266 3738 304 3822 n)
317 3758 381 3800 rem
396 3737 476 3798 iham
489 3737 634 3818 peeounia
648 3755 701 3798 sua
714 3737 946 3818 comparaverim
965 3736 1123 3818 septimum
1136 3741 1192 3807 est,
1206 3742 1238 3799 ut
1252 3736 1348 3798 fatea-
1406 3794 1412 3807 ,

153 3851 212 3918 tur,
221 3867 254 3908 se
267 3867 316 3908 res
326 3847 363 3908 de
377 3845 618 3929 quibustestatus
629 3845 941 3927 estiustepossedisse
949 3866 959 3917 ;
982 3849 1118 3907 octavum
1132 3850 1188 3915 est,
1202 3853 1234 3906 ut
1253 3843 1280 3904 si
1298 3864 1350 3905 res

152 3957 209 4017 fuit
220 3956 251 4017 in
264 3954 362 4038 aliqua
373 3956 435 4026 lite,
449 3955 528 4038 quod
545 3953 722 4036 ascribatr)
736 3954 873 4036 qualiter,
886 3954 937 4017 lite
950 3953 1116 4035 sopita,res
1132 3953 1181 4016 illa
1197 3952 1292 4015 libere
1304 3953 1343 4014 ad
1385 4001 1387 4004 .

150 4084 218 4127 eum
234 4063 325 4126 fuerit
341 4063 486 4126 devoluta.
500 4063 538 4125 Et
551 4062 576 4123 si
589 4064 665 4124 forte
678 4082 770 4144 super
780 4063 830 4125 illa
842 4083 886 4133 re,
900 4063 937 4125 de
951 4081 1009 4144 qua
1026 4061 1183 4125 eontentio
1199 4061 1265 4131 fuit,
1283 4061 1340 4122 ali-

243 4193 277 4263 a)
292 4197 416 4246 eontextu
430 4194 457 4247 Z.
472 4223 505 4232 —
520 4191 551 4262 b)
565 4191 736 4245 interveniret
748 4191 778 4244 V.
793 4220 828 4230 ··
841 4190 872 4267 e)
887 4190 1007 4261 Nunqum
1026 4191 1104 4244 etiam
1123 4188 1260 4244 scribendi
1278 4194 1341 4242 sunt

151 4289 171 4337 t.
184 4285 212 4337 Z.
228 4314 262 4324 -
276 4282 311 4351 d)
325 4283 395 4337 nulla
408 4282 511 4336 omnino
523 4284 541 4336 l.
554 4281 662 4351 z.-e)
677 4283 863 4335 testamentum
877 4281 981 4351 Z.-f)
996 4279 1193 4335 Testamentum
1206 4280 1247 4332 bis
1261 4286 1344 4333 testes

150 4376 222 4429 steht
243 4392 293 4428 vor
306 4375 444 4444 Nunquam
466 4374 549 4427 eciam
575 4373 709 4427 scribendi
731 4378 782 4426 ete.
807 4373 835 4425 Z.
853 4402 880 4410 —
895 4373 930 4443 9)
950 4372 1019 4425 lilius
1038 4371 1105 4424 fehlt
1122 4372 1151 4425 V.
1165 4401 1199 4411 -
1212 4370 1246 4437 b)
1260 4376 1340 4441 pote·
1457 4366 1460 4375 '

150 4470 217 4520 state
230 4468 258 4519 Z.
270 4466 414 4535 potestatis
428 4465 457 4518 V.
474 4494 506 4503 -
525 4464 551 4536 i)
565 4464 645 4516 talem
659 4462 726 4515 fehlt
740 4463 767 4516 V.
780 4461 849 4529 -lc)
864 4461 1044 4531 profatebitnr
1056 4462 1085 4515 V.
1100 4491 1133 4503 —
1147 4462 1173 4527 l)
1191 4466 1345 4533 competen-

149 4567 201 4611 tem
214 4558 245 4612 V.
255 4587 285 4596 -
294 4556 336 4626 m)
345 4557 382 4610 rel
397 4573 462 4610 sane
476 4557 643 4610 mentisZ.-
652 4555 686 4621 a)
694 4559 770 4608 sexto
777 4553 884 4622 V.-o)
898 4552 957 4623 ipse
968 4552 1038 4606 fehlt
1051 4553 1080 4605 V.
1089 4552 1166 4624 -p)
1175 4568 1343 4623 emposses·

148 4650 229 4703 rionis
248 4650 336 4721 tytulo
358 4649 452 4701 Zusatz
475 4652 598 4719 spdterer
619 4645 689 4698 lland
710 4663 750 4697 am
768 4643 860 4703 Raude
874 4642 899 4695 io
915 4644 942 4696 Z.
961 4673 988 4682 -
1005 4644 1039 4714 q)
1055 4644 1113 4698 iure
1129 4643 1287 4697 hereditario
1302 4641 1345 4694 bis

148 4739 260 4810 pecunia
274 4739 340 4791 fehlt
351 4740 379 4793 V.
395 4769 428 4777 -
447 4739 478 4806 r)
494 4739 594 4791 scribat
604 4738 631 4790 Z.
