3209 5392
265 519 344 593 458

402 694 554 757 Militantis
572 694 702 760 ecclesie
719 678 937 759 firmamentum
954 696 1082 760 diversis
1098 699 1281 780 prelatorum
1305 699 1461 763 sideribus

263 800 363 864 divina
385 802 579 884 providencia
607 803 740 866 creditur
767 805 953 885 picturasse,
981 808 1013 866 ut
1041 810 1144 868 essent
1172 807 1294 869 lucerne
1322 809 1462 870 lucentes

204 961 209 969 .
264 908 434 972 bominibus
451 913 480 973 ct
497 910 647 973 ardentes.
673 912 748 974 Cum
764 912 866 996 itaque
888 912 1091 976 venerabilem
1113 914 1313 978 eminenciam
1328 919 1463 979 vestram

265 1017 303 1080 ad
319 1016 579 1100 archidyaconalis
595 1018 869 1084 administracionis
886 1021 1119 1084 sollicitudinem
1135 1026 1196 1084 tam
1213 1022 1314 1087 divina
1335 1024 1463 1087 vocacio

265 1145 354 1209 quam
370 1127 453 1189 zelus
469 1127 593 1190 traxerit
608 1128 782 1199 animarum,
801 1134 900 1193 vestre
917 1127 1089 1200 celsitudini
1102 1129 1249 1213 supplico,
1267 1151 1377 1213 preces
1394 1151 1465 1214 pre-

267 1233 353 1296 cibus
381 1236 552 1307 inculcans,
582 1242 729 1318 quatenus
757 1236 994 1301 misericorditer
1015 1258 1062 1301 me
1089 1237 1252 1309 intuentes,
1275 1244 1413 1302 vestrum
1436 1246 1466 1302 et

265 1350 433 1407 vostrorum
446 1345 594 1416 devotum,
612 1346 713 1409 multis
725 1349 898 1409 confectum
909 1346 1070 1411 laboriosis
1086 1326 1205 1418 studiis,
1221 1348 1323 1411 multis
1341 1347 1466 1430 subjec-

267 1452 328 1515 tum
352 1451 603 1525 necessitatibus,
642 1455 743 1517 multis
768 1454 878 1518 debitis
901 1457 1101 1539 implicatum,
1127 1456 1158 1519 in
1185 1457 1358 1540 provisione
1400 1474 1466 1517 mca

267 1560 344 1624 detis
368 1561 533 1644 exemplum
558 1561 665 1625 similia
689 1562 818 1626 faciendi
843 1565 969 1646 populo,
994 1565 1157 1629 ambulanti
1173 1564 1205 1627 in
1226 1564 1338 1627 lumine
1363 1563 1465 1626 vultus

268 1668 370 1732 vestri.

848 1893 879 1957 9.

784 2019 824 2080 lb
841 2019 958 2082 edoctu.

189 2234 193 2242 ¹
363 2162 590 2227 Liberalissimo
609 2160 672 2224 viro
696 2166 727 2224 et
748 2158 897 2224 beneficia
919 2160 1047 2243 plurima
1068 2161 1235 2224 voluntarie
1252 2164 1419 2227 seminanti
1436 2163 1467 2227 C.

153 2297 258 2343 ennea.
272 2278 330 2338 etc.
350 2273 385 2335 H.
404 2276 463 2335 etc.
482 2269 656 2333 devocionis
673 2272 818 2331 consuete
835 2268 1012 2351 obsequium
1029 2289 1096 2332 cum
1111 2263 1220 2333 salute.

362 2382 436 2444 Cum
445 2377 612 2442 secundum
624 2376 770 2459 sapientis
783 2375 988 2440 testimonium
1004 2398 1112 2441 nomen
1124 2377 1235 2442 bonum
1251 2398 1340 2462 quam
1358 2380 1469 2443 divicie

272 2491 373 2561 multe,
391 2489 558 2570 sapientem
575 2486 799 2568 negociatorem
816 2486 968 2556 existimo,
987 2487 1037 2568 qui
1053 2486 1273 2550 multitudinem
1290 2487 1471 2551 diviciarum

272 2598 393 2682 exponit
415 2617 469 2679 pro
492 2593 700 2676 recuperanda
723 2595 851 2657 nominis
874 2594 1019 2657 bonitate.
1044 2595 1137 2658 Huius
1160 2594 1298 2659 nimirum
1321 2595 1470 2659 bonitatis

272 2707 444 2790 preciosum
471 2702 646 2766 thesaurum
674 2702 759 2766 vobis
786 2722 845 2784 pre,
869 2703 979 2766 ceteris
1001 2703 1230 2767 habundancius
1252 2704 1472 2767 thesaurizavit

253 2872 255 2879 ,
275 2813 441 2877 liberalitas
458 2816 568 2882 vestra,
586 2810 723 2874 diffusiva
740 2811 878 2893 pecunie,
897 2811 951 2873 sed
968 2811 1063 2892 glorie
1080 2813 1247 2876 collectiva.

365 2923 532 3004 Eapropter
566 2920 604 2982 de
639 2919 878 2982 consuetudinali
917 2918 1075 2982 affluencia
1104 2926 1205 2983 vestra
1235 2919 1351 2983 firmam
1387 2940 1471 3004 spem

276 3030 476 3112 fiduciamque
494 3028 685 3109 concipiens,
714 3047 787 3109 rogo
805 3026 983 3109 suppliciter
998 3033 1029 3089 et
1044 3028 1201 3099 instanter,
1220 3033 1368 3113 qnatenus
1389 3048 1471 3092 com-

275 3142 452 3202 miserantes
470 3136 569 3200 devoti
583 3135 689 3199 clerici
704 3135 797 3199 vestri
814 3135 929 3206 debita,
947 3135 1137 3218 indigencias
1155 3142 1185 3199 et
1201 3136 1330 3206 labores,
1348 3135 1472 3200 munifi-

275 3247 409 3310 cenciam
427 3249 568 3314 vestram,
593 3245 723 3307 nondum
745 3243 835 3307 alicui
858 3244 1053 3335 denegatam,
1079 3244 1171 3306 michi
1188 3245 1339 3326 denegare
1356 3246 1471 3314 nolitis,

275 3356 328 3419 scd
344 3352 544 3437 provisionem
562 3373 658 3416 meam
674 3352 826 3415 consuetis
843 3351 1063 3435 provisionibus
1079 3352 1118 3415 ad
1135 3353 1229 3434 glorie
1245 3358 1345 3416 vestre
1362 3373 1471 3417 cumn-

275 3465 333 3525 lum
351 3461 534 3544 aggregetis.
621 3491 628 3497 ·

853 3644 883 3708 b.

687 3788 707 3849 l
723 3789 841 3866 generis
858 3788 1056 3869 proulmltute.

367 3949 577 4014 Amantissimo
601 3947 721 4010 domino
743 3967 797 4009 suo
822 3954 852 4009 et
875 3947 1060 4010 aminiculari
1077 3947 1275 4012 veneracione
1293 3947 1419 4011 colendo
1437 3946 1468 4008 C.

278 4066 335 4124 etc.
361 4062 396 4123 H.
422 4065 479 4121 etc.
503 4058 628 4121 salutem
653 4061 683 4119 et
704 4054 961 4137 beneplacitorum
985 4057 1184 4120 voluntarium
1207 4058 1467 4140 complementum.

369 4167 486 4248 Quanto
503 4165 604 4247 plnres
621 4162 779 4246 recepistis
796 4163 915 4244 gracias
932 4183 950 4226 a
966 4168 1087 4233 natura,
1111 4170 1194 4229 tanto
1211 4165 1356 4229 devocius
1371 4166 1469 4246 legem

277 4282 384 4340 nature
407 4273 570 4356 adimplere
587 4271 713 4336 debetis.
738 4271 800 4333 Lex
823 4276 922 4333 antem
940 4273 1083 4336 naturalis
1107 4280 1171 4347 est,
1193 4281 1243 4345 ut,
1267 4292 1342 4357 quos
1365 4278 1469 4336 natura

278 4384 446 4454 coniunxit,
469 4382 596 4445 allectus
620 4399 679 4443 non
703 4378 852 4459 seiungat.
883 4381 973 4460 Novit
997 4400 1032 4443 ac
1057 4402 1148 4445 nosse
1172 4383 1268 4465 potuit
1291 4379 1469 4446 venerabilis

277 4498 378 4554 vestra
396 4538 403 4551 .
422 4536 454 4560 .,
492 4488 641 4572 quomodo
674 4486 818 4549 naturalis
853 4488 1084 4572 propagacionis
1113 4490 1260 4573 cognacio
1295 4485 1470 4555 sublimitati

279 4606 380 4665 vestre
403 4619 497 4662 meam
519 4596 716 4673 bumilitatem
739 4593 900 4660 coniunxit.
927 4597 1022 4678 Quam
1044 4599 1082 4661 ob
1100 4619 1223 4663 causam
1238 4598 1401 4663 humillime
1416 4615 1469 4661 vos

279 4710 411 4794 requiro,
429 4711 577 4791 qnatenus
594 4722 724 4766 annosos
740 4702 876 4775 labores,
894 4706 1086 4787 penuriosam
1102 4707 1210 4780 vitam,
1227 4724 1356 4770 onerosa
1372 4703 1470 4769 debita
