3209 5392
1285 473 1365 549 239

177 688 323 753 prospero
341 669 558 733 concludantur
574 670 665 743 exitu,
688 675 719 733 et
740 671 778 733 de
800 670 987 734 matrimonio
1008 669 1170 733 liberorum
1186 674 1366 739 nostrorum,

175 777 213 839 ad
230 776 312 859 quod
328 777 515 858 quorundam
529 778 764 858 precellencium
779 779 948 860 principum
961 779 1083 841 fervens
1096 777 1210 858 aspirat
1221 776 1364 846 intencio,

174 883 230 945 tibi
246 883 375 945 lucidius
391 888 494 964 pateat
509 884 675 964 apostolice
691 883 912 965 beneplacitum
928 883 1097 947 voluntatis.

266 999 360 1051 Dicser
377 997 453 1052 Briei
469 998 566 1067 gebest
582 1000 607 1053 in
627 999 671 1052 die
689 998 759 1062 Zeit,
785 1000 811 1052 in
831 999 879 1053 der
896 998 1020 1054 Rudoll’s
1038 999 1149 1052 Kanzlcr
1166 996 1247 1066 orto,
1266 997 1366 1067 Propst

174 1106 205 1142 zu
224 1087 265 1140 St.
285 1087 371 1140 Guido
390 1087 416 1140 in
429 1088 534 1156 Speier,
552 1089 599 1141 mit
624 1087 683 1141 dem
703 1088 802 1141 Graien
822 1088 958 1144 Gotlfried
976 1104 1026 1141 von
1044 1087 1116 1157 Sayn
1135 1086 1187 1140 und
1207 1085 1266 1140 dem
1278 1086 1365 1155 ilung-

176 1175 269 1248 graien
283 1176 423 1230 Friedrich
440 1193 493 1229 von
507 1178 662 1248 Nrirnberg,
681 1177 723 1229 die
741 1178 779 1230 als
797 1179 882 1231 Boten
901 1177 950 1231 des
962 1177 1063 1248 Kdnigs
1081 1193 1113 1229 an
1133 1176 1185 1229 deu
1196 1177 1278 1245 Paprt
1298 1176 1365 1228 nach

174 1268 247 1337 byou
260 1266 374 1335 pesundt
385 1281 484 1328 waren,
496 1283 528 1317 ιιι
542 1266 624 1318 ibrem
638 1266 722 1319 lierrn
735 1267 945 1320 surricklrcbrten
958 1266 1010 1336 und
1024 1266 1076 1318 ihm
1088 1264 1194 1318 Bericbt
1207 1268 1364 1318 erstattetcn

174 1355 266 1424 (nobis
278 1353 454 1421 insinuante),
470 1355 527 1408 also
546 1353 612 1406 nach
630 1355 688 1409 dem
708 1355 734 1410 6.
753 1355 816 1409 Juni
836 1355 907 1407 lavi
926 1354 975 1426 (ll.
989 1355 1022 1409 G.
1035 1356 1061 1418 l,
1074 1353 1152 1425 398}
1177 1355 1215 1407 Er
1231 1354 1297 1407 kann
1317 1370 1366 1405 nur

174 1461 207 1498 au
226 1443 282 1496 den
306 1442 466 1497 Erebisobnf
484 1461 535 1497 ron
558 1444 643 1498 blaise
665 1446 799 1514 gericbtet
821 1445 892 1508 sein,
914 1445 984 1498 deno
1006 1461 1057 1498 nur
1078 1446 1145 1502 ihm,
1168 1443 1227 1496 dem
1249 1444 1363 1497 erseine

173 1532 250 1586 Wahl
264 1532 461 1601 rorzugsvveise
480 1533 633 1596 rervdanlrle,
646 1533 744 1587 boante
765 1535 827 1588 sich
840 1534 940 1590 liudolf
950 1535 988 1587 als
1002 1533 1150 1602 „plantacio
1164 1535 1226 1586 tua“
1240 1531 1365 1585 bezeich-

173 1641 233 1676 nen.
256 1620 402 1692 (innocens
423 1622 465 1674 iv.
491 1626 572 1675 neunt
597 1621 648 1674 den
676 1623 706 1676 K.
729 1622 855 1677 Wilbelm
878 1638 927 1676 ron
951 1621 1061 1676 Helland
1085 1639 1126 1676 um
1148 1617 1192 1675 23.
1214 1619 1270 1675 Juli
1294 1617 1365 1674 rasi

173 1711 316 1781 plantulam
327 1712 456 1765 nostram.
469 1712 607 1775 Roebmer,
620 1711 688 1783 Reg.
701 1711 780 1766 Wilb.
794 1731 822 1784 p.
835 1712 878 1782 4.)

745 1865 808 1933 28.

554 2003 749 2067 hunnorum
772 2021 826 2066 rex
849 2004 985 2085 principi.

174 2122 263 2194 Konip
278 2121 383 2193 liudolf
392 2124 475 2177 dunler
485 2123 638 2177 demandent
654 2121 704 2193 sur
716 2124 763 2176 die
777 2122 973 2195 Bemdlnenpen,
991 2121 1121 2178 zwiccberr
1137 2107 1190 2177 elim
1208 2123 1265 2177 und
1283 2121 1365 2180 ciuem

174 2214 287 2267 ΝΜ
299 2214 332 2267 N.
346 2211 390 2266 eiu
402 2213 538 2266 Btlndm'ce
557 2230 589 2265 zu
604 2212 706 2267 Stande
722 2231 754 2267 zu
771 2213 900 2283 iringum,
919 2230 950 2267 er
967 2213 1057 2267 werde
1073 2210 1127 2266 itm
1144 2210 1213 2266 noch
1225 2210 1367 2265 lldcbbebr

485 2301 576 2356 rainer
587 2302 672 2355 Borea
684 2302 776 2354 seiaerr
794 2301 891 2356 ll'illen
903 2299 977 2355 lund
987 2299 1059 2354 tburn

262 2399 404 2461 Bodmann,
417 2417 444 2470 p.
458 2400 485 2454 8.
499 2400 609 2462 Stobbc,
621 2415 647 2452 n.
659 2398 704 2452 72.

264 2506 490 2571 Delectabiliter
517 2507 651 2570 introivit
678 2507 709 2570 in
739 2507 847 2570 mentis
874 2513 978 2573 nostre
1006 2506 1202 2570 secretarium
1229 2507 1308 2569 lecta
1336 2510 1367 2567 et

172 2615 289 2696 plenius
301 2614 453 2677 intellecta
465 2621 594 2687 tuarum,
607 2634 680 2695 quas
693 2613 779 2677 nobis
792 2614 913 2686 misisti,
927 2615 1066 2679 dulciflua
1078 2616 1173 2677 series
1190 2613 1366 2678 litterarum.

174 2721 307 2803 Quarum
319 2722 440 2806 quidem
452 2722 598 2803 irriguum
610 2743 647 2785 eo
659 2723 852 2786 verisimilius
867 2743 903 2785 ex
914 2725 1012 2787 votive
1028 2722 1098 2785 fidei
1114 2730 1205 2805 puteo
1223 2720 1369 2785 scaturire

174 2830 399 2911 perpendimus,
416 2848 474 2912 quo
490 2830 672 2902 ierveneius,
690 2849 810 2913 quoque
826 2831 973 2912 placidius
989 2832 1020 2893 in
1035 2829 1370 2916 huiusmodiillectivis,

177 2938 265 3000 nullis
273 2938 781 3020 instaneienostroprevenientibus
796 2939 939 3011 suadelis,
952 2939 991 3002 ad
1004 2946 1106 3002 nostre
1118 2937 1213 3020 glorie
1220 2937 1369 2999 cumulum

176 3045 398 3126 adaugendum,
415 3044 454 3107 ad
469 3046 589 3109 oculum
604 3051 635 3108 te
651 3047 787 3110 videmus
805 3066 978 3127 assurgere,
996 3046 1066 3108 dum
1083 3046 1121 3108 ad
1137 3046 1255 3109 unionis
1272 3044 1369 3107 amice

174 3152 368 3216 concordiam
395 3172 465 3218 cum
486 3152 593 3216 illustri
615 3153 652 3215 N.
681 3153 869 3217 familiariter
889 3153 1049 3215 ineundam
1078 3160 1185 3235 perte
1207 3160 1268 3217 tam
1296 3171 1370 3215 con·
1472 3199 1479 3206 .

177 3261 265 3324 sultis
286 3261 327 3345 a)
349 3261 542 3325 instinctibus
570 3261 737 3325 invitamur.
776 3263 876 3344 Super
903 3281 961 3344 quo
984 3262 1086 3345 utique
1108 3269 1169 3326 tam
1192 3266 1317 3342 accepto
1340 3266 1370 3322 et

175 3373 235 3430 tam
251 3374 350 3449 grato,
368 3368 447 3451 quod
463 3368 550 3430 nobis
567 3367 626 3430 iam
644 3368 818 3450 inpendisti,
834 3369 979 3451 obsequio
992 3375 1094 3451 grates
1109 3369 1164 3433 tibi
1182 3368 1371 3433 multimodas

178 3475 385 3547 exsolventes,
413 3475 579 3538 sinceritati
601 3482 651 3538 tue
673 3477 864 3557 presencium
887 3478 966 3540 serie
984 3479 1022 3564 b)
1046 3478 1251 3549 declaramus,
1280 3476 1370 3560 quod,

181 3581 253 3645 licet
282 3589 436 3665 promptus
468 3588 571 3646 nostro
599 3583 721 3645 culmini
753 3584 792 3646 sit
824 3586 939 3647 animus
968 3604 1035 3648 curn
1066 3585 1203 3667 predicto
1234 3583 1370 3665 principe

180 3691 342 3756 concordie
373 3697 474 3754 mutue
507 3691 612 3754 sedern
645 3693 853 3764 contrahendi,
869 3711 974 3775 super
1006 3713 1041 3755 eo
1072 3699 1173 3756 tamen
1202 3712 1300 3774 usque
1331 3691 1371 3753 ad

176 3799 353 3862 nunciorum
376 3805 546 3862 nostrorum
568 3799 730 3872 redditum,
751 3820 828 3884 quos
850 3800 889 3862 ad
911 3802 1001 3863 talem
1022 3800 1119 3863 locum
1142 3798 1287 3870 misimus,
1311 3818 1397 3860 non.

175 3925 335 3988 possumus
351 3904 406 3968 tibi
422 3905 549 3969 tinaliter
565 3908 765 3990 respondere,
794 3909 848 3971 sed
864 3925 931 3971 mox
947 3907 1079 3970 reversis
1096 3904 1228 3975 eisdem,
1254 3906 1371 3987 pande-

175 4033 241 4075 mus
268 4011 323 4074 tibi
346 4032 438 4093 super
464 4003 523 4077 lnoc
551 4020 653 4078 nostre
680 4015 903 4098 beneplacitum
929 4014 1107 4086 voluntatis,
1136 4033 1250 4076 summo
1278 4032 1371 4094 opere

176 4120 333 4201 cupientes
356 4126 387 4182 et
407 4121 575 4184 invariabili
598 4124 695 4187 ammo
718 4123 932 4206 disponentes,
955 4123 1034 4206 quod
1057 4123 1122 4204 ipsa
1146 4120 1323 4191 concordia,
1345 4120 1372 4182 si

175 4228 277 4309 placet
293 4227 324 4288 in
342 4226 469 4290 excelsis
486 4228 642 4302 altissimo,
659 4237 709 4294 tue
727 4231 954 4313 cooperacionis
971 4235 1002 4293 et
1017 4228 1212 4292 mediacionis
1228 4229 1372 4291 instinctu

176 4341 207 4398 et
222 4340 274 4397 tua
290 4334 437 4399 industria
452 4336 657 4419 principaliter
673 4344 704 4401 et
720 4339 865 4421 precipue
881 4340 1071 4401 reformetur.

270 4459 379 4513 bezieht
391 4461 451 4513 sich
465 4461 601 4516 vielleicbt
616 4464 665 4516 aui
676 4464 721 4517 dic
734 4464 930 4533 Vermittelung
945 4464 991 4517 dee
1005 4462 1168 4516 Brindnissee
1182 4461 1229 4515 mit
1242 4460 1303 4515 dem
1316 4461 1372 4514 Kt-

178 4549 222 4619 nig
236 4549 339 4620 Philipp
352 4549 395 4602 lll.
409 4567 459 4603 ron
471 4552 641 4606 Frankveich.
656 4554 684 4607 S.
697 4554 765 4608 uben
778 4554 808 4605 S.
819 4553 874 4606 225
888 4554 913 4606 ll.

273 4637 308 4703 a)
322 4638 486 4692 consultibus
500 4639 527 4692 Z.
542 4669 579 4680 —
591 4639 622 4709 b)
636 4642 708 4695 serie
721 4657 763 4694 am
772 4641 868 4733 flando
881 4640 911 4695 v.
