3209 5392
301 452 377 548 tra

297 652 408 711 sentes.
441 647 557 715 Poteris
573 656 670 716 autem
687 671 746 716 non
762 643 910 718 immerito
926 652 1098 727 formidare,
1116 654 1197 738 quod
1212 653 1323 719 fatuam
1336 652 1461 718 videlicet
1580 657 1581 735 j

296 767 327 821 et
354 757 568 824 infructuosam
597 760 755 826 ficulneam
789 762 821 827 in
854 762 1022 829 sterilitatis
1053 763 1217 830 vindictam
1248 765 1333 830 ultrix
1362 764 1463 829 secuds

295 866 424 941 excidat,
440 867 467 931 si
483 888 562 934 nunc
578 869 640 936 fota
660 871 846 936 stercoribus
862 873 990 939 fructum
1007 894 1068 938 non
1083 873 1193 940 feeerit
1209 875 1392 961 exquisitum.

862 1096 925 1168 21.
995 1109 997 1120 '

681 1294 760 1377 laps
774 1276 905 1360 ecclesie
920 1293 1090 1377 teatrum.

296 1450 382 1509 Urbaa
401 1452 417 1508 1
421 1453 446 1508 V.
464 1459 528 1510 setar
545 1452 596 1508 dea
614 1450 776 1525 dubitabas
793 1469 843 1509 oon
863 1452 1027 1523 Comerbury
1048 1471 1106 1510 zum
1122 1453 1297 1527 popellieben
1316 1452 1467 1526 Lepotear'o
1580 1421 1581 1428 ἵ

818 1546 947 1617 Eaplaad.

376 1689 482 1755 [livine
501 1690 653 1776 sapiencie
671 1691 875 1757 inscrutabilis
887 1691 1030 1765 altitudo,
1059 1711 1117 1777 que
1130 1696 1358 1757 sacrosanctam
1369 1691 1466 1755 Roma·

291 1818 360 1863 nam
376 1800 536 1866 ecclesiam
553 1801 584 1866 in
598 1801 686 1866 buius
703 1801 803 1866 mundi
819 1801 976 1867 latitudine
993 1799 1152 1875 stabilivit,
1176 1801 1218 1867 itu
1233 1800 1371 1883 regimen
1386 1799 1468 1882 ipsius

290 1917 321 1974 et
336 1908 588 1992 gubernacionem
613 1911 741 1976 mirabili
756 1911 926 1995 provisione
943 1910 1107 1995 disposuit,
1135 1911 1223 1975 ulad
1239 1930 1308 1973 earn
1324 1908 1471 1974 salubriter

289 2014 514 2101 gubernandam
529 2021 629 2104 plures
645 2021 677 2084 in
692 2026 809 2104 partem
825 2021 1033 2085 sollicitudinis
1054 2025 1300 2093 assumerentur,
1328 2019 1420 2102 ipsius
1437 2017 1470 2101 a)

288 2129 361 2194 licet
380 2150 434 2214 pro
452 2131 574 2195 unitatis
591 2130 720 2194 ecclesie
742 2130 928 2196 firmamento
951 2129 1085 2194 obtineat
1106 2128 1324 2212 plenitudinem
1346 2134 1471 2212 potesta·

286 2241 335 2305 tis.
351 2239 448 2305 Voluit
460 2240 550 2312 enim,
567 2247 609 2313 ut,
626 2239 790 2303 secundum
802 2240 884 2324 quod
900 2260 966 2304 eam
981 2239 1142 2325 alloquitur
1156 2240 1187 2302 in
1198 2238 1348 2322 propbeta
1370 2236 1408 2323 1),
1423 2256 1470 2318 pro

287 2333 478 2432 patribus'ci
506 2346 557 2412 lilii
585 2356 798 2422 nascerentur,
830 2350 880 2433 qui
909 2368 1000 2435 super
1028 2368 1146 2413 omnem
1179 2354 1292 2412 terram
1325 2345 1471 2430 principes

286 2457 441 2523 constituti
458 2464 576 2531 essent,
594 2458 720 2523 nominis
737 2460 782 2523 sui
801 2459 912 2543 ubique
928 2478 1075 2522 memores
1093 2464 1124 2522 et
1140 2456 1327 2540 evangelice
1344 2454 1471 2519 veritatis

286 2565 380 2631 incliti
396 2575 601 2651 preceptores.
634 2568 710 2632 Hinc
728 2574 790 2642 est,
814 2568 893 2652 quod
910 2569 1042 2632 Romana
1060 2567 1206 2639 ecclesia,
1236 2566 1285 2629 cui
1302 2565 1471 2650 precipuum

285 2678 367 2741 Deus
394 2676 520 2744 contulit
553 2698 643 2761 super
674 2697 777 2742 omnes
806 2677 953 2742 ecclesias
988 2677 1212 2761 magistratum,
1239 2676 1323 2759 pium
1346 2673 1385 2739 ad
1407 2673 1471 2737 alias

285 2785 400 2850 habens
421 2794 555 2852 materna
579 2786 749 2870 provisione
764 2793 955 2871 respectum,
982 2786 1107 2871 provide
1124 2781 1161 2852 ab
1178 2785 1268 2850 inicio
1286 2792 1319 2850 et
1339 2780 1472 2852 laudabili

286 2897 439 2973 hactenus,
459 2895 654 2962 observancia
681 2896 859 2970 custodivit,
888 2903 920 2961 ut
942 2918 979 2960 ex
1000 2896 1129 2961 diversis
1156 2894 1258 2958 mundi
1280 2893 1420 2977 partibus
1439 2889 1472 2954 ad

286 3004 454 3069 huiusmodi
486 3005 684 3070 ministerium
718 3006 955 3089 adimplendum,
989 3007 1068 3070 viros
1102 3000 1268 3089 prudentes
1296 3003 1474 3072 abscideret,

287 3135 414 3198 quorum
442 3114 578 3180 doctrina
605 3125 637 3181 et
659 3118 838 3181 auctoritate
866 3115 923 3180 sub
946 3116 1069 3181 Romani
1096 3113 1247 3199 pontilicis
1275 3110 1472 3177 moderamine

287 3223 476 3296 constitutis,
495 3224 574 3308 quod
590 3224 655 3307 ipse
672 3245 775 3307 perse
792 3246 851 3288 non
867 3232 1002 3307 poterat,
1019 3224 1122 3307 procul
1141 3221 1322 3287 distantibus
1340 3217 1472 3286 ecclesiis

286 3334 477 3398 ministraret.
508 3334 593 3399 Unde
610 3342 641 3400 ct
657 3356 722 3410 nos,
739 3336 801 3421 qui,
817 3337 889 3400 licet
905 3334 1154 3399 insufficientibus
1171 3333 1297 3405 meritis,
1314 3334 1345 3399 in
1362 3329 1473 3397 sublimi

287 3464 389 3508 sumus
405 3444 552 3508 eiusdem
580 3446 709 3510 ecclesie
737 3446 777 3533 d)
806 3446 927 3530 specula
955 3446 1127 3517 constituti,
1159 3449 1277 3527 patrum
1311 3449 1474 3508 nostrorum

293 3552 430 3636 vestigiis
457 3552 648 3627 inherentes,
679 3554 721 3620 ita
749 3555 930 3620 intendimus
959 3575 1026 3619 cum
1054 3555 1111 3618 Ilei
1139 3553 1287 3617 adiutorio
1315 3551 1473 3617 iniunctum

292 3662 378 3727 nobis
394 3662 591 3727 ministerium
607 3663 690 3729 circa
706 3665 856 3748 proximas
873 3665 1020 3729 ecclesias
1036 3684 1156 3747 gerere,
1174 3671 1207 3726 ut
1224 3662 1332 3745 quibus
1348 3661 1473 3728 locorum
1582 3667 1583 3670 ’

287 3773 440 3855 posicione
463 3772 626 3870 distamus,
655 3780 801 3857 oportuna
824 3781 926 3840 nostra
941 3773 1134 3857 providencia
1151 3772 1261 3837 debeat
1276 3792 1337 3836 non
1360 3770 1471 3835 deesse.

289 3882 468 3966 Specialiter
506 3887 606 3946 autem
643 3884 832 3967 anglicanam
871 3884 1029 3947 ecclesiam
1060 3890 1186 3967 paterne
1223 3876 1474 3946 consideracionis

287 3990 383 4055 oculis
405 3990 574 4066 intuentes,
602 3993 640 4057 ad
664 3993 790 4058 salutem
807 3993 901 4077 ipsius
918 4000 949 4057 et
965 3992 1112 4076 speciales
1129 3992 1159 4057 in
1177 3991 1296 4057 Christo
1318 3990 1476 4073 profectus,

292 4102 441 4165 communi
470 4102 596 4167 fratrum
624 4109 793 4168 nostrorum
822 4103 946 4167 consilio
976 4102 1166 4167 decernimos
1190 4100 1423 4185 disponendum,
1447 4102 1476 4159 ut

291 4211 497 4276 Centuriensis
526 4212 788 4296 archiepiscopus,
821 4211 858 4276 de
887 4212 972 4277 cuins
1000 4200 1143 4287 meritis,
1168 4212 1297 4284 virtute,
1329 4204 1475 4295 sapiencia

384 4374 419 4445 a)
438 4373 490 4430 Fur
508 4374 606 4446 ipsius,
620 4374 668 4430 das
681 4375 776 4431 lsinea
791 4374 856 4432 Sina
869 4375 957 4449 gicbt,
975 4377 1013 4433 ist
1023 4376 1097 4433 wohl
1110 4393 1181 4451 papa
1193 4375 1259 4431 oder
1273 4389 1340 4430 uuus
1354 4390 1388 4430 ru
1400 4371 1474 4425 lesen

295 4495 324 4505 -
341 4464 374 4535 d)
389 4464 474 4524 eiusd.
487 4465 554 4521 scol.
568 4483 609 4521 am
623 4466 724 4522 Raude.

291 4621 616 4639 ..ια-σι*

313 4740 535 4805 ommno
