3209 5392
264 434 314 504 tu

252 624 386 687 sionibus
411 631 441 688 et
460 625 598 707 personis
622 644 695 708 quas
717 631 857 690 tenentur
877 624 1052 694 defendere,
1069 622 1148 685 sicut
1164 637 1288 684 censum
1314 619 1448 701 aliquem

253 739 284 795 et
298 734 545 814 pernoctaciones
563 739 593 799 et
608 740 734 797 stouras.
748 734 787 798 Et
803 734 842 796 de
857 732 915 795 iilis
929 733 1049 802 dicitur,
1062 731 1141 814 quod
1153 730 1191 793 ad
1204 750 1257 792 eos
1272 729 1449 811 pertineant

254 843 318 904 iure
348 841 514 904 aduocatie.
563 843 587 905 A
613 841 723 906 talibus
752 850 853 905 tamen
885 841 958 905 urdo
989 846 1093 903 noster
1109 845 1264 920 exemptus
1281 843 1345 908 est,
1370 855 1449 919 quo-

253 949 332 1013 niam
345 949 441 1023 nullus
453 949 615 1014 advocatus
633 956 733 1032 potest
749 950 807 1013 sihi
824 950 855 1013 in
870 949 960 1012 rebus
983 947 1094 1012 nostris
1118 947 1177 1011 tale
1201 949 1250 1009 ius
1271 946 1448 1009 vendicare.

342 1058 397 1122 dus
426 1059 583 1123 advocatie
608 1058 697 1123 etiam
718 1065 843 1124 vocatur
864 1059 913 1121 illa
934 1058 1120 1140 proprietas,
1143 1076 1232 1140 quam
1253 1055 1400 1117 habemus
1417 1054 1450 1115 in

254 1172 354 1229 moute
382 1166 497 1249 aliquo,
525 1167 576 1249 qni
603 1187 687 1230 mons
709 1187 776 1230 eum
793 1173 895 1231 noster
910 1168 949 1230 sit
970 1167 1127 1249 proprius,
1155 1165 1197 1227 hii
1219 1164 1270 1247 qui
1295 1163 1400 1227 vineas
1419 1164 1452 1225 in

256 1295 292 1338 eo
320 1274 468 1347 excolunt,
496 1280 645 1356 coguntur
670 1274 756 1339 nobis
779 1276 892 1337 servire
909 1275 948 1361 a)
972 1294 1031 1337 non
1054 1273 1149 1337 solum
1164 1274 1263 1336 nuum
1286 1273 1451 1336 sedetiam

261 1383 432 1454 denarium
457 1391 488 1466 ep
503 1384 545 1446 illi
562 1383 677 1446 denarii
692 1390 839 1456 vocantur
853 1384 1069 1471 voptphennip
1085 1381 1132 1468 b).

722 1560 795 1614 Quid
809 1561 848 1605 sit
862 1571 978 1606 census.

759 1657 886 1702 Distinctio
897 1655 944 1701 XV.

340 1790 510 1853 Notandum
526 1791 626 1862 etiam,
644 1791 714 1873 quid
731 1792 862 1873 inportet
876 1792 935 1854 hoc
951 1810 1059 1854 nomen
1077 1809 1198 1861 census,
1209 1787 1259 1850 ubi
1272 1787 1449 1856 notandum,

265 1898 344 1979 quod
360 1905 407 1961 est
423 1918 532 1960 census
549 1899 667 1981 duplex,
682 1898 822 1963 videlicet
838 1899 954 1963 stabilis
972 1904 1002 1962 et
1017 1897 1176 1990 instabilis,
1193 1897 1239 1960 vel
1255 1896 1386 1967 mobilis,
1401 1896 1453 1956 vei

263 2007 422 2069 inmobilis.
455 2007 605 2070 Inmobilis
635 2028 745 2070 census
763 2014 820 2080 est,
838 2009 888 2092 qui
905 2009 999 2071 semel
1014 2008 1163 2090 inpositus
1179 2004 1361 2070 inmobiliter
1375 2025 1451 2086 per-

256 2122 392 2186 severat,
416 2135 471 2178 nec
488 2116 643 2197 augendus
660 2115 802 2179 videlieet
817 2135 873 2180 nec
889 2116 1082 2187 minuendus,
1109 2116 1189 2180 sicut
1201 2121 1252 2179 est
1269 2135 1378 2177 census
1396 2115 1451 2196 qui

255 2226 380 2289 solvitur
396 2225 432 2292 de
449 2226 598 2307 precariis
618 2226 664 2287 vel
688 2225 725 2287 de
747 2225 813 2290 iure
833 2227 962 2298 montis;
987 2226 1038 2288 isti
1061 2226 1139 2289 enim
1155 2209 1324 2302 consulent
1339 2226 1450 2302 mutari

256 2335 294 2397 de
311 2355 387 2397 annu
404 2334 434 2395 in
451 2354 575 2405 annum,
597 2334 655 2397 nisi
682 2354 717 2397 ex
739 2353 847 2416 magna
869 2333 968 2417 aliqua
989 2334 1183 2397 necessitate.
1215 2336 1330 2398 Census
1347 2341 1451 2401 autem

254 2441 371 2505 mobilis
379 2447 426 2506 est
434 2442 554 2523 duplex:
569 2442 1345 2525 estenimquandoqueeoeaetioua,sieutestcensus,
1358 2463 1450 2525 quem

232 2608 236 2611 ⁴
253 2552 394 2634 princeps
410 2551 516 2635 aliquis
534 2552 595 2614 suis
612 2552 718 2615 indicit
734 2551 917 2624 civitatibus,
929 2571 1009 2615 nunc
1020 2553 1144 2616 multum
1157 2573 1234 2617 nunc
1250 2553 1449 2625 mediocrem,

256 2670 346 2743 prout
361 2667 432 2722 tunc
449 2658 506 2721 sibi
529 2659 847 2740 placuerit-concor
863 2661 1082 2726 conventiciuo
1097 2665 1160 2733 est,
1182 2660 1233 2744 qui
1252 2661 1340 2725 datur
1355 2662 1394 2725 de
1409 2662 1450 2747 e)

256 2771 400 2853 aliquare
414 2789 471 2851 per
483 2769 725 2840 convencioncm‚
738 2770 817 2832 sieut
829 2769 866 2831 de
879 2769 978 2851 aliqua
990 2768 1078 2832 domo
1100 2770 1131 2831 in
1146 2771 1293 2857 aliquod)
1311 2762 1452 2844 civitate3

259 2878 310 2961 qui
342 2898 401 2939 non
438 2877 602 2939 secundum
638 2896 725 2939 unam
762 2877 888 2940 formam
926 2877 1000 2940 solvi
1031 2878 1108 2941 solet
1123 2878 1173 2965 θ),
1205 2879 1259 2942 sed
1290 2881 1451 2964 aliquando

260 2987 422 3049 convencio
438 2985 472 3048 fit
488 2986 524 3048 de
541 2987 646 3049 maiori
661 2985 825 3067 peccunia,
848 2986 1027 3070 quandoque
1044 2987 1080 3049 de
1097 2989 1219 3060 minori,
1249 2996 1280 3051 et
1295 2988 1364 3053 ideo
1381 2992 1452 3054 talis

258 3117 378 3166 census,
392 3096 440 3178 qui
453 3115 507 3176 per
518 3115 645 3158 annuam
661 3096 896 3158 convencionem
911 3095 1048 3158 renovari
1064 3097 1231 3168 consuevit,
1249 3097 1358 3162 dicitur
1374 3119 1451 3164 con·

259 3206 416 3267 ventidius.

606 3388 713 3469 lnelplt
729 3394 872 3452 tractatus
890 3390 927 3452 de
942 3389 1114 3470 privilegus.

759 3511 882 3557 urstinotro
899 3513 955 3557 rvr.

350 3630 493 3712 Sequitur
508 3630 544 3692 de
561 3629 664 3691 formis
681 3630 914 3711 privilegiorum.
946 3632 1043 3711 Igitur
1057 3632 1246 3713 privilegium
1263 3640 1310 3697 est
1326 3633 1455 3698 libertas

259 3739 423 3802 secundum
450 3739 495 3801 ius
523 3740 569 3800 vel
597 3743 698 3819 preter
724 3738 771 3801 ius
799 3758 954 3802 commune
981 3760 999 3802 a
1026 3740 1162 3823 principe
1185 3761 1332 3805 concessa
1354 3743 1457 3810 alicui.

261 3848 390 3909 ecclesie
406 3848 453 3909 vel
476 3847 619 3927 collegio,
646 3848 694 3909 vel
717 3847 987 3933 communitatis),
1009 3849 1056 3911 vei
1078 3850 1168 3913 alicui
1183 3852 1298 3932 private
1314 3872 1455 3934 persone

259 3953 470 4044 Prioileqiom
485 3958 657 4021 secundom
672 3957 723 4021 ios
744 3961 810 4027 est,
833 3976 899 4019 cum
917 3958 1005 4021 datur
1026 3959 1116 4022 alicui
1134 3962 1275 4043 episcopo
1291 3981 1347 4043 per
1363 3962 1457 4044 priui-

257 4065 368 4147 legium
397 4067 546 4146 generalis
570 4084 726 4129 causarum
743 4066 881 4147 cognicio
896 4066 937 4153 o]
954 4067 984 4130 in
1005 4088 1060 4131 sua
1082 4070 1235 4151 provincia
1257 4072 1304 4134 vel
1321 4071 1458 4154 dyocesi,

259 4194 383 4258 quarum
411 4174 538 4258 quedam
556 4174 673 4242 deiure
690 4175 838 4237 communi
860 4177 926 4239 sedi
948 4177 1113 4259 apostolice
1137 4180 1280 4244 cederent
1294 4182 1459 4254 audiende;

258 4283 465 4369 privilcpt‘um
489 4292 603 4367 preter
630 4283 680 4347 ius
697 4288 753 4354 est,
776 4288 809 4346 ut
832 4302 899 4346 cum
922 4285 1011 4348 alicui
1027 4288 1141 4368 prelato
1158 4309 1194 4350 ex
1208 4289 1365 4372 privilegio
1381 4293 1452 4355 talia

261 4390 390 4472 insignia
426 4390 628 4462 conseruntur,
660 4409 719 4473 que
751 4391 799 4454 ius
835 4412 991 4460 commune
1013 4397 1194 4477 generaliter
1227 4420 1287 4463 non
1321 4401 1459 4464 admittit.

353 4517 387 4585 a)
408 4516 543 4570 deservire
563 4516 631 4569 Ζ,-
640 4514 819 4585 b)advoeatie
838 4516 864 4571 id
879 4522 921 4572 est
934 4520 1089 4592 votpfenuig
1101 4523 1128 4575 Z.
1142 4553 1178 4563 -
1191 4521 1269 4591 c)'ex
1283 4526 1313 4580 V.
1322 4528 1399 4597 -d)
1411 4545 1460 4582 un

261 4610 291 4663 V.
316 4639 343 4648 -
372 4609 405 4675 e)
424 4607 505 4663 debet
521 4608 551 4661 V.
574 4637 602 4648 ·-
616 4607 648 4678 f)
674 4609 714 4661 rel
734 4609 794 4662 coil.
818 4626 838 4661 r.
859 4626 925 4664 com.
946 4612 1015 4666 fehlt
1034 4613 1063 4667 V.
1080 4615 1154 4685 -q)
1175 4616 1296 4671 condicio
1310 4618 1340 4672 V.
