3209 5392
781 848 844 919 59.

551 1027 611 1090 lter
628 1026 822 1089 bononorum
840 1024 957 1087 domino
974 1043 1061 1106 pepe.

767 1183 847 1237 lant.

212 1334 299 1405 Kd‘nig
311 1334 416 1404 liudolf
430 1330 513 1386 ἀαπΙει
530 1331 588 1384 dem
606 1332 688 1401 Paper
704 1329 806 1400 Gregor
819 1329 852 1381 X.
869 1326 919 1398 fair
937 1326 983 1380 die
999 1325 1115 1398 guddige
1127 1324 1291 1395 dufnalime,
1312 1325 1357 1379 die
1375 1340 1406 1379 er

342 1423 434 1477 scinco
447 1425 529 1476 Botere
541 1421 598 1474 und
608 1419 690 1473 deren
703 1417 902 1489 Mittdeilrmgen
914 1415 982 1471 lube
994 1413 1160 1486 nngedcrben
1174 1417 1272 1470 torsera

301 1565 445 1627 Bodmano‚
459 1583 486 1637 p.
500 1564 544 1616 40.

301 1710 499 1793 Resplenduit
530 1708 618 1771 nobis
647 1707 736 1770 velud
763 1707 794 1768 in
827 1705 933 1768 iubare
961 1705 1070 1768 sideris
1098 1703 1237 1767 luminosi
1264 1703 1408 1769 divinitus

213 1811 413 1889 coruscantis,
429 1817 460 1879 in
475 1817 533 1879 hoc
551 1817 695 1899 precipue
712 1814 880 1896 apostolice
897 1814 1037 1895 graciosa
1048 1813 1257 1877 benivolencia
1274 1816 1408 1897 pietatis,

214 1929 304 2012 qnod,
326 1924 577 2011 quemadmodum
599 1924 635 1987 N.
660 1921 719 1985 lida
743 1920 830 1983 nobis
860 1922 1051 2004 esposicione
1074 1926 1215 1985 narrante
1236 1919 1410 1997 didicimus

213 2035 340 2099 nuncios
356 2041 493 2104 nostros,
516 2051 590 2115 quos
611 2031 650 2094 ad
672 2028 867 2094 beatitudinis
891 2034 992 2092 uestro
1014 2029 1110 2112 pedes
1126 2031 1411 2105 transmisimus‚·ex
1449 2107 1451 2116 Ι

215 2145 316 2207 innota
333 2141 497 2206 clemencia
513 2139 654 2221 graciose
671 2137 874 2218 suscipientes
891 2141 921 2199 et
936 2137 1054 2218 placide
1066 2138 1289 2219 proposioionis
1307 2159 1411 2204 eorum

216 2250 327 2313 scriem
344 2248 512 2330 graciosins
531 2251 562 2308 et
576 2244 724 2326 placidius
741 2244 899 2307 audivistis
916 2243 967 2327 a).
1002 2246 1101 2326 Super
1123 2265 1181 2329 quo
1199 2247 1302 2330 utique
1319 2248 1413 2329 digna

217 2358 388 2439 graciarum
410 2354 590 2434 laudumque
613 2354 758 2433 preconia
774 2352 900 2413 retierre
923 2372 977 2414 nos
1000 2352 1218 2416 insufficientes
1243 2361 1274 2418 et
1288 2374 1412 2436 prorsus

96 2478 207 2521 col-Mb·
218 2463 365 2540 inhabiles
383 2460 576 2528 arbitrantes,
591 2459 723 2522 assiduis
739 2457 893 2541 precibus,
910 2466 999 2541 prout
1012 2466 1115 2523 nostra
1129 2463 1242 2542 patitur
1254 2465 1414 2545 fragilitas,

216 2572 397 2652 inploramus
421 2567 459 2652 l)
483 2567 581 2628 divine
599 2566 795 2628 clemenciam
810 2565 943 2647 pietatis.
967 2586 1029 2648 que
1047 2587 1101 2630 uos
1118 2570 1263 2634 vicarium
1280 2576 1414 2637 suumin

216 2678 290 2741 urbe
318 2676 430 2759 pariter
452 2681 482 2737 et
504 2675 535 2736 in
557 2673 629 2735 orbe
653 2673 825 2744 constituit,
853 2681 885 2737 ut
901 2675 1055 2738 sanctitati
1071 2682 1171 2739 vestre
1188 2679 1324 2759 piissime
1342 2681 1407 2745 dies
1437 2665 1446 2681 '⁴

218 2806 309 2867 super
325 2784 389 2846 dies
407 2782 520 2846 adiciat
535 2781 574 2843 ad
591 2780 873 2845 corroboracionem
894 2780 1045 2846 katholico
1061 2782 1142 2857 fidei,
1160 2788 1264 2849 matris
1278 2789 1409 2852 ecclesie

217 2912 324 2976 pacem
342 2898 372 2954 et
387 2890 632 2973 tranquillitatem
649 2895 827 2971 perpetuum
844 2890 969 2953 Romani
986 2893 1106 2975 imperii
1120 2894 1339 2960 fulcimentum.

308 3057 376 3109 Dass
394 3054 483 3107 dieser
501 3053 575 3107 Brief
591 3070 643 3105 von
662 3051 762 3105 Rudolt'
778 3052 831 3104 und
850 3069 882 3103 an
903 3052 1009 3121 Gregor
1026 3055 1056 3106 x.
1076 3054 1212 3123 gericbtct
1233 3056 1281 3118 ist,
1304 3074 1334 3111 so
1353 3059 1414 3120 wie,

219 3148 281 3201 dors
312 3164 341 3201 ar
371 3147 398 3199 in
428 3147 476 3199 dns
501 3144 567 3199 Jabr
592 3142 664 3197 1274
688 3144 801 3212 gebdrt,
827 3145 933 3209 orgisbt
957 3144 1015 3197 sicli
1040 3161 1089 3198 ros
1115 3147 1188 3200 einer
1213 3146 1411 3219 Vargleiclrnog

219 3237 358 3290 desselben
374 3236 422 3288 mit
448 3236 507 3288 dem
539 3236 605 3288 obeo
632 3251 659 3303 p.
685 3232 740 3285 254
761 3250 803 3287 no.
828 3234 864 3287 lo
891 3234 1085 3303 mitgetheilten
1107 3236 1255 3292 Sobrcibso
1278 3238 1411 3292 Rudoll'r.

218 3325 307 3395 Vergl.
320 3327 388 3379 anch
402 3327 469 3379 rrooh
482 3344 508 3395 p.
522 3323 575 3378 259
589 3341 630 3377 no.
645 3324 688 3377 lo.

792 3638 855 3706 60.

564 3814 624 3878 Rex
640 3814 833 3877 bononorum
850 3817 968 3879 domino
984 3835 1072 3900 prpe.

224 3972 311 4045 Konig
322 3959 427 4042 liudolf
435 3973 506 4026 britel
519 3972 596 4027 einen
609 3973 699 4042 Paper,
717 3970 794 4026 einen
813 3971 992 4028 bnmcbneten
1010 3974 1242 4049 dcroorrngendcn
1260 3980 1340 4034 Maon
1357 3998 1415 4034 zum

511 4063 560 4117 Aba
572 4061 645 4117 einer
657 4062 817 4117 verwnmten
830 4064 949 4118 Klostcrs
961 4083 994 4119 an
1006 4065 1125 4121 mactem

316 4226 350 4290 Si
373 4245 464 4308 snper
491 4223 578 4289 iustis
601 4223 804 4308 peticionibus
827 4233 928 4292 vestre
955 4228 1133 4293 beatitudini
1161 4250 1270 4312 preces
1298 4237 1416 4295 nostras

107 4323 111 4327 ’
227 4335 377 4415 supplices
401 4333 569 4406 offerimus,
598 4339 716 4415 gratum
737 4355 792 4397 vos
816 4355 850 4397 er
874 4357 909 4398 eo
933 4356 1089 4418 speramns
1104 4339 1257 4402 ditissimo
1279 4346 1417 4420 prestare

227 4441 404 4524 obsequium
428 4447 458 4504 et
479 4442 644 4523 apostolice
673 4443 775 4525 gracie
803 4442 983 4508 beneficium
1007 4445 1094 4508 nobis
1119 4447 1213 4511 lacius
1242 4454 1272 4513 et
1296 4448 1417 4511 uberius

317 4636 350 4706 n)
366 4637 501 4716 adiuvisstis
514 4637 544 4692 V.
559 4668 593 4677 -
608 4637 640 4705 t)
655 4639 818 4710 inplorantes
833 4640 862 4694 V.
