3209 5392
219 506 296 578 254

217 677 392 748 rubricavit,
408 683 468 740 tam
485 680 628 757 patenter
645 689 732 757 quam
748 681 889 757 potenter
905 694 1094 746 succurrere,
1108 677 1188 759 quod
1200 676 1256 740 Dei
1273 677 1411 759 populus,

219 806 274 867 per
289 786 379 848 multa
396 790 532 866 tempora
549 782 586 845 ab
603 782 741 846 hostibus
758 783 857 845 crucis
874 782 986 845 Christi
1003 783 1134 846 afflictus
1157 785 1272 866 pariter
1295 789 1325 846 et
1342 804 1415 847 con-

219 893 340 956 strictus
357 892 409 977 a),
432 891 470 953 ad
493 890 604 952 Christi
627 889 752 970 gloriam
781 890 972 971 sepulchrum
994 891 1111 954 Domini
1140 891 1290 973 intrepide
1317 893 1416 955 valeat

218 999 352 1062 visitare.
369 1036 414 1047 -
429 997 474 1059 Ad
491 995 572 1078 quod
590 995 682 1058 ardor
699 995 842 1058 desiderii
858 995 888 1058 in
905 996 991 1059 nobis
1009 1017 1044 1059 eo
1066 997 1281 1061 vehemencius
1305 1018 1416 1062 accen-

215 1106 313 1177 ditur,
342 1125 400 1187 qno
429 1103 571 1166 naturalis
595 1103 741 1183 genitoris
764 1103 860 1166 nostri
882 1123 967 1175 ossa,
1010 1104 1047 1167 ob
1071 1104 1205 1168 crucifixi
1233 1107 1360 1187 gloriam
1376 1107 1415 1188 b)

217 1218 300 1275 extra
316 1212 414 1275 natale
432 1212 527 1273 solum
548 1230 676 1292 peregre
694 1210 732 1297 c)
749 1210 822 1273 inibi
840 1210 1043 1294 quiescencia,
1067 1212 1225 1276 sollicitius
1243 1214 1368 1277 cottidie
1385 1214 1416 1274 in

217 1321 327 1384 nostris
341 1319 482 1383 cordibus
495 1319 696 1383 revolvuntur.
710 1320 748 1381 Et
760 1319 827 1403 quis
840 1318 1001 1400 prohibere
1014 1321 1125 1401 poterit
1137 1319 1238 1392 filium,
1253 1341 1289 1382 ex
1301 1320 1413 1383 intimis

216 1428 316 1491 cordis
325 1428 542 1509 concupiscere
549 1427 580 1488 in
586 1430 712 1507 paterno
728 1427 840 1489 tumulo
848 1427 1013 1490 subterrari
1020 1427 1073 1513 d),
1090 1427 1203 1490 exulem
1217 1447 1271 1509 pro
1285 1449 1321 1492 eo
1338 1427 1414 1515 lieri,

140 1547 144 1552 ’
218 1536 268 1616 qui
285 1536 371 1597 exilio
389 1540 419 1597 et
434 1533 555 1596 miserie
572 1553 605 1594 se
621 1532 756 1604 tradidit,
770 1532 885 1595 deliciis
904 1533 1030 1596 affluens
1049 1535 1198 1616 paradisii
1215 1535 1295 1597 lntcr
1312 1540 1415 1598 cetera

217 1664 288 1707 vero
305 1643 343 1727 c)
360 1641 585 1705 desiderancius
616 1641 775 1723 concupita
798 1641 981 1704 desiderium
1009 1642 1194 1705 indefessum
1217 1642 1349 1723 gerimus
1364 1646 1414 1729 f),

151 1804 155 1812 .
217 1773 276 1815 una
292 1751 447 1839 vobiscum
464 1749 577 1816 habere
595 1751 774 1832 colloquium
791 1757 822 1813 et
848 1756 1026 1822 tractatum,
1050 1750 1177 1832 qualiter
1193 1770 1250 1832 pax
1279 1751 1338 1813 iam
1363 1749 1415 1815 diu

218 1858 384 1940 disperdita
411 1857 490 1921 inter
512 1857 701 1921 christicolas
734 1858 930 1930 reformetur,
962 1878 1054 1939 super
1077 1857 1211 1920 omnibus
1234 1858 1414 1923 tractatibus

217 1987 273 2050 per
287 1971 388 2027 vestre
404 1966 544 2030 melliflue
560 1966 681 2047 pietatis
696 1966 885 2028 dulcedinem
899 1985 966 2028 cum
979 1971 1082 2029 nostro
1096 1965 1275 2029 cancellario
1289 1965 1411 2037 habitis,

219 2074 381 2139 offerentes
398 2072 545 2143 animam,
576 2092 700 2155 corpus,
728 2073 875 2144 honores,
903 2095 954 2136 res
979 2079 1009 2138 et
1026 2075 1123 2137 omnia
1141 2081 1243 2137 nostra
1259 2075 1298 2138 ad
1313 2080 1414 2137 vestre

217 2181 406 2264 beneplacita
424 2181 600 2244 sanctitatis.
633 2181 672 2243 Et
687 2187 720 2243 ut
735 2181 827 2244 verbo
847 2188 993 2245 consonet
1010 2183 1111 2263 operis
1128 2182 1292 2263 gratitudo,
1309 2182 1410 2246 beati-

218 2290 329 2353 tudinis
358 2293 458 2350 vestre
480 2288 574 2369 pedes
598 2288 715 2351 devotis
741 2288 869 2361 osculis,
899 2309 966 2351 cum
983 2289 1068 2352 vobis
1090 2290 1256 2371 placuerit,
1277 2292 1414 2354 volumus

219 2397 410 2477 contingere,
438 2415 474 2456 ac
502 2395 581 2457 facie
609 2395 648 2457 ad
675 2396 788 2458 faciem
810 2415 940 2477 persone
961 2402 1062 2459 vestre
1085 2398 1275 2460 sanctissime
1296 2397 1411 2479 perfrui

218 2505 343 2569 visione.
361 2541 404 2551 -
421 2502 466 2564 Ad
487 2501 546 2563 hec
569 2522 659 2584 snper
683 2503 903 2573 controversia,
926 2523 983 2586 qne
1005 2506 1160 2578 internos
1184 2510 1327 2586 exparte
1353 2524 1411 2567 una

218 2619 250 2677 et
262 2612 459 2676 clarissimum
475 2612 649 2673 comitem
664 2612 876 2684 Sabaudie,
893 2611 1011 2675 fidelem
1021 2620 1165 2684 nostrum,
1173 2634 1209 2676 ex
1220 2620 1307 2695 parte
1318 2614 1413 2676 altera

219 2720 363 2791 vertitur,
391 2718 588 2782 amicabiliter
609 2719 671 2792 vel,
700 2719 819 2783 iusticia
836 2720 1004 2792 mediante,
1033 2721 1097 2783 sine
1115 2721 1243 2803 strepitu
1260 2721 1415 2803 sopienda,

202 2833 205 2837 ’
219 2829 320 2892 taliter
336 2826 423 2890 ambo
441 2828 645 2899 convenimus,
662 2828 743 2909 quod
760 2848 814 2891 nos
832 2813 922 2890 unum
939 2836 969 2891 et
985 2827 1050 2909 ipse
1064 2848 1165 2891 comes
1176 2829 1313 2900 alterum,
1329 2829 1410 2892 viros

219 2938 356 3020 ydoneos
373 2936 412 2999 ad
428 2940 559 2998 vestram
582 2936 695 2997 curiam
717 2936 970 3007 transmittemus,
1000 2936 1126 3017 quinos
1150 2936 1354 2999 concordandi
1377 2936 1416 2999 ad

218 3046 348 3110 invicem
370 3042 524 3107 habebunt
537 3043 701 3125 plenariam
716 3049 908 3126 potestatem.
941 3045 1019 3126 Ipsis
1035 3064 1109 3107 vero
1124 3066 1183 3108 non
1200 3044 1367 3108 valentibus
1385 3045 1416 3107 in

219 3174 307 3217 unam
336 3153 523 3216 concordare
552 3152 753 3223 sentenciam,
782 3151 869 3215 ambo
898 3152 1098 3233 promittimus
1114 3152 1194 3216 bona
1215 3152 1291 3225 lide,
1319 3153 1412 3216 verbo

219 3260 335 3325 arbitrii
351 3260 443 3323 vestri
460 3265 552 3329 stare,
569 3265 683 3322 certam
698 3258 845 3322 habentes
862 3260 892 3322 in
904 3261 1032 3324 Domino
1050 3260 1200 3333 fiduciam,
1214 3262 1293 3345 quod
1307 3280 1413 3344 eiquo

219 3375 289 3454 post
304 3370 399 3432 Deum
416 3369 455 3432 ad
471 3368 581 3433 nullum
596 3368 695 3439 alium,
712 3384 802 3450 quam
818 3369 857 3431 ad
878 3389 932 3432 vos
955 3375 986 3433 et
1008 3376 1234 3433 sacrosanctam
1249 3371 1413 3432 Romanam

220 3479 380 3541 ecclesiam
396 3476 508 3539 habere
524 3476 658 3539 volumus
673 3475 823 3556 refugium
840 3495 894 3539 seu
906 3483 1087 3559 respectum,
1101 3478 1292 3561 quod'omnia
1308 3487 1412 3543 nostra

189 3629 198 3646 .
220 3586 359 3667 negocia,
376 3590 519 3667 tanquam
536 3583 724 3645 dilectissimi
740 3581 803 3654 lilii,
821 3603 942 3666 semper
958 3584 1096 3648 habeatis
1113 3586 1309 3667 paternaliter
1331 3606 1415 3649 com-

102 3694 370 3757 secernendae.
389 3730 433 3741 -
451 3693 489 3754 Et
505 3696 537 3753 ut
552 3711 763 3773 prosperorum
781 3711 980 3755 successuum
1002 3699 1173 3757 nostrorum
1200 3694 1335 3775 auspicia
1361 3714 1415 3757 vos

220 3823 298 3866 nunc
316 3800 356 3885 p)
375 3821 434 3864 non
450 3802 490 3885 l)
503 3800 626 3878 lateant,
643 3798 729 3861 vobis
745 3800 938 3880 presentibus
955 3808 1058 3864 notum
1075 3800 1136 3873 liat,
1156 3802 1237 3884 quod
1249 3802 1413 3884 principes,

219 3912 365 3981 barones,
389 3908 543 3980 civitates,
571 3912 672 3970 castra
696 3913 727 3969 et
750 3908 808 3970 alia
830 3907 910 3972 hona
926 3908 1005 3971 sacri
1022 3909 1140 3990 imperii
1156 3928 1211 3989 per
1228 3909 1412 3972 Alemaniam

219 4026 322 4084 nostre
354 4017 497 4084 obediunt
527 4016 704 4083 unanimiter
736 4016 856 4080 dicioni.
880 4055 924 4065 -
941 4017 1150 4099 Supplicamus
1180 4019 1281 4100 itaque
1310 4023 1410 4081 vestre

219 4127 411 4191 sanctissime
427 4125 544 4207 pietati,
561 4130 708 4207 quatenus
725 4123 793 4187 talis
816 4124 872 4187 viri
890 4124 930 4213 β)
948 4124 1036 4187 dictis
1054 4125 1226 4198 credentes,
1245 4126 1412 4189 ministerio

219 4237 285 4298 vive
313 4233 413 4311 vocis,
447 4232 534 4295 nobis
563 4232 728 4313 dignemini
755 4234 930 4313 patefacere
960 4238 1060 4295 vestre
1088 4231 1279 4313 beneplacita
1307 4233 1414 4297 volun-

220 4343 291 4406 tatis
310 4340 362 4426 γ).

311 4503 345 4571 a)
374 4503 479 4557 attritus
505 4504 535 4555 K.
569 4532 601 4541 -
627 4501 660 4569 d)
686 4503 797 4573 gloriam
822 4504 870 4555 sub
897 4502 985 4555 crucis
1021 4502 1159 4569 signaculo
1185 4501 1296 4573 etxtra)
1322 4502 1353 4556 li.
1379 4533 1416 4541 -

220 4594 253 4657 c)
268 4591 410 4661 peregrine
423 4593 454 4645 li.
476 4620 506 4630 -
528 4591 563 4659 d)
578 4591 725 4644 subterrari
741 4590 807 4644 ieblt
827 4590 855 4645 v.
875 4608 900 4644 u.
921 4592 948 4643 Z.
967 4620 994 4631 -
1010 4593 1042 4659 r)
1058 4592 1130 4644 vobis
1143 4592 1171 4645 Z.
1195 4621 1223 4632 -
1242 4591 1275 4661 f)
1296 4593 1413 4662 gerimus

223 4683 292 4736 fehlt
306 4685 333 4735 Z,
348 4700 373 4734 n.
386 4681 416 4735 V.
436 4710 462 4719 -
477 4681 512 4750 p)
527 4699 595 4733 nunc
609 4681 677 4733 fehlt
690 4682 720 4733 Κ.
738 4713 766 4723 —
783 4680 817 4747 h)
832 4699 883 4737 non
897 4700 936 4736 am
952 4682 1042 4734 liande
1058 4683 1085 4735 V.
