3209 5392
333 498 407 572 ltu

326 680 513 757 preteream,
551 678 650 764 aliqua
680 679 718 745 de
752 682 813 748 vita
841 682 936 767 ipsius
970 683 1010 748 ad
1036 683 1264 751 instructionem
1290 690 1320 751 et
1343 685 1487 768 protectum

330 783 521 849 audiencium
536 786 711 853 referamus.

395 969 401 984 Ι
416 892 484 974 lpse
501 912 627 980 namque
642 896 777 962 veritatis
793 896 871 964 filius
883 906 915 964 et
924 898 1066 964 bonitatis
1086 899 1259 983 alumpnus,
1282 899 1489 964 conversacione

327 999 526 1083 conspicuus,
543 1002 717 1086 spectabilis
730 1007 810 1070 fama
838 1012 870 1072 et
896 1007 1035 1091 opinione
1051 1008 1213 1083 mirabilis,
1240 1009 1315 1073 miro
1340 1007 1491 1092 prelulsisse

326 1107 423 1172 nitore
439 1110 600 1186 mundicie,
612 1114 816 1197 virginitatem
829 1117 978 1200 integram
988 1118 1160 1184 custodisse
1176 1133 1239 1183 nec·
1248 1118 1356 1182 mentis
1367 1116 1489 1180 hahuisse

325 1235 382 1284 uec
407 1219 542 1301 corporis
564 1225 763 1305 corruptelam
788 1233 820 1290 et
844 1226 951 1290 nullius
974 1226 1107 1291 mortalis
1124 1226 1258 1290 criminis
1280 1227 1409 1290 sensisse
1429 1244 1490 1289 cou-

327 1325 452 1407 tagium
469 1328 549 1412 quod
565 1350 624 1395 non
639 1351 711 1396 vera
732 1333 904 1416 penitencia
925 1334 1081 1424 defleverit
1095 1335 1148 1422 α),
1164 1335 1371 1400 confessorum
1391 1352 1492 1397 suorum
1582 1361 1583 1390 i

328 1436 500 1500 asserciona
516 1437 686 1505 firmissima
703 1441 934 1507 demonstratur.
963 1443 1001 1508 llt
1024 1443 1093 1528 quia
1109 1463 1215 1508 servus
1237 1442 1366 1508 delicate
1387 1442 1494 1506 auditu

330 1546 475 1626 protervit
490 1546 521 1610 iu
537 1547 698 1623 dominum,
713 1570 836 1615 carnem
852 1572 937 1616 suam
952 1552 1075 1617 assidua
1091 1552 1153 1616 cilri
1169 1557 1199 1617 et
1219 1558 1312 1635 potus
1332 1551 1493 1633 restringere

329 1654 444 1721 studuit
453 1655 610 1739 parcitate.
628 1658 674 1723 Ne
687 1678 757 1723 vero
773 1680 829 1744 per
844 1661 904 1726 ccii
919 1661 1066 1725 desidiam
1081 1660 1241 1726 hostilibus
1256 1665 1377 1743 pateret
1390 1658 1496 1731 insidiis,

329 1762 360 1827 in
375 1763 643 1831 iustificacionibus
664 1768 784 1833 Domini
807 1768 1011 1835 exercebatur
1028 1769 1169 1844 cottidie,
1196 1775 1239 1842 ut,
1267 1791 1305 1834 eo
1329 1769 1409 1833 circa
1431 1768 1498 1832 licita

210 1931 216 1940 .
293 1908 297 1916 ·
328 1873 461 1938 totaliter
475 1882 634 1959 occupato,
649 1877 748 1943 locum
764 1879 795 1942 in
810 1880 877 1963 ipso
892 1879 997 1945 illicita
1012 1900 1072 1943 uon
1093 1878 1242 1944 haberent
1257 1878 1316 1966 θ).
1348 1879 1498 1942 [lenocime

330 1982 454 2067 insuper
479 1991 601 2067 gratus,
628 1986 794 2052 humilitate
821 1989 919 2062 letus,
946 1989 1104 2072 paciencia
1125 1987 1279 2072 placidus,
1299 1989 1415 2072 pietate
1435 2006 1500 2051 com·

329 2092 473 2175 paciens,
496 2095 623 2161 caritate
638 2095 810 2179 prestabilis
827 2098 904 2162 etin
920 2098 999 2163 omni
1015 2117 1130 2163 morum
1145 2098 1319 2163 maturitate
1336 2096 1500 2180 conposita,

329 2201 404 2265 alios
430 2204 572 2285 profulsis
588 2204 628 2291 b)
644 2211 809 2270 aromatum
836 2206 997 2271 virtutibus
1028 2205 1223 2279 adtrahebat,
1250 2206 1374 2271 fervens
1401 2224 1501 2290 quoquc

241 2315 245 2326 '
329 2315 443 2375 amator
459 2309 546 2384 fidei,
571 2314 669 2378 cultor
683 2314 863 2397 precipuus,
887 2319 1094 2399 propugnator
1109 2313 1289 2386 ardencior‚
1313 2314 1360 2379 sic
1376 2314 1407 2379 in
1423 2313 1500 2378 anino

330 2440 384 2484 suo
400 2420 480 2485 illam
500 2421 701 2505 impresserat,
729 2422 775 2488 sic
798 2445 834 2487 se
854 2430 949 2490 totum
970 2424 1004 2488 in
1025 2424 1103 2488 illius
1126 2423 1310 2508 manciparit
1333 2423 1498 2507 obsequium,

329 2529 409 2612 quod
437 2549 614 2615 quecunque
641 2532 736 2616 ipsius
763 2532 856 2598 verba
884 2540 916 2598 ct
942 2551 1035 2615 opera
1059 2532 1199 2598 virtutem
1230 2530 1300 2595 tidei
1333 2530 1500 2597 redolebant
1588 2605 1589 2612 ἵ

330 2638 421 2703 Cuius
437 2638 595 2704 dulcedine
609 2640 713 2723 lingua
728 2640 793 2705 eius
809 2641 897 2706 velud
911 2640 1083 2706 redundans
1098 2641 1206 2705 fluvius
1223 2640 1348 2723 copiose
1374 2640 1502 2705 distillans
1588 2623 1589 2646 ¹

330 2768 450 2832 semper
463 2748 542 2814 illius
558 2749 736 2815 documenta
751 2752 864 2815 suavia
878 2749 1067 2834 propinabat
1099 2750 1157 2815 Pro
1178 2749 1236 2814 hac
1252 2750 1378 2834 inquam
1393 2754 1502 2814 monem

332 2855 432 2921 subire
461 2858 603 2942 cupiens,
630 2858 689 2923 hoc
717 2860 925 2944 principaliter
945 2881 963 2923 a
985 2859 1112 2924 Domino
1129 2857 1167 2945 c)
1195 2860 1320 2924 attentis
1350 2864 1383 2924 et
1409 2854 1507 2923 crebris

331 2967 602 3049 supplicacionihus
618 2969 786 3053 postulasse
801 2968 958 3053 probatur,
974 2975 1082 3033 utnon
1098 2968 1212 3033 sineret
1233 2987 1301 3031 eum
1317 2988 1356 3031 ex
1378 2967 1435 3032 hac
1453 2966 1508 3029 luce

330 3078 477 3160 migrare,
505 3076 564 3141 nisi
589 3078 673 3160 prius
700 3083 819 3160 sumpto
845 3097 900 3161 pro
928 3077 976 3140 illo
1000 3076 1095 3140 calice
1134 3076 1284 3159 passionis
1301 3076 1346 3162 ι).
1380 3075 1505 3159 (ligitur

330 3185 448 3268 insigne
463 3186 638 3260 martirium,
654 3187 734 3271 quod
748 3186 853 3251 titulus
869 3191 930 3251 tarn
943 3185 1093 3269 gloriosus
1105 3185 1251 3251 illustrati
1267 3186 1326 3250 Pro
1343 3184 1507 3250 defensioue

331 3313 457 3378 namque
466 3293 543 3358 tidei
558 3295 708 3360 katholice
725 3300 848 3359 sanctus
864 3295 922 3360 iste
945 3295 1122 3359 acerrimam
1142 3294 1210 3359 tulit
1235 3300 1381 3368 mortem,
1409 3293 1457 3358 hic
1481 3291 1506 3353 iu

332 3403 463 3472 ccclesia
490 3410 595 3470 sancta
622 3404 705 3468 sidus
731 3403 855 3469 radians
882 3409 913 3470 et
939 3404 1039 3467 lumen
1065 3402 1137 3468 tidei
1164 3403 1269 3487 gracia
1295 3400 1506 3487 predicacionis

333 3511 464 3580 emicuit.
496 3512 552 3577 llic
574 3512 634 3577 iam
655 3514 687 3578 in
708 3514 773 3578 celo
796 3513 883 3597 quasi
904 3513 1049 3585 lunniuare
1079 3513 1276 3606 conspicuum
1303 3520 1336 3577 ct
1363 3510 1509 3596 splendore

333 3620 428 3703 glorie
452 3627 483 3685 et
502 3622 660 3687 multorum
682 3624 899 3687 coruscacione
928 3622 1083 3705 signorum
1110 3621 1250 3705 effulget,
1277 3609 1360 3707 nunu
1382 3621 1511 3685 Dominus

334 3731 398 3793 eius
415 3730 583 3794 clarescere
599 3731 692 3797 voluit
707 3733 746 3821 e)
763 3733 967 3806 sanctitatem,
990 3737 1021 3795 et
1042 3732 1217 3796 meritorum
1238 3752 1361 3796 suorum
1384 3732 1511 3795 virtutem

335 3838 519 3922 supprimere
535 3841 628 3905 noluit
643 3841 674 3904 in
689 3841 819 3912 occulto,
836 3841 891 3905 sed
906 3841 985 3906 iuter
999 3839 1137 3905 lucencia
1153 3846 1325 3905 sanctorum
1343 3835 1511 3904 candelabra

334 3949 521 4013 manifestius
549 3951 696 4024 exaltare,
723 3956 755 4014 ut
782 3949 935 4022 omnibus,
963 3950 1068 4034 quiin
1098 3950 1186 4015 domo
1215 3949 1346 4014 ecclesie
1374 3948 1510 4014 habitant.

334 4060 469 4140 proferat
484 4060 597 4124 clarum
613 4059 721 4123 lumen.
753 4060 832 4124 Nam
847 4080 904 4123 neo
927 4060 958 4122 ia
979 4058 1040 4124 rita
1062 4059 1108 4123 sic
1129 4060 1224 4124 latere
1251 4059 1365 4142 potuit,
1395 4056 1463 4142 quin
1486 4052 1512 4115 iu

335 4167 446 4231 mundo
466 4168 677 4233 miraculorum
699 4170 882 4235 claresceret
906 4168 1042 4234 claritate
1059 4170 1105 4253 κ).
1136 4168 1238 4233 Multis
1262 4168 1342 4230 enim
1370 4161 1512 4230 miraculis

337 4275 475 4357 gloriosis
502 4274 702 4359 magnificavit
728 4275 873 4342 Dominus
902 4281 1038 4342 sanctum
1066 4295 1169 4349 suum,
1204 4273 1369 4339 colendum
1390 4267 1512 4338 exhibuit

337 4405 493 4450 universis.

426 4625 460 4694 a)
476 4622 546 4695 quod
565 4625 606 4677 bis
625 4621 762 4678 defleverit
775 4620 841 4677 lehlt
855 4623 896 4678 bei
916 4623 1010 4695 ltipull.
1035 4652 1061 4664 -
1078 4624 1109 4695 d)
1122 4622 1240 4695 profusis
1254 4623 1352 4695 ltipoll.
1371 4648 1407 4661 -
1428 4619 1458 4689 e)
1476 4631 1511 4670 au

337 4717 438 4773 llaude.
