3209 5392
216 503 293 575 258

215 677 374 747 videlicet,
408 693 496 757 quem
527 674 623 737 virtus
655 673 762 736 nativis
795 677 897 735 erecta
927 672 1076 755 potenciis
1108 657 1236 736 unacum
1268 670 1408 754 generosi

215 785 371 866 sanguinis
388 781 566 846 claritudine
583 782 795 845 fortunacioris
812 780 939 862 auspicii
956 780 1150 843 beatitudinis
1173 783 1259 864 quasi
1282 781 1408 863 quibus-

214 893 282 956 dam
299 890 485 973 amplexibus
501 889 662 952 individuis
680 888 823 959 counivit,
840 887 1065 951 sublimacionis
1089 889 1188 952 nostri
1207 888 1351 970 auspiciis
1378 895 1410 952 et

214 998 347 1081 fastigiis
364 997 538 1081 applausivo
556 996 801 1077 congratulantes
818 994 942 1067 affectu,
959 995 998 1059 ad
1015 1014 1050 1058 ea
1066 1016 1121 1058 vos
1133 1000 1288 1077 promptos
1304 996 1410 1078 inpen-

216 1107 287 1170 ditis
305 1114 336 1171 et
357 1106 513 1170 benivolos
536 1104 701 1177 exhibetis,
731 1124 789 1187 que
811 1104 923 1185 tytulos
946 1102 1042 1167 nostri
1062 1103 1185 1168 honoris
1209 1110 1240 1167 et
1254 1105 1409 1186 profectus

214 1214 396 1298 amplificent
426 1215 575 1297 apciores.
621 1210 716 1292 Quam
749 1211 788 1274 ob
816 1231 881 1274 rem
910 1211 976 1273 vice
1003 1211 1161 1293 reciproca
1188 1212 1345 1293 provocati
1372 1211 1412 1274 ad

217 1321 316 1387 omnia
331 1342 454 1393 reuera,
478 1341 535 1404 que
553 1319 690 1382 similiter
703 1318 814 1381 vestris
837 1318 959 1381 adicere
980 1324 1122 1400 poterunt
1136 1319 1348 1390 incrementis,
1373 1318 1412 1381 ad

155 1441 157 1444 ’
215 1434 335 1499 cuncta,
353 1411 411 1510 que
427 1433 561 1490 vestrum
578 1426 767 1489 demulceant
783 1424 924 1494 animum,
946 1446 1001 1488 nos
1024 1426 1195 1530 exponimus
1212 1426 1300 1490 vobis
1318 1426 1411 1490 ultro-

215 1558 289 1600 neos
308 1543 339 1600 et
354 1534 505 1599 offerimus
522 1555 577 1597 nos
595 1534 774 1596 conformes.

307 1696 428 1752 Gerbert
446 1696 502 1749 halt
520 1695 613 1751 diesen
626 1695 701 1750 Rrief
715 1695 757 1748 fsrr
778 1694 838 1750 eine
850 1695 971 1748 dntncrt
984 1696 1089 1760 auidas
1103 1698 1184 1749 unten
1198 1693 1227 1748 0.
1242 1711 1284 1748 no.
1298 1694 1334 1749 ³6
1347 1695 1408 1748 mit-

219 1789 347 1858 getbeilte
361 1785 687 1841 Gratulaticnssclrreiben.

793 2082 855 2154 45.

289 2260 480 2341 inperatoris
498 2259 588 2321 llters
604 2276 658 2341 per
674 2276 762 2339 quern
778 2256 888 2340 sllqnls
905 2258 1067 2321 assumitur
1083 2259 1114 2321 in
1130 2258 1306 2324 tsnlltrrnn
1319 2260 1355 2339 ί).

280 2420 330 2473 Eia
342 2416 491 2471 ramesses
504 2414 592 2486 Koniy
605 2414 692 2469 mcebt
704 2417 852 2470 demandes
865 2434 897 2470 zu
909 2415 1008 2470 seinem
1022 2416 1196 2471 Dierrstmunn
1209 2419 1265 2472 und
1276 2417 1353 2474 Rata.

308 2562 452 2626 Fecunda
474 2560 562 2625 nobis
585 2560 718 2623 indicata
744 2566 796 2624 tua
826 2559 951 2623 devocio
980 2563 1136 2627 serenitati
1158 2568 1261 2626 nostre
1290 2563 1413 2643 dignum

218 2673 321 2735 farore
339 2678 369 2734 te
385 2669 508 2754 prebuit
530 2676 561 2734 et
583 2668 717 2751 graciam
740 2669 796 2732 tibi
818 2676 921 2733 nostre
946 2670 1133 2735 celsitudinis
1157 2671 1352 2753 prestabilem
1368 2671 1410 2755 α)

221 2779 385 2842 inclinavit.
418 2780 496 2842 Dum
524 2778 602 2841 enim
619 2778 742 2841 honoris
765 2778 861 2841 nostri
879 2784 909 2841 et
926 2780 1064 2842 culminis
1079 2790 1110 2844 te
1126 2780 1318 2862 percepimus
1335 2779 1417 2841 zela·

219 2877 315 2951 forem
337 2894 367 2951 et
387 2887 630 2969 promptitudinis
659 2893 709 2950 tue
733 2887 817 2949 circa
838 2888 1007 2950 maiestatis
1033 2895 1135 2952 nostre
1158 2888 1304 2971 obsequia
1327 2886 1415 2950 nobis

220 3001 398 3077 argumenta
414 2994 554 3077 patencia
570 2994 747 3075 prestitisti,
772 2994 895 3075 dignum
912 2989 1047 3058 duximus
1063 3002 1093 3058 te
1110 2996 1198 3059 nobis
1216 2995 1296 3058 effici
1318 2995 1415 3058 bene

220 3106 443 3167 meritorum
465 3104 553 3185 lege
579 3103 777 3165 domesticum
800 3109 831 3165 et
852 3103 1040 3167 liberalitatis
1064 3114 1166 3168 nostre
1189 3111 1302 3167 sortem
1319 3103 1417 3165 muni-

221 3212 309 3275 ficam
332 3201 478 3294 experiri,
501 3217 534 3274 ut
555 3211 675 3292 signum
698 3215 801 3274 nostre
823 3211 1030 3274 benivoleneie
1052 3218 1153 3276 tecum
1174 3231 1303 3293 gerens,
1326 3212 1417 3274 devo-

223 3321 320 3386 cionis
344 3326 394 3383 tue
419 3340 493 3401 erga
526 3340 581 3382 nos
610 3320 797 3382 incrementa
829 3319 996 3402 suscipias,
1030 3325 1061 3382 et
1090 3320 1280 3402 specialitate
1312 3327 1417 3383 nostre

223 3426 434 3489 munificencia
452 3426 603 3490 stabilitus
620 3427 742 3509 gracior
757 3427 844 3490 nobis
860 3427 891 3489 in
907 3428 1014 3490 melius
1032 3448 1068 3490 ex
1085 3429 1180 3511 ipsius
1197 3428 1301 3509 gracie
1317 3432 1421 3491 nostre

225 3536 384 3599 consorcia
407 3533 544 3617 patellas.
580 3536 625 3597 Ea
646 3541 786 3616 propter,
812 3540 846 3598 ut
867 3541 898 3597 te
921 3535 1007 3599 nobis
1030 3541 1188 3618 acceptum
1211 3556 1270 3598 non
1291 3536 1421 3599 inaniter

227 3643 388 3727 gratuleris
406 3649 437 3706 et
453 3643 613 3706 desideriis
629 3643 689 3706 tuis
706 3643 811 3724 gracie
829 3648 931 3706 nostre
947 3644 1134 3707 latitudinem
1147 3644 1281 3724 gaudeas
1294 3663 1421 3726 respon-

227 3755 320 3825 disse,
337 3758 367 3815 te
385 3753 416 3814 in
432 3752 607 3815 familiarem
625 3758 758 3815 nostrum
782 3739 981 3815 domesticum
1001 3753 1050 3814 vel
1067 3752 1270 3816 consiliarium
1286 3759 1421 3816 nostrum

227 3881 344 3925 exnunc
360 3859 492 3940 benigne
507 3858 670 3941 recipimus
687 3864 718 3922 et
733 3860 763 3921 in
781 3866 870 3922 antea
881 3866 1029 3942 perpetuo
1045 3861 1181 3923 volumus
1197 3860 1352 3923 recenseri
1369 3859 1420 3944 d),

227 3971 297 4043 illis,
315 3969 423 4052 quibus
439 3969 490 4031 alii
506 3969 668 4032 familiares
693 3968 729 4052 et}
745 3969 960 4050 magnitudinis
977 3970 1072 4032 nostri
1090 3970 1249 4033 domestici
1272 3970 1351 4051 apud
1367 3989 1422 4033 nos

228 4080 343 4149 farore,
360 4077 455 4159 tytulo
473 4082 504 4139 et
519 4075 675 4140 beneficiis
691 4079 897 4159 perfruuntur,
914 4097 991 4161 equo
1008 4077 1210 4159 inposterum
1227 4083 1257 4140 et
1273 4078 1423 4159 condigno

231 4185 390 4268 participio
409 4184 591 4266 gavisurum.

322 4383 355 4450 a)
371 4382 544 4451 prestabilem
559 4382 808 4448 dbergescbrieben
823 4383 851 4436 V.
870 4411 900 4421 -
915 4382 947 4450 d)
962 4383 1090 4437 recensiri
1104 4384 1131 4435 Z.

258 4615 282 4674 1)
301 4606 499 4661 Dieslbersrlrritt
516 4616 545 4658 ist
562 4615 585 4659 in
602 4616 620 4658 V
637 4616 769 4668 srrsredirt3
792 4617 830 4662 ich
855 4617 913 4661 babo
936 4617 971 4663 sie
993 4630 1034 4661 aus
1056 4618 1107 4663 dens
1132 4632 1189 4661 uorn
1208 4619 1230 4662 in
1249 4617 1322 4661 eirrom
1341 4617 1429 4661 bason-

296 4698 369 4743 daren
386 4698 514 4753 Quaternio
533 4696 684 4742 entbrttenen
701 4699 966 4744 lnbsltsvsrneicbnisse
983 4702 1079 4744 ersstzt.
