3209 5392
260 517 307 589 lo

249 710 365 761 morum
380 691 532 776 elegantia
548 693 690 767 decorate
706 694 835 759 sunan
850 711 919 759 cum
935 691 1137 761 indissolubili
1148 691 1466 761 neminemnam-1

247 804 280 867 ln
307 802 388 866 bunc
415 804 535 868 modum
562 810 690 886 possunt
712 824 745 866 se
761 803 932 867 adinvicem
956 802 1087 866 salutare
1102 802 1209 885 regine
1226 808 1257 867 et
1274 804 1464 871 excellentes

251 911 374 984 femine,
389 911 503 977 debitis
519 913 737 979 adlectivorum
766 919 796 976 et
817 912 980 995 tytulorum
1001 911 1202 993 positionibus
1219 911 1399 981 observatis.
1419 949 1465 960 -

250 1019 421 1087 Notandum
448 1025 548 1085 antem
576 1021 656 1104 qaod
685 1020 827 1085 mulieres
853 1025 999 1103 appetunt
1027 1040 1061 1082 se
1093 1020 1219 1104 laudari.
1249 1058 1294 1081 -s
1322 1019 1465 1102 Qualiter

215 1190 220 1197 ,
250 1130 345 1212 igitur
358 1148 448 1211 reges
465 1149 502 1194 ae
517 1131 624 1217 regine
640 1150 676 1194 ac
692 1130 844 1194 inferioris
860 1127 900 1214 α)
918 1130 1029 1211 gradus
1046 1129 1163 1194 nobiles
1176 1150 1337 1196 acuxores
1354 1149 1463 1196 eorum

255 1245 360 1303 mutuo
376 1259 412 1305 se
425 1239 559 1307 snlntnnt
574 1240 665 1305 facile
682 1239 836 1320 colligitur
852 1259 887 1301 ex
903 1238 1059 1320 predictis.

559 1459 601 1527 De
616 1461 710 1525 tertis
725 1460 833 1527 tabula
848 1460 1062 1525 salutaticum
1079 1455 1128 1544 ὅ).
1149 1514 1152 1523 ,
1262 1514 1266 1523 ,

342 1619 416 1682 Viso
433 1619 582 1702 quomodo
610 1612 751 1682 videlicet
773 1614 942 1701 'imperator
969 1638 1072 1682 ornnes
1105 1621 1216 1684 salutat
1244 1626 1274 1684 et
1306 1621 1462 1703 quomodo

251 1725 292 1815 ab,
313 1727 450 1791 omnibns
473 1725 635 1798 salutetur,
664 1732 695 1805 et
720 1727 779 1790 hoc
801 1730 857 1808 per
879 1727 1164 1792 demonstrationem
1187 1728 1321 1792 secunde
1343 1728 1460 1803 tabule,

249 1818 329 1919 nnnc
345 1833 507 1900 videndum
529 1843 576 1900 est
598 1834 635 1899 de
657 1840 746 1899 tertia
768 1835 870 1900 tabula
893 1835 1121 1908 salutationum,
1143 1836 1177 1916 in
1191 1857 1250 1921 qna
1268 1834 1457 1902 ostenditur&

250 1940 345 2026 primo
368 1943 502 2017 scilicet,
525 1944 673 2028 quomodo
696 1944 825 2008 maiores
847 1944 879 2006 in
907 1945 987 2007 clero
1017 1950 1098 2008 entra
1130 1965 1255 2027 papam,
1289 1967 1322 2009 se
1353 1953 1460 2011 mutuo

250 2053 381 2117 debeant
403 2050 551 2126 salutare,
580 2052 714 2116 secundo
737 2052 886 2136 quomodo
908 2053 997 2116 iidem
1020 2054 1150 2116 maiores
1180 2053 1253 2117 cleri
1275 2055 1408 2137 majores
1431 2056 1463 2117 in

251 2162 347 2245 laycis
376 2162 507 2241 salutent
534 2168 616 2225 extra
638 2163 866 2243 imperatorem,
895 2161 932 2223 de
960 2181 1019 2245 qno
1042 2183 1132 2244 snpra
1156 2162 1340 2228 dictumest
1368 2165 1458 2238 satis,

249 2272 339 2336 tertio
357 2270 506 2355 quomodo
519 2268 610 2336 iidem
624 2271 753 2333 maiores
767 2266 840 2332 cleri
853 2268 1023 2343 inferiores,
1037 2277 1097 2334 tam
1109 2272 1212 2355 laycos
1227 2291 1316 2355 quam
1330 2272 1470 2361 ciericos·

250 2380 383 2444 habeant
401 2381 552 2459 salutare,
576 2386 681 2463 quarto
710 2378 839 2462 qualiter
865 2379 992 2461 predicti
1021 2378 1151 2442 maiores
1180 2380 1211 2442 in
1239 2382 1319 2444 clero
1348 2403 1366 2446 a
1395 2382 1461 2447 suis

251 2489 522 2553 inferioribus‘tam
538 2488 630 2573 laycis
648 2505 741 2572 qnam
753 2488 873 2552 clericis
889 2488 1022 2553 habeant
1038 2489 1172 2562 salutari,
1190 2490 1293 2574 quinto
1311 2497 1341 2555 et
1355 2493 1462 2556 ultimo

251 2594 340 2661 modo
357 2596 487 2682 qualiter
501 2597 636 2679 religiosi
654 2596 811 2680 utriusque
828 2616 917 2660 sexus
934 2597 1114 2661 adinvicem
1128 2619 1161 2662 se
1174 2598 1306 2665 debeant
1318 2601 1462 2666 salutare.

341 2708 538 2775 Patriurchc
553 2711 601 2774 sic
616 2710 759 2780 salutant
776 2708 978 2774 cardinales:
1002 2708 1174 2773 Venerabili
1191 2708 1221 2771 in
1238 2709 1357 2774 Christo
1373 2690 1482 2776 fratri

253 2822 285 2884 C.
303 2818 463 2882 Portuensi
481 2816 624 2899 episcopo
649 2822 679 2879 et
703 2822 808 2879 sancte
824 2816 956 2879 Romane
979 2817 1109 2880 ecclesie
1133 2817 1277 2881 cardinali
1295 2818 1462 2902 Gregorius

254 2948 358 2992 servus
380 2927 454 2991 lesu
478 2924 591 2988 Christi
611 2924 669 2988 Dei
694 2924 790 3006 gratia
813 2925 882 2988 talis
904 2924 963 2987 loci
985 2924 1157 3008 patriarcha
1180 2926 1306 2991 salntem
1328 2928 1359 2990 in
1382 2929 1463 2992 omni

255 3036 389 3102 salutari.
422 3037 455 3099 ln
475 3035 557 3098 bnnc
579 3035 700 3111 modum
728 3040 857 3117 possunt
884 3034 1055 3117 patriarche
1079 3036 1137 3098 sibi
1159 3043 1262 3100 mutuo
1280 3037 1415 3102 scribere
1433 3044 1463 3102 et

259 3144 419 3210 cardinalis
437 3143 582 3208 cardinali
599 3150 630 3208 et
646 3143 772 3227 quilibet
788 3144 884 3206 maior
899 3142 1023 3207 inolere
1038 3165 1091 3208 sun
1106 3144 1265 3217 consimili,
1282 3147 1462 3229 appellando

255 3276 288 3318 se
310 3248 423 3318 mutuo
435 3252 622 3316 venerabiles
641 3258 671 3316 et
688 3253 815 3315 dilectos
832 3253 862 3314 in
879 3252 999 3315 Christo
1023 3255 1149 3326 fratres,
1165 3254 1224 3317 hoc
1241 3254 1412 3330 observato,
1429 3261 1463 3320 nt

254 3367 283 3429 in
312 3363 372 3426 hiis
400 3382 529 3446 persona
557 3362 708 3444 recipiens
737 3382 857 3444 semper
884 3368 1068 3443 preponatur
1095 3360 1241 3435 mittenti,
1273 3372 1399 3448 excepto
1433 3365 1460 3427 si

254 3494 385 3561 persona
412 3471 534 3536 mittens
563 3472 642 3536 sita
670 3472 743 3534 sede
771 3470 928 3553 apostilica
956 3472 1075 3553 legatus
1104 3473 1245 3555 simplex,
1274 3480 1377 3557 utpote
1400 3495 1460 3539 non

254 3583 414 3671 cardinalis
422 3604 432 3655 ;
462 3581 530 3646 talis
554 3601 587 3645 se
609 3581 751 3667 preponit
771 3580 910 3646 omnibus
933 3581 963 3643 in
987 3580 1182 3655 salutatione,
1216 3583 1246 3645 in
1273 3583 1332 3646 biis
1361 3592 1462 3650 tamen

258 3690 411 3769 terminis,
436 3691 473 3755 ad
508 3711 583 3773 quos
617 3692 768 3773 legatione
808 3690 953 3772 iungitur.
984 3690 1018 3754 Si
1050 3696 1149 3753 antem
1181 3691 1272 3755 inerit
1303 3693 1464 3759 cardinalis

254 3805 464 3885 cuiuscunque
495 3798 567 3863 licet
598 3799 685 3883 tytnli
717 3797 884 3880 apostolice
917 3797 999 3860 sedis
1027 3796 1163 3878 legatus,
1190 3798 1398 3864 indifferenter
1429 3822 1462 3865 se

257 3912 396 3978 omnibns
428 3909 582 3993 preponit,
620 3914 680 3970 tam
719 3906 939 3970 ecclesiasticis
972 3926 1060 3989 quam
1093 3908 1280 3972 secularibus
1312 3910 1462 3991 personis,

254 4022 388 4105 exceptis
405 4016 647 4102 imperatoribus,
665 4035 739 4099 quos
757 4036 878 4098 semper
892 4015 1042 4099 preponit.
1346 4016 1348 4021 ’
1477 4008 1482 4017 ’

346 4131 505 4210 Quomodo
533 4129 672 4192 minores
701 4128 735 4191 in
764 4128 850 4192 clero
877 4149 913 4191 se
939 4128 1087 4192 salutant
1108 4135 1226 4192 mantuo.
1259 4127 1407 4202 Minores,
1429 4126 1463 4192 nt

255 4248 326 4306 sunt
342 4240 469 4305 abbates
487 4236 653 4320 simplices,
670 4235 818 4319 prepositi
836 4230 881 4298 sic
898 4236 1043 4299 salutant:
1068 4234 1170 4300 Abbas
1187 4236 1305 4300 abbati:
1327 4236 1461 4302 Venera-

252 4351 305 4416 bili
333 4351 365 4412 in
393 4348 511 4410 Christo
536 4345 615 4429 patri
643 4350 674 4408 et
702 4344 820 4407 domino
849 4345 1041 4408 miseratione
1070 4342 1168 4408 divina
1200 4334 1303 4410 abbati
1331 4345 1460 4410 ecclesie

252 4458 469 4525 lambacensis
487 4456 522 4519 0.
553 4454 658 4518 eadem
686 4454 782 4535 gratia
808 4453 902 4516 abbas
931 4454 1062 4516 ecclesie
1091 4450 1317 4542 Clinicensis1)
1336 4456 1460 4520 salutem

348 4587 382 4656 a)
404 4583 549 4640 intercisos
561 4584 591 4637 V.
612 4612 640 4621 -
657 4582 689 4652 b)
704 4580 850 4636 Distinetio
866 4577 886 4636 V
900 4599 941 4634 am
954 4582 1047 4636 ltaode
1063 4579 1108 4637 lll.

266 4705 593 4722 Μ-

276 4762 305 4832 j²)
317 4768 578 4818 benedictinor-kloster
590 4764 716 4813 tllsinlsim
727 4736 882 4814 ‘l'rannkreic
894 4782 901 4805 π
