3209 5392
830 772 913 844 54..

699 948 867 1012 donnissis
885 950 922 1013 sd
941 949 1029 1012 idon.

361 1105 453 1187 Greg.
472 1110 529 1170 ete.
546 1105 600 1170 teli
618 1107 769 1190 episeopo.
788 1107 940 1189 Egressus
957 1127 974 1170 a
989 1107 1069 1170 faeie
1086 1144 1131 1154 —
1143 1106 1322 1170 eonsumari.
1343 1104 1456 1170 Soben

272 1216 304 1280 S.
324 1215 376 1281 58.

836 1420 898 1492 55.

656 1596 1072 1702 irivileginexenpoisnis.

363 1755 454 1836 Greg.
473 1758 530 1818 ete.
548 1754 600 1817 tali
617 1755 728 1818 abbati.
748 1754 846 1819 Sedes
870 1756 1046 1838 apostoliea,
1064 1757 1317 1839 quemadmodum
1334 1760 1462 1827 constet,

271 1865 372 1946 largos
394 1868 425 1926 et
446 1863 606 1926 latissimos
628 1864 720 1927 habet
743 1863 902 1935 terminos,
931 1863 969 1927 ub
993 1884 1028 1926 eo
1045 1864 1200 1928 verissime
1230 1864 1465 1935 descendentes,

273 1973 325 2057 qui
341 1978 372 2036 et
387 1992 501 2043 eorum,
518 1975 624 2054 quein
641 1972 715 2036 celis
732 1980 801 2038 sunt
817 1980 848 2038 et
864 1975 893 2035 in
911 1974 1011 2046 terris,
1036 1975 1282 2057 omnipotentatui
1300 1974 1466 2039 dominetur

274 2120 318 2130 -
333 2082 490 2145 ineurrise.
510 2080 541 2144 S.
561 2080 638 2144 oben
656 2083 687 2145 S.
704 2084 755 2145 55.

839 2288 903 2360 56.

273 2463 460 2544 iririiegium
477 2462 720 2543 dystsreiensiun
732 2464 830 2547 'super
847 2464 969 2530 desinis
987 2485 1045 2530 nou
1066 2466 1217 2531 solvendis
1234 2468 1270 2532 de
1289 2470 1464 2546 novalibus,

499 2590 556 2654 rpus
571 2574 701 2655 propriis
717 2574 868 2638 laboribus
884 2574 1026 2639 excolunt
1043 2581 1073 2638 ot
1089 2578 1242 2658 expensis.

366 2731 402 2795 G.
432 2737 490 2795 eto.
520 2731 667 2795 uniuersis
696 2731 808 2796 Christi
835 2731 974 2798 fidelibus
1003 2734 1032 2797 in
1061 2739 1248 2817 perpetuum.
1281 2736 1358 2800 Cum
1395 2736 1466 2799 intro

276 2844 411 2903 sonetum
428 2839 588 2903 eeclesiam
604 2876 648 2886 -
664 2841 774 2903 audeat
795 2841 966 2905 molestare.
993 2843 1026 2907 Si
1049 2843 1116 2924 quis
1134 2862 1204 2906 vero
1229 2843 1259 2905 in
1283 2844 1464 2907 eontrarium

275 2947 390 3011 fecerit.
417 2947 449 3009 S.
468 2947 546 3011 oben
564 2947 595 3009 S.
611 2946 664 3011 82.

840 3137 901 3207 57.

276 3313 463 3395 hiriiegiun
479 3313 667 3390 mensionis,
686 3313 786 3407 dutum
803 3315 918 3378 civitati
930 3314 1099 3394 Viennensi,
1118 3316 1245 3399 siquod
1263 3318 1298 3382 de
1313 3325 1419 3383 uetere
1431 3316 1467 3381 ud

479 3421 582 3485 tuiiiss
600 3440 651 3484 sen
669 3422 813 3486 eoiieetos
830 3423 893 3487 eius
910 3423 988 3485 eires
1006 3441 1066 3486 uon
1082 3429 1259 3487 teneantur.

367 3583 400 3644 in
416 3600 492 3643 nom.
512 3602 536 3642 s.
558 3585 589 3642 et
603 3581 623 3642 i.
642 3580 711 3643 trin.
729 3581 804 3642 Rud.
824 3582 881 3643 div.
899 3583 959 3644 iau.
978 3583 1075 3664 gratia
1092 3584 1174 3647 Rom.
1193 3605 1246 3646 rex
1262 3585 1464 3666 semperdug.

278 3691 415 3755 omnibns
444 3691 475 3752 in
501 3692 688 3771 perpetuum.
720 3689 884 3752 Romanum
908 3692 1062 3779 imperium
1087 3690 1125 3754 ad
1149 3692 1311 3755 tuicionem
1335 3692 1405 3756 fidei
1427 3728 1466 3738 -

279 3798 446 3862 dinoscitur
467 3798 650 3880 pepercisse.
678 3797 909 3860 Gleiehluutend
931 3799 985 3859 mit
1008 3798 1062 3861 der
1077 3799 1185 3862 Forma
1207 3796 1355 3881 privilegii
1376 3801 1466 3881 impe-

278 3914 409 3972 ratorum
426 3926 462 3971 eo
478 3907 676 3969 Romanorum
692 3924 799 3986 regum
815 3911 961 3987 perpetua
979 3905 1057 3969 oben
1074 3907 1105 3969 S.
1125 3906 1179 3970 83.

847 4128 907 4197 58.

281 4307 479 4386 Priuiiegium
498 4323 557 4386 ouo
574 4306 713 4388 priuoeps
731 4305 889 4369 eoelesium
911 4306 1013 4368 eximit
1032 4305 1068 4368 ob
1090 4307 1168 4369 omui
1187 4307 1420 4371 adversariorum
1439 4310 1465 4366 et

706 4415 915 4479 aduocatorum
932 4414 1099 4478 remoione.

371 4574 405 4636 ln
422 4574 539 4637 nomine
557 4578 661 4637 sancte
677 4578 735 4636 eto.
753 4573 920 4655 Liupoidns
935 4574 991 4637 Dei
1001 4534 1104 4656 'gratia
1120 4572 1180 4637 dux
1190 4575 1310 4637 Austris
1327 4579 1357 4636 et
1369 4571 1462 4653 Styrie

282 4682 430 4746 universis
455 4679 566 4743 Christi
593 4680 732 4743 fidelibus
756 4682 785 4744 in
811 4686 997 4764 perpetuum.
1029 4679 1175 4762 Quoniam
1199 4680 1318 4763 quidem
1342 4681 1463 4744 nonest
