3209 5392
306 476 357 546 42

301 647 393 724 tibus,
408 649 450 712 illi
466 650 630 715 advocacie
646 651 833 715 renunciavit
849 606 1002 734 expiesse,
1017 647 1099 712 bona
1114 644 1174 709 lide
1189 652 1389 728 protestatus,
1417 646 1487 731 quod

304 759 465 823 ecclesiam
482 758 685 842 supradictam
700 759 780 823 nullo
797 778 936 843 umquam
950 763 1087 839 tempore
1103 755 1278 821 molestaret
1293 756 1345 841 a),

645 945 802 1010 tractatus
821 946 858 1010 ds
875 942 1160 1009 eoam-selmum.

781 1069 910 1114 Disttactio
923 1068 971 1114 lllll
985 1067 1020 1124 d).

392 1160 467 1246 Quia
496 1167 669 1231 evidencius
697 1169 735 1231 ad
764 1169 930 1232 sententias
961 1168 1046 1250 sequi
1064 1166 1101 1254 e)
1119 1164 1197 1230 solet
1217 1166 1311 1231 robur
1339 1164 1487 1234 firmitatis,

301 1282 521 1357 consequenter
537 1278 575 1341 de
591 1277 871 1342 confirmacionibus
883 1278 1048 1342 rideamus.
1065 1318 1109 1328 —
1125 1280 1181 1343 Est
1192 1282 1293 1342 autem
1309 1273 1488 1340 confirmacio

301 1386 419 1467 quando
434 1406 513 1469 papa
528 1386 666 1452 velalius
683 1387 772 1451 iudex
787 1387 828 1473 d)
846 1388 1283 1475 ecclesiasticus]sentenciam
1310 1385 1358 1448 sui
1390 1383 1488 1446 iudicis

217 1494 219 1498 ⁴
301 1516 335 1558 se
356 1502 451 1560 ratam
473 1497 586 1562 habere
603 1499 665 1562 suis
681 1499 792 1563 asserit
808 1498 847 1585 e]
867 1499 962 1563 literis
980 1505 1011 1561 et
1027 1496 1190 1562 confirmat.
1223 1494 1418 1561 confirmacio
1439 1493 1489 1556 alia

219 1652 222 1658 -
302 1606 453 1696 simplex,
470 1607 528 1672 alia
544 1611 786 1683 condicionalis,
804 1611 862 1673 alia
878 1633 978 1674 mera.
1461 1616 1463 1621 ’

391 1717 540 1806 Simplex
556 1724 603 1782 est
625 1718 743 1802 quando
760 1718 852 1782 nichil
875 1719 1009 1782 continet
1024 1719 1061 1781 de
1077 1717 1202 1782 materia
1218 1714 1260 1780 rei
1278 1715 1326 1778 rel
1354 1732 1490 1797 processu

301 1825 468 1898 sentencie,
485 1846 543 1910 que
560 1830 607 1890 est
625 1824 844 1899 confirmanda,
868 1827 923 1890 sed
951 1827 1127 1909 simpliciter
1149 1826 1260 1890 dicitur
1280 1827 1338 1888 ita:
1367 1824 1491 1898 „factum

300 1933 367 1996 talis
377 1935 509 2015 capituli,
518 1934 563 1999 rel
576 1935 643 1998 talis
651 1935 796 2017 prepositi
805 1935 990 1998 sentenciam
998 1934 1246 2006 confirmamus“;
1263 1932 1490 2000 condicionalis

300 2047 348 2103 θεῖ
362 2040 419 2126 f),
438 2062 494 2127 que
510 2042 640 2124 pertinet
656 2062 710 2124 pro
726 2049 812 2126 parte
829 2044 867 2106 ad
884 2042 1040 2106 materiam
1055 2044 1103 2106 vel
1119 2063 1297 2125 processum
1317 2041 1365 2106 rei
1388 2038 1490 2105 confir·

298 2153 417 2225 mande,
434 2152 485 2217 ubi
501 2153 643 2217 videlicet
664 2152 828 2216 instructus
846 2157 893 2216 θεῖ
908 2172 986 2236 papa
1007 2144 1145 2220 velalius
1163 2151 1251 2215 iudex
1267 2173 1303 2214 er
1319 2149 1489 2215 narracione

298 2260 345 2321 vel
373 2263 570 2343 suggestione
586 2260 712 2325 alicuius
728 2261 823 2343 partis
852 2262 889 2324 de
911 2281 1056 2344 processu
1084 2260 1215 2343 negocii,
1243 2281 1301 2324 nec
1334 2260 1378 2323 ita
1408 2259 1488 2342 plene

298 2371 417 2432 constat
428 2368 531 2451 iudici,
546 2369 625 2453 quod
640 2369 672 2431 in
685 2368 925 2433 confirmacionis
942 2370 1097 2432 sentencia
1114 2369 1159 2432 sic
1176 2368 1273 2434 dicat:
1300 2370 1403 2444 „sicut
1417 2368 1489 2430 iuste

297 2482 328 2539 θῖ
342 2477 566 2541 racionabiliter
582 2478 630 2541 θεῖ
641 2479 773 2541 sactum“
789 2484 820 2543 et
834 2484 887 2552 „ut
897 2479 957 2542 lata
970 2484 1017 2542 est
1030 2478 1198 2542 sententia“
1213 2478 1254 2565 u)
1267 2477 1488 2546 confirmamus;
1585 2508 1589 2521 ·

297 2611 386 2653 mera
403 2595 465 2662 est,
493 2589 544 2652 ubi
560 2608 638 2672 pape
653 2590 701 2655 vel
717 2589 767 2652 alii
783 2588 876 2652 iudici
891 2590 979 2672 plene
996 2594 1115 2654 constat
1131 2589 1169 2653 de
1190 2591 1289 2664 facto,
1311 2594 1385 2652 tunc
1402 2586 1491 2651 omnis

299 2703 400 2762 cessat
416 2699 565 2771 condicio,
588 2700 643 2763 sed
658 2701 700 2764 ita
717 2700 842 2772 dicitur,
865 2700 891 2760 si
906 2718 983 2781 pape
1001 2704 1048 2762 est
1064 2697 1267 2763 confirmatio:
1294 2697 1489 2774 ,auctoritate

297 2808 508 2892 omnipotentis
529 2809 585 2874 Dei
611 2816 641 2874 θῖ
662 2810 865 2893 apostolorum
887 2810 951 2872 eius
973 2808 1054 2872 Petri
1072 2813 1102 2871 et
1123 2807 1206 2871 Pauli
1228 2810 1342 2874 factum
1358 2807 1430 2878 tale,
1446 2802 1489 2866 vel

294 2917 385 2980 talem
401 2918 587 2982 sentenciam
600 2916 829 2982 confirmamus“
844 2956 888 2968 -
901 2917 927 2979 si
943 2917 1019 2980 alius
1031 2917 1121 2981 iudex
1137 2924 1184 2982 est
1195 2917 1320 2983 dicitur:
1340 2915 1489 2991 „auctori-
1585 2980 1589 2989 ,

264 3087 268 3095 .
294 3032 368 3099 tate,
384 3046 443 3111 qua
459 3029 644 3111 fungimur“.

662 3195 766 3259 lerna
781 3195 1017 3260 confirmaclcnls
1033 3213 1121 3261 nero.

378 3311 553 3403 'Gregorius
569 3339 616 3402 ep.
635 3340 659 3382 ε.
678 3339 703 3381 ε.
721 3318 778 3382 Dei
796 3317 906 3382 dilecto
922 3319 954 3383 in
971 3319 1090 3382 Christo
1114 3316 1199 3382 fratri
1221 3317 1254 3380 B.
1272 3315 1312 3404 d)
1341 3311 1490 3396 archiepi-

294 3448 387 3511 scopo
400 3429 469 3492 talis
480 3427 540 3492 loci
554 3447 590 3492 ac
603 3426 668 3510 ejus
682 3426 891 3492 couiudicibus
908 3429 1043 3492 salutem.
1062 3425 1172 3492 Dilecti
1188 3425 1220 3489 in
1237 3425 1357 3489 Christo
1375 3423 1438 3495 filii,
1454 3422 1487 3484 D.

294 3539 389 3604 abbas
405 3539 473 3603 talis
489 3538 547 3602 loci
567 3543 598 3602 et
616 3537 649 3601 C.
669 3537 751 3620 prior
766 3522 942 3603 monasterii
969 3526 1113 3609 eiusdem,
1133 3535 1300 3600 secundum
1321 3533 1355 3619 ί)
1382 3532 1490 3617 quoda

294 3649 381 3713 nobis
394 3648 484 3711 iidem
497 3651 740 3730 receperuntper
752 3646 936 3728 apostolicas
948 3647 1052 3709 literas
1064 3645 1096 3709 in
1111 3643 1277 3715 mandatis,
1291 3642 1321 3705 in
1334 3661 1488 3725 causaque

294 3780 386 3842 super
400 3762 466 3824 iure
481 3764 658 3845 patronatus
676 3762 809 3826 ecclesie
824 3760 1006 3843 parochialis
1023 3762 1091 3825 talis
1107 3761 1175 3826 rille
1198 3762 1278 3824 inter
1293 3757 1492 3823 venerabilem

294 3871 324 3934 in
341 3871 459 3936 Christo
477 3874 602 3937 fratrem
630 3872 806 3954 episcopum
823 3871 914 3934 talem
936 3892 972 3934 ex
993 3876 1079 3954 parte
1101 3891 1177 3945 una,
1206 3875 1237 3933 et
1258 3872 1292 3933 B.
1317 3868 1490 3931 militenen

293 3986 378 4063 parte
395 3982 489 4046 altera
506 3981 691 4053 vertebatur,
709 3985 828 4045 servato
852 3979 926 4046 iuris
943 3981 1064 4054 ordine,
1081 3979 1300 4064 procedentes,
1318 3977 1431 4041 dictum
1446 3974 1490 4035 ius

292 4097 465 4173 patronatus
489 4092 619 4156 ecclesie
641 4091 778 4174 predicte
801 4090 1049 4156 adiudicaverunt
1069 4111 1125 4173 per
1149 4087 1336 4152 diffinitivam
1369 4089 1489 4148 senten·

292 4198 365 4265 tiam
380 4200 465 4264 militi
482 4205 655 4265 memorato.
688 4199 728 4263 Et
744 4200 814 4283 quia
836 4201 1007 4283 patefactus
1030 4205 1077 4264 est
1100 4199 1187 4265 nobis
1212 4201 1249 4262 de
1271 4197 1398 4263 veritate
1421 4214 1489 4279 pro·

385 4330 420 4400 a)
447 4330 616 4393 molestaret,
641 4331 723 4385 abbas
750 4345 858 4399 quoque
882 4328 1048 4384 renunciavit
1078 4328 1202 4399 dampnis
1228 4331 1256 4383 ct
1281 4328 1385 4383 iniuriis
1411 4325 1489 4397 prout

287 4424 419 4491 superius
431 4428 473 4478 est
487 4439 640 4495 expressum
650 4425 677 4479 Z.
688 4456 725 4466 -
734 4423 765 4495 b)
778 4423 845 4479 [list.
854 4424 885 4478 x,
896 4425 926 4479 V.
936 4453 973 4464 -
984 4424 1014 4495 c)
1026 4424 1102 4493 sequi
1115 4424 1185 4479 fehlt
1194 4425 1223 4479 V.
1238 4453 1269 4463 -
1282 4424 1316 4493 d)
1327 4418 1490 4478 eeclesiasti-

292 4531 350 4566 cam
369 4514 531 4570 sentenciam
551 4517 610 4569 sive
627 4517 779 4571 sentencias
797 4513 839 4570 sui
859 4515 956 4570 iudicis
973 4516 1000 4569 Z.
1015 4544 1051 4555 —-
1064 4514 1096 4584 e)
1112 4514 1209 4570 astruit
1220 4515 1250 4568 v,
1268 4542 1296 4552 -
1311 4512 1346 4584 f)
1359 4529 1412 4583 que
1425 4526 1489 4563 cou-

289 4604 364 4659 tinet
381 4622 432 4676 pro
453 4608 531 4675 parte
550 4606 684 4661 materiam
697 4607 724 4660 Z.
739 4636 772 4646 -
785 4606 820 4678 9)
835 4606 892 4675 Von
912 4609 951 4662 sic
969 4607 1051 4671 dicat,
1071 4607 1129 4660 also
1145 4623 1195 4659 ron
1214 4604 1351 4658 seatnecia
1368 4601 1409 4656 bis
1427 4616 1488 4655 sen-

293 4696 386 4752 tencia
400 4696 470 4750 fehlt
483 4697 514 4752 V.
532 4730 562 4741 -
579 4695 613 4766 a)
627 4697 687 4751 talis
703 4697 819 4753 ecclesie
833 4699 963 4769 episcopo
980 4700 1008 4750 Z.
1021 4728 1054 4740 -
1069 4698 1096 4769 i)
1111 4716 1140 4754 se
1152 4697 1301 4753 secundum
1313 4695 1343 4750 V.
