3209 5392
1308 523 1358 597 35

161 692 243 758 nobis
260 708 376 760 morum
391 696 535 760 honestas
552 701 583 761 et
598 695 659 761 vite
674 697 833 762 laudabilis
847 697 1042 762 conversacio
1056 700 1086 760 et
1098 695 1233 760 sciencie
1248 698 1360 779 premi-

64 797 69 810 ’
160 802 263 866 nencia
277 800 513 878 commendatur,
530 807 710 873 auctoritate
726 807 893 890 apostoliea
908 805 1102 889 providemus
1119 810 1151 868 et
1165 825 1221 888 per
1236 810 1360 888 aposto-

158 911 214 975 lica
229 913 344 995 scripta
361 912 400 1001 a)
416 915 608 989 mandamus,
634 922 781 1000 quatenus
803 919 902 999 ipsum
923 915 1078 997 recipiatis
1104 919 1135 977 et
1149 913 1287 979 habeatis
1304 935 1359 998 pro

156 1026 274 1102 pastore
292 1028 324 1087 et
341 1024 503 1107 episcopo,
527 1025 660 1091 debitam
677 1027 735 1109 ipsi
752 1026 952 1108 inpendentes
971 1024 1197 1097 obedienciam,
1214 1037 1359 1090 reveren-

159 1128 234 1193 ciam
246 1150 303 1193 seu
318 1132 472 1196 honorem.
490 1134 558 1197 Dat.
578 1138 635 1197 etc.

553 1337 708 1400 irrotatur
732 1337 955 1418 petitoriarum.

649 1460 775 1507 nostraene
787 1460 816 1504 v1
825 1456 858 1519 v).

242 1597 394 1660 Dicuntur
409 1601 509 1660 autern
524 1597 666 1679 petitorie
683 1617 700 1660 a
717 1596 866 1679 petendo,
891 1595 962 1682 quia
982 1594 1146 1659 innituntur
1166 1594 1233 1677 plus
1251 1594 1355 1676 gracie
1367 1622 1473 1663 ΝΜ,

154 1726 240 1789 quarn
256 1705 326 1770 iuri.
359 1706 399 1769 nt
419 1705 575 1770 sciendum
597 1707 677 1790 quod
700 1705 757 1769 due
780 1710 851 1788 sunt
872 1706 991 1786 species
1013 1703 1236 1788 petitoriarum:
1260 1703 1356 1786 prima

154 1823 198 1881 est
229 1819 255 1880 si
289 1816 427 1880 dominus
457 1836 536 1900 papa
566 1818 615 1881 vel
643 1817 717 1881 alius
745 1819 887 1900 princeps
917 1814 1143 1879 ecclesiasticus
1176 1819 1356 1878 structuram

152 1925 276 1990 alicuius
299 1924 475 1989 monasterii
493 1922 532 2011 a)
557 1924 618 1988 suis
642 1924 739 1988 literis
761 1925 823 1988 vult
851 1928 964 1987 invare.
996 1924 1029 1986 ln
1051 1922 1110 1985 hae
1131 1924 1228 2004 prima
1250 1923 1354 2004 specie

152 2040 197 2099 est
212 2039 301 2099 recta
318 2035 414 2099 forma
431 2040 462 2098 et
478 2039 562 2098 certa
579 2055 721 2118 expressa
737 2037 768 2097 in
785 2034 913 2099 concilio
930 2030 1075 2115 generali,
1092 2050 1151 2114 que
1168 2031 1209 2095 ita
1232 2032 1355 2114 incipit:

152 2144 316 2226 Quoniam,
341 2149 373 2207 ut
388 2143 430 2208 ait
458 2145 628 2227 apostolus,
651 2164 754 2208 omnes
770 2163 826 2207 nos
844 2142 989 2206 stabimus
1005 2146 1075 2205 ante
1091 2133 1221 2205 tribunal
1236 2142 1278 2228 d)
1295 2148 1353 2206 etc.
1412 2147 1420 2152 “
1473 2141 1476 2144 ’

150 2273 237 2336 quam
252 2253 383 2317 formam
407 2252 555 2316 excedere
580 2273 640 2331 non
668 2256 715 2315 est
743 2255 928 2314 consuetum.
957 2248 1146 2331 Approbacio
1164 2247 1202 2334 e)
1217 2251 1355 2331 predicte

153 2363 246 2453 forme
284 2366 334 2424 est
360 2361 442 2424 tacta
481 2366 605 2442 propter
640 2360 818 2424 varietatem
850 2364 881 2422 et
912 2352 1116 2422 diversitatem
1148 2378 1202 2421 seu
1235 2363 1355 2422 contra-

154 2473 293 2535 rietatem
337 2469 516 2552 petitorum,
562 2470 612 2554 qui
650 2470 743 2534 salsas
784 2467 963 2552 quandoque
1002 2467 1105 2530 literas
1146 2466 1353 2541 exhibuerunt,

92 2643 95 2646 ,
152 2585 182 2643 ut
202 2585 287 2643 esset
303 2579 401 2642 forma
422 2598 480 2641 una
504 2578 634 2642 omnium
665 2578 769 2642 talium
800 2577 963 2641 literarum.
994 2575 1169 2656 Exemplum
1200 2577 1288 2640 infra.
1309 2616 1354 2626 —

152 2667 292 2753 Secunda
309 2686 430 2770 species
447 2692 503 2759 est,
521 2707 589 2751 cum
606 2689 684 2752 forte
700 2693 789 2751 vacat
803 2686 955 2770 prelatura
967 2687 1015 2751 vel
1027 2686 1148 2769 aliquod
1161 2685 1353 2770 stipendium,

152 2802 181 2860 et
195 2818 251 2881 per
266 2797 469 2860 interventum
485 2814 564 2877 pape
581 2796 628 2859 vel
644 2794 768 2859 alterius
784 2794 930 2878 principis
952 2795 1081 2859 intendit
1103 2794 1210 2879 aliquis
1232 2814 1354 2878 promo·

149 2907 219 2970 veri.
236 2908 278 2970 Et
294 2907 432 2987 fereper
448 2904 547 2968 omnia
570 2904 662 2969 debet
677 2905 790 2969 habere
808 2905 935 2969 formam
949 2904 1128 2987 peticionis,
1157 2903 1250 2969 debet
1274 2904 1353 2968 enim

150 3017 304 3082 continere
337 3015 634 3079 commendacionem
664 3036 806 3099 persone,
828 3035 882 3098 pro
915 3035 974 3099 qua
1010 3014 1132 3098 petitur,
1170 3034 1352 3099 causamque

149 3131 318 3212 moventem
334 3144 426 3209 quare
442 3123 481 3208 f)
497 3144 551 3206 pro
566 3144 601 3186 ea
612 3129 733 3207 petatur
745 3123 811 3186 sine
827 3122 1074 3188 interminacione
1090 3123 1189 3207 aliqua
1204 3124 1252 3187 vel
1267 3143 1352 3187 man·

151 3235 228 3308 dato,
247 3234 329 3319 quia,
355 3233 433 3298 sicut
450 3233 563 3298 dictum
580 3238 637 3307 est,
653 3234 719 3315 plus
742 3234 877 3298 continet
893 3233 998 3316 gracie
1020 3212 1109 3318 quam
1124 3232 1207 3297 iuris.
1240 3234 1350 3297 Exem-

149 3345 225 3440 plum
241 3350 277 3410 ut
292 3345 381 3408 infra.

444 3523 621 3630 ¹llxenplum
635 3547 776 3629 petitorio
791 3546 822 3610 ln
838 3546 934 3628 prlme
951 3546 1060 3630 specle.

237 3710 275 3773 Ο.
297 3708 341 3795 a)
363 3707 420 3772 Dei
451 3708 555 3790 gracia
586 3707 655 3771 talis
695 3707 826 3771 ecclesie
863 3705 1110 3789 archiepiscopus
1132 3704 1172 3793 d)
1203 3706 1351 3773 universis

152 3819 262 3884 Christi
297 3816 437 3881 fidelibus
462 3816 497 3904 i)
524 3818 563 3881 ad
594 3837 668 3902 quos
703 3837 831 3900 presens
853 3816 998 3900 scriptum
1014 3815 1054 3900 lt)
1077 3814 1249 3899 pervenerit
1271 3819 1352 3882 salu-

153 3932 218 3993 tem.
253 3927 418 4012 Quoniam,
449 3933 482 3991 ut
509 3927 550 3991 ait
577 3928 748 4010 apostolus,
777 3948 882 3991 omnes
905 3949 960 3992 nos
984 3932 1054 3991 ante
1081 3926 1211 3991 tribunal
1239 3928 1351 3993 Christi

152 4039 335 4103 manifestari
353 4042 483 4120 oportet,
501 4058 568 4102 cum
593 4038 787 4120 corruptibile
823 4038 955 4102 induerit
979 4037 1246 4120 *incorrupcionem
1270 4039 1351 4125 l)et

151 4149 274 4212 mortale
302 4145 561 4222 inmortalitatem,
583 4152 617 4210 ut
637 4151 708 4210 tunc
730 4145 855 4211 refferat
876 4147 1080 4231 unusquisque
1103 4152 1192 4230 prout
1207 4147 1305 4230 gessit
1320 4149 1351 4213 in

153 4274 294 4338 corpore,
323 4255 387 4319 sive
414 4253 526 4318 bonum
553 4256 644 4318 fuerit
659 4256 706 4343 m)
724 4255 788 4319 sive
811 4257 935 4329 malum,
959 4260 1078 4337 oportet
1093 4261 1127 4319 ut
1141 4255 1350 4321 misericordie

154 4365 292 4447 operibus
319 4350 529 4447 preveniamus
564 4366 643 4428 diem
671 4366 840 4431 messionis.
861 4371 1010 4439 extreme,
1039 4365 1118 4429 unde
1134 4364 1174 4453 n)
1191 4367 1242 4450 qui
1257 4387 1348 4450 parce

238 4488 273 4562 a)
287 4489 362 4547 vobis
380 4489 556 4562 precipiendo
574 4491 601 4545 Z.
617 4522 647 4533 —
663 4492 695 4561 d)
712 4493 778 4545 nist
793 4491 827 4546 Vl
846 4491 914 4545 fehlt
927 4492 958 4546 V.
975 4522 1004 4532 -
1021 4491 1055 4561 c)
1070 4491 1111 4546 vel
1129 4491 1219 4563 pontis
1238 4491 1281 4546 vel
1301 4491 1350 4544 ali-

154 4581 223 4639 enior
247 4584 300 4638 loci
320 4581 441 4654 religiosi
454 4583 482 4637 Z.
497 4613 531 4623 -
545 4582 580 4653 d)
594 4600 685 4639 omnes
701 4615 731 4627 -
748 4584 862 4640 tribunal
880 4584 951 4640 fehlt
970 4585 998 4640 Ζ.
1022 4585 1054 4655 e)
1073 4601 1136 4640 vero
1153 4585 1181 4638 Ζ.
1196 4613 1228 4624 -
1241 4583 1273 4656 f)
1297 4601 1348 4655 pro

154 4691 231 4746 quere
246 4677 275 4730 Ζ.
290 4705 322 4717 -
335 4675 370 4748 p)
384 4675 416 4729 R.
434 4675 462 4729 Z.
480 4705 509 4714 -
523 4673 559 4744 b)
573 4691 615 4746 ep.
630 4676 658 4731 Ζ.
677 4705 704 4716 -
720 4675 748 4744 θ’)
766 4676 791 4730 in
809 4675 951 4732 Parisiensi
965 4676 1073 4732 civitate
1091 4675 1244 4730 constitutis
1257 4676 1286 4730 Ζ.
1316 4705 1345 4717 -

153 4763 184 4835 lt)
195 4769 290 4839 pagina
309 4768 336 4821 Z.
360 4796 391 4805 -
404 4766 431 4836 l)
445 4765 647 4839 corrupoionem
661 4767 689 4823 V.
708 4798 736 4808 -
751 4767 794 4837 m)
807 4768 873 4824 illud
885 4769 914 4822 Ζ.
929 4794 963 4809 -·
975 4769 1011 4840 a)
1025 4769 1152 4841 quoniam
1165 4769 1193 4823 Z.

1084 4858 1128 4911 3*
