3209 5392
1301 527 1384 601 445

180 710 258 772 mine
276 712 306 770 et
320 706 424 771 iudica
439 725 562 772 causam
577 706 678 780 islam,
695 715 738 780 tu,
756 710 807 794 qui
824 709 889 772 sine
902 711 1028 792 peccato
1042 714 1144 781 natus,
1164 707 1204 770 nil
1222 725 1383 770 commune

181 836 251 881 cum
268 815 362 881 seculi
378 815 464 880 malis
485 816 632 890 habuisti,
656 836 724 881 cum
746 818 789 880 sis
810 815 906 880 tidelis
930 821 960 880 et
983 816 1098 902 absque
1123 816 1185 881 ulla
1211 815 1383 901 iniquitate,

184 945 253 990 cum
281 925 324 988 sis
344 923 443 989 bonus
466 929 496 987 et
519 924 657 989 conditor
685 924 845 999 bonitatis,
863 923 1032 1008 superbos,
1055 925 1203 1008 cupidos,
1227 943 1334 989 avaros
1358 930 1390 989 et

184 1034 259 1099 alios
276 1035 308 1098 in
319 1037 514 1117 peccatorum
526 1036 650 1116 pulvere
665 1034 846 1099 dormientes
860 1033 1008 1120 quomodo
1028 1035 1059 1097 in
1078 1039 1191 1099 sortem
1204 1034 1389 1098 dilectorum
1432 1090 1435 1095 .
1495 1050 1500 1058 ·

183 1148 302 1207 tuorum
326 1162 482 1215 assumes,
505 1142 557 1228 qui
579 1143 618 1205 nil
641 1143 702 1207 nisi
720 1142 832 1206 bonum
854 1148 940 1226 potes
963 1142 1090 1226 diligere
1106 1148 1136 1206 et
1152 1143 1281 1207 fovere?
1305 1141 1384 1224 Quid

184 1271 257 1334 ergo
277 1252 314 1315 de
332 1251 419 1314 iustis
434 1251 582 1315 Domine?
601 1251 679 1335 Quid
695 1252 731 1315 de
744 1252 844 1335 impiis
863 1250 1038 1316 ordinabis?
1055 1252 1123 1316 lllos
1137 1253 1190 1332 a),
1211 1272 1286 1338 sequ
1302 1257 1389 1315 entes

185 1367 301 1425 tuorum
314 1360 437 1424 semitas
454 1359 671 1434 mandatorum,
684 1360 820 1425 sociabili
833 1361 927 1444 gloria
944 1360 975 1424 in
988 1367 1092 1426 eterne
1109 1361 1206 1443 patria
1226 1358 1389 1432 claritatis,

187 1469 262 1534 istos
278 1488 360 1541 vero,
379 1469 466 1553 quasi
481 1470 525 1532 tui
542 1468 727 1552 beneplaciti
743 1473 986 1553 contemptores,
1008 1473 1042 1533 ut
1064 1468 1227 1552 unicuique
1249 1469 1390 1531 meritum

187 1598 273 1644 suum
300 1577 469 1642 reddidisse
498 1579 663 1642 secundum
690 1578 841 1642 iusticiam
864 1578 1008 1651 videaris,
1038 1577 1154 1641 conteri
1176 1577 1331 1661 precipias
1357 1576 1387 1639 in

187 1708 239 1755 ara
250 1686 395 1772 principis
409 1687 644 1771 dampnatorum.
664 1689 755 1754 coins
770 1686 999 1771 saneprincipis
1012 1684 1162 1750 habitacio
1176 1693 1222 1750 est
1235 1685 1389 1756 internus,

188 1799 334 1863 Gebenna
345 1795 498 1879 pabulum,
511 1817 659 1862 venenum
671 1799 822 1880 poculum,
836 1797 1030 1860 odoramenta
1042 1795 1091 1879 pix
1104 1799 1134 1858 et
1146 1795 1280 1878 sulphur,
1294 1792 1387 1856 adiu-

187 1907 296 1971 torium
313 1906 455 1978 ululatus,
468 1911 567 1970 tactus
581 1912 611 1969 et
622 1905 699 1970 visio
711 1905 833 1970 miseria
844 1905 1046 1969 tenebrarum.
1073 1905 1138 1988 Qus
1150 1909 1220 1968 sunt
1234 1905 1290 1968 iste
1307 1902 1389 1965 deli-

189 2015 338 2098 cielQuis
350 2017 408 2079 bec
421 2015 566 2080 babebit?
578 2016 730 2098 Numquid
742 2017 790 2101 qui
800 2035 920 2078 carnem
935 2014 1112 2079 suamviciis
1125 2014 1390 2095 etconcupiscen-

186 2125 237 2191 tiis
261 2124 462 2207 crucifigunt?
484 2126 551 2189 Non
564 2127 668 2209 piane;
693 2126 748 2188 sed
765 2124 965 2189 fornicatores
984 2128 1014 2186 et
1038 2122 1176 2193 adulteri,
1195 2128 1332 2204 raptores
1362 2129 1392 2185 et

188 2235 315 2299 usurarii
328 2234 413 2298 taciti
429 2233 475 2298 vel
489 2236 632 2319 expressi.
647 2272 690 2282 -
702 2235 836 2316 Exurgat
853 2233 945 2316 igitur
961 2233 1090 2315 populus
1105 2231 1229 2295 Christo
1248 2231 1390 2300 dilectus,

188 2348 313 2427 exurgat
325 2348 356 2406 et
367 2348 509 2427 properet
521 2342 559 2406 ad
572 2342 770 2407 confessionis
782 2344 944 2413 lavacrum,
957 2343 1071 2424 lepram
1086 2342 1157 2404 crim
1164 2341 1222 2403 inis
1238 2344 1268 2402 et
1280 2359 1392 2423 pecca-

189 2459 287 2519 torum
298 2451 586 2525 maculamabolens,
600 2451 1182 2535 predictumiratremcensupauperem
1192 2449 1391 2512 meritisvero
1465 2430 1471 2449 ¹

191 2561 422 2647 divitem,quem
435 2560 520 2625 vobis
529 2565 559 2624 et
572 2560 931 2644 universaliecclesiepro
947 2557 1181 2623 salutelidelium
1188 2557 1393 2641 multipliciter

197 2676 397 2756 opportunum
412 2669 651 2741 transmittimus,
659 2674 843 2742 reverenter,
860 2674 893 2733 ut
909 2669 1068 2740 condecet,
1086 2666 1261 2739 admittatis,
1279 2665 1393 2739 verbis,

197 2800 255 2865 que
272 2781 303 2843 in
319 2799 371 2843 ore
388 2798 442 2843 suo
459 2777 626 2863 posuimus,
642 2777 712 2842 lidei
729 2776 946 2861 plenitudinem
962 2777 1117 2862 prestituri
1135 2781 1164 2838 et
1180 2776 1240 2860 piis
1258 2775 1393 2839 consiliis

198 2910 234 2955 ac
250 2888 421 2954 salubribus
439 2889 504 2952 eius
520 2887 640 2951 monitis
657 2887 759 2950 taliter
775 2885 936 2959 credituri,
953 2891 1117 2970 quatenus,
1135 2886 1201 2968 ipso
1218 2885 1339 2948 tandem
1356 2883 1393 2947 ad

198 3020 252 3064 nos
269 3019 337 3064 cum
355 2997 550 3063 exultacionis
567 2997 717 3079 manipulo
733 2996 897 3067 redeunte,
912 2995 998 3059 vobis
1015 2995 1055 3058 sit
1071 2999 1174 3059 eterne
1190 2993 1395 3057 remuneraci-

198 3108 263 3172 onis
285 3106 458 3171 benedictio
481 3111 511 3169 et
536 3127 590 3169 nos
613 3106 771 3182 devocioni
786 3110 887 3169 vestre
903 3103 1030 3188 proinde
1053 3103 1271 3167 constituamur
1287 3101 1394 3164 merito

197 3216 347 3281 liberales.

287 3378 336 3434 Ein
355 3378 434 3433 Theil
453 3379 543 3434 dieses
562 3379 669 3432 Brleles
687 3379 724 3433 ist
736 3378 861 3432 wdrtlich
881 3379 906 3431 in
926 3378 986 3432 dem
1005 3373 1184 3430 obenS.108
1196 3372 1393 3446 mitgstbeilten
1446 3439 1449 3443 1

199 3470 346 3526 Schneiben
359 3467 505 3544 (Gregor’s
518 3470 561 3524 lll.
575 3467 605 3539 l)
620 3470 765 3524 euthalten.
785 3470 839 3522 Das
859 3485 943 3540 ganzo
961 3468 1142 3523 Schriftstiiclr
1160 3468 1270 3535 bewegt
1287 3463 1344 3518 sicli
1368 3464 1395 3518 in

197 3561 375 3632 allgemeinen
390 3560 580 3622 Redensarten,
601 3576 632 3613 so
646 3560 710 3615 dass
723 3560 765 3614 lcb
780 3560 893 3632 geneigt
906 3559 958 3621 bin,
974 3575 1012 3622 es,
1026 3558 1073 3612 wie
1087 3559 1135 3613 das
1148 3557 1234 3628 obige,
1249 3556 1291 3609 ldr
1304 3553 1397 3626 tingirt

200 3669 232 3706 zu
246 3653 344 3707 balden.

767 3822 830 3891 41.

196 4002 275 4083 Papa
290 4003 475 4066 commendat
489 3999 698 4080 nultipllelter
711 4001 855 4081 legatum,
879 4017 964 4080 quem
980 4000 1071 4078 misit,
1088 4017 1122 4061 oc
1138 3998 1233 4075 lpsun
1250 3998 1287 4060 ad
1305 3997 1389 4075 lega·

378 4111 473 4173 olonis
489 4111 617 4174 oldclum
634 4113 763 4186 revocat,
781 4110 872 4173 allum
889 4108 945 4173 sibl
962 4108 1206 4171 substituendum.

287 4269 412 4353 Agendo
435 4269 565 4334 fideliter
586 4274 617 4332 et
639 4274 814 4333 constanter
829 4267 978 4352 paciendo
995 4267 1140 4350 probasti,
1158 4270 1269 4349 quanto
1286 4263 1395 4329 affectu

196 4384 312 4465 patrem
339 4379 469 4443 colueris
498 4384 528 4442 et
556 4382 667 4462 quanto
689 4378 753 4441 zelo
776 4376 880 4441 matris
901 4376 1164 4441 bonorificenciam
1180 4376 1273 4439 fueris
1289 4395 1396 4459 perse·

197 4493 293 4552 cutus.
325 4487 399 4552 lnde
427 4507 555 4571 namque
582 4487 662 4565 inter
689 4493 812 4571 experte
840 4485 974 4552 caritatis
1002 4486 1078 4551 filios
1107 4506 1166 4550 non
1193 4492 1255 4550 tam
1276 4485 1396 4566 insigne

185 4598 305 4666 amoris
321 4597 506 4679 preconium,
525 4616 614 4679 quam
631 4595 798 4662 officiosum
815 4597 897 4660 clare
914 4595 1087 4663 devocionis
1105 4615 1159 4663 seu
1176 4594 1284 4669 devote
1301 4594 1397 4658 aetio-

287 4759 321 4827 a)
335 4758 383 4814 uro
396 4760 426 4811 v.
