3209 5392
266 478 344 552 350

270 655 373 724 Anesi,
390 655 469 718 sieut
485 657 580 727 scitis,
598 658 720 741 quodsi
737 678 802 729 nos,
819 660 898 721 sicut
914 657 956 720 illi
972 657 1023 741 qui
1046 658 1230 722 scienciores
1252 658 1339 723 nobis
1362 658 1463 722 omni-

264 759 322 824 bus
339 782 408 825 esse
424 764 537 834 volunt,
549 765 676 829 forsitan
688 770 721 829 ut
733 767 874 837 existunt,
887 765 1046 828 karitatem
1058 771 1240 849 postponere
1256 765 1463 837 studeremus,

265 875 367 934 vestra
383 878 488 935 sancta
505 878 535 936 et
552 873 680 938 celebris
698 877 879 958 apparencia
896 893 950 938 nos
967 879 1089 946 artaret,
1107 878 1140 937 ut
1152 874 1251 938 omnia
1263 876 1342 938 mala
1352 875 1463 938 buius-

271 980 352 1043 modi
369 981 522 1045 subticere
538 1002 573 1045 ac
591 983 779 1066 dissimulare
795 984 915 1068 penitus
932 982 1120 1047 deberemus.
1155 984 1209 1049 Set
1230 980 1310 1047 absit
1327 983 1461 1056 omnino,

267 1089 347 1171 quod
364 1108 430 1162 nos,
446 1093 498 1174 qui
514 1111 582 1154 cum
600 1092 714 1156 decano
731 1098 762 1156 et
777 1092 889 1157 nostris
907 1093 972 1156 aliis
989 1092 1171 1176 conprelatis
1185 1097 1216 1156 et
1226 1097 1290 1156 toto
1304 1092 1385 1155 clero
1402 1093 1461 1156 sub

267 1220 326 1264 una
355 1199 543 1271 obediencia,
572 1207 714 1286 tanquam
736 1203 767 1264 in
790 1223 849 1265 uno
873 1221 999 1284 corpore
1022 1200 1191 1273 constituti,
1215 1202 1334 1265 domino
1356 1207 1462 1266 nostro

266 1308 525 1380 reuerentissimo,
554 1310 723 1374 Patauiensi
757 1310 949 1397 episcop01)
977 1315 1120 1394 tanquam
1149 1310 1241 1393 capiti
1268 1310 1461 1383 adheremus,

273 1416 424 1488 dolorem,
452 1418 595 1500 gemitum
618 1425 648 1482 et
668 1440 857 1503 pressuram,
885 1440 944 1503 que
965 1419 1079 1502 patitur
1094 1438 1186 1482 uuum
1201 1419 1376 1492 menbrum,
1401 1439 1462 1481 nou

270 1524 434 1590 debeamus
457 1529 666 1611 compassione
687 1530 820 1592 fraterna
844 1533 1106 1612 quantumcunque
1133 1547 1292 1610 possumus
1308 1528 1460 1610 mitigare.

361 1634 448 1699 Scire
465 1642 565 1699 autern
582 1637 710 1708 debetis,
727 1637 806 1721 quod
831 1658 885 1700 nos
908 1642 1011 1700 contra
1033 1642 1166 1700 vestrum
1188 1630 1323 1699 ordinem
1340 1642 1371 1700 et
1395 1635 1462 1699 cius

269 1743 485 1807 substancialia
502 1743 593 1806 nichil
611 1744 738 1808 dicimus
755 1751 807 1809 aut
823 1745 969 1817 dicemus,
986 1743 1044 1807 uisi
1060 1744 1140 1828 quod
1156 1765 1209 1808 vos
1222 1744 1368 1808 exceditis
1385 1742 1461 1807 lines

266 1856 394 1922 vestros,
412 1853 491 1936 quod
509 1858 555 1916 est
572 1859 676 1917 contra
692 1858 869 1937 preceptum
893 1852 1036 1925 divinum,
1060 1854 1139 1936 quod
1163 1852 1253 1916 dicit:
1278 1854 1343 1928 „Ne
1359 1858 1462 1915 hans-

266 1960 416 2044 grediaris
444 1965 586 2026 terminos
615 1961 765 2046 antiquos,
793 1982 869 2046 quos
894 1966 1060 2044 posuerunt
1086 1966 1187 2044 patres
1215 1961 1279 2026 tui«
1300 1962 1340 2049 ²).
1372 1964 1462 2027 Unde

267 2068 355 2132 laudo
384 2089 448 2143 vos,
477 2080 523 2134 set
550 2073 581 2134 in
602 2070 660 2135 hoc
683 2091 742 2134 non
763 2071 863 2134 laudo.
881 2109 925 2118 —
941 2070 1062 2133 Dictum
1085 2076 1132 2132 est
1155 2092 1172 2133 a
1195 2070 1292 2142 vobis,
1309 2071 1390 2154 quod
1406 2092 1461 2135 vos

267 2183 351 2241 tanta
379 2178 511 2242 sciencia
540 2199 631 2262 super
659 2200 761 2242 omnes
790 2180 865 2242 clari
886 2180 963 2250 sitis,
989 2184 1102 2241 uttam
1125 2178 1208 2249 illud,
1231 2180 1311 2262 quod
1334 2199 1352 2241 a
1374 2180 1461 2243 uobis

267 2289 345 2372 apud
362 2289 492 2351 Anesum
509 2291 618 2371 agitur,
642 2289 804 2352 defendere
826 2288 961 2359 valeatis,
978 2288 1068 2352 immo
1084 2290 1180 2371 plura,
1197 2289 1223 2352 si
1248 2290 1347 2360 vultis,
1364 2289 1462 2363 modis

267 2397 404 2462 omnibus
427 2398 646 2481 disponendum
668 2397 792 2461 valeatis
814 2398 979 2460 decernere
1001 2406 1091 2478 prout
1115 2396 1196 2459 libet.
1231 2397 1286 2460 Set
1308 2417 1363 2459 nos
1386 2396 1461 2459 illud

232 2518 238 2530 ·
267 2526 326 2570 non
344 2506 578 2570 contradicimus
596 2507 769 2578 ullomodo,
787 2507 867 2591 quod
885 2506 935 2569 diu
952 2511 1021 2569 ante
1038 2527 1091 2569 vos
1115 2526 1150 2569 ex
1173 2505 1340 2586 ewangelio
1356 2510 1461 2568 notum

267 2617 383 2681 existit:
407 2637 443 2680 ve
459 2615 569 2678 mundo
587 2637 604 2680 a
623 2616 790 2681 scandalis!
816 2635 942 2680 necasse
960 2621 1006 2679 est
1023 2616 1102 2678 enim
1118 2621 1152 2678 ut
1167 2615 1290 2678 ueniant
1306 2614 1458 2678 scandala.

266 2725 444 2788 Timendum
460 2730 560 2788 tamen
577 2729 660 2787 esset
675 2708 841 2795 conclusio,
859 2744 917 2807 qua
942 2722 1068 2786 dicitur:
1092 2745 1129 2787 ue
1155 2726 1255 2786 autem
1278 2721 1392 2785 homini
1408 2722 1463 2793 illi,

267 2855 324 2918 per
361 2854 448 2918 quem
487 2835 661 2898 scandalum
699 2835 780 2898 venit
799 2834 847 2921 ψ
880 2834 987 2898 Videte
1020 2837 1119 2896 autem
1151 2834 1178 2895 si
1209 2851 1269 2896 non
1301 2837 1465 2896 nascantur

268 2943 410 3007 scandala
428 2949 458 3005 ct
475 2963 604 3013 errores,
627 2943 708 3027 quod
725 2962 778 3005 vos
801 2943 832 3005 in
855 2942 977 3004 civitate
993 2942 1096 3013 Anesi,
1119 2941 1172 3004 ubi
1194 2945 1242 3004 est
1263 2941 1462 3023 parrochialis

269 3053 409 3123 ecclesia,
426 3052 507 3115 intus
531 3059 561 3115 et
584 3058 666 3115 extra
682 3071 807 3135 preesse
825 3051 984 3134 disponitis
1000 3051 1123 3134 populo,
1140 3049 1171 3112 in
1188 3069 1318 3113 messem
1335 3049 1464 3113 alienam

267 3160 376 3223 falcem
392 3161 556 3231 mittentes,
574 3180 641 3223 cum
657 3162 780 3244 antiqua
796 3164 898 3222 vestra
913 3163 1086 3242 paupertas,
1109 3157 1261 3221 humilitas
1285 3162 1315 3221 et
1336 3157 1464 3220 devocio

268 3268 335 3350 plus
364 3268 518 3340 decerent,
546 3268 683 3352 quamsi
706 3266 832 3330 cottidie
855 3268 886 3328 in
909 3264 1081 3329 civitatibus
1104 3270 1135 3329 et
1156 3266 1282 3341 urbibus
1310 3265 1465 3349 poneretis

269 3377 402 3461 undique
418 3376 507 3440 sedes
523 3382 649 3440 vestras.
675 3376 754 3459 Quid
771 3377 852 3441 enim
868 3380 914 3437 est
930 3374 988 3438 hoc
1006 3373 1099 3447 aliud,
1116 3375 1175 3437 nisi
1191 3394 1243 3438 vos
1260 3394 1388 3458 querere
1405 3393 1465 3457 que

269 3489 338 3549 sunt
354 3487 476 3550 alterius
494 3489 524 3549 et
540 3505 600 3548 non
615 3487 735 3550 vestra?
755 3486 899 3566 Legimus
916 3487 947 3545 in
963 3482 1046 3546 libris
1060 3502 1159 3545 rerum
1176 3482 1366 3554 naturalium,
1384 3481 1465 3566 quod

340 3801 438 3856 audivit,
456 3814 571 3859 nunquam
589 3800 613 3844 in
634 3800 737 3846 decretis
750 3800 865 3860 vigilavit,
882 3812 998 3857 nunquam
1013 3810 1079 3843 unam
1093 3798 1238 3856 questionem
1252 3798 1336 3843 didicit
1348 3798 1463 3844 enodare.

339 3892 394 3937 ceci
407 3893 499 3938 suntet
512 3893 585 3938 duces
598 3904 722 3944 cecorumr
745 3891 775 3936 ad
793 3903 837 3937 nos
856 3890 973 3945 accedite,
991 3889 1031 3946 qui
1045 3888 1151 3934 nouimus
1164 3889 1254 3946 lepram
1269 3902 1282 3932 a
1294 3890 1359 3946 lepra
1373 3888 1463 3934 distin-

338 3997 422 4045 guere,
436 3985 519 4041 quibua
533 3985 612 4038 ardua,
626 3983 710 4041 quibus
723 3982 839 4037 diflicilia,
853 3983 938 4041 quibus
951 3982 993 4027 Dei
1008 3980 1102 4027 secreta
1115 3980 1249 4038 patuerunt.
1271 3980 1345 4026 Nobis
1359 3978 1464 4026 conlite-

337 4077 394 4120 mini
411 4075 575 4133 imperterriti,
593 4075 677 4132 quibus
695 4075 774 4127 tanta,
792 4075 819 4119 ut
837 4074 882 4118 ium
899 4073 986 4117 videtis
1001 4073 1026 4118 et
1038 4071 1135 4126 auditis,
1156 4085 1270 4118 concessa
1289 4071 1326 4116 est
1344 4071 1463 4127 potestas.

338 4167 406 4212 Multi
425 4166 507 4227 igitur,
526 4166 637 4223 precipua
650 4164 744 4210 nubiles
757 4165 782 4227 et
794 4163 906 4209 nobilium
920 4176 1017 4218 uxores,
1036 4162 1125 4220 'spretis
1138 4162 1243 4220 propriis
1256 4162 1422 4207 sacerdotibus
1436 4158 1461 4204 et

338 4258 449 4315 prelatis,
472 4258 530 4314 ipsis
551 4255 737 4314 predicatoribus
759 4252 947 4299 confitebantur:
981 4254 1043 4298 unde
1065 4266 1113 4298 non
1131 4253 1285 4299 mediocriter
1303 4251 1373 4297 viluit
1395 4250 1465 4295 ordi·

338 4348 457 4393 uariorum
476 4347 582 4406 dignitas
601 4347 626 4390 at
644 4344 752 4390 conditio
772 4346 797 4391 et
816 4345 846 4389 da
864 4344 930 4389 tanto
949 4343 986 4388 sui
1005 4343 1151 4399 contemptu,
1171 4356 1218 4388 nou
1242 4343 1392 4402 sinemagna
1404 4353 1464 4386 con·
1539 4355 1541 4358 ’

341 4440 443 4493 lusione,
457 4438 592 4483 doluerunt.

296 4527 319 4588 ¹)
332 4532 426 4584 Petrus,
440 4526 613 4574 iaco-128⁰.

294 4617 319 4676 ²)
333 4618 447 4665 Proverb.
461 4619 500 4672 22,
514 4619 553 4662 28.

296 4704 320 4766 ⁸)
334 4710 467 4756 Matthaeus
481 4709 520 4762 18,
534 4708 572 4751 17.
