<?xml version="1.0" encoding="UTF-8"?>
<!DOCTYPE html PUBLIC "-//W3C//DTD XHTML 1.0 Transitional//EN"
    "http://www.w3.org/TR/xhtml1/DTD/xhtml1-transitional.dtd">
<html xmlns="http://www.w3.org/1999/xhtml" xml:lang="en" lang="en">
 <head>
  <title>
</title>
<meta http-equiv="Content-Type" content="text/html;charset=utf-8" />
  <meta name='ocr-system' content='tesseract 3.04.00' />
  <meta name='ocr-capabilities' content='ocr_page ocr_carea ocr_par ocr_line ocrx_word'/>
</head>
<body>
  <div class='ocr_page' id='page_1' title='image "./fontesrerumaust00unkngoog_0349.png"; bbox 0 0 3209 5392; ppageno 0'>
   <div class='ocr_carea' id='block_1_1' title="bbox 225 484 302 557">
    <p class='ocr_par' dir='ltr' id='par_1_1' title="bbox 225 484 302 557">
     <span class='ocr_line' id='line_1_1' title="bbox 225 484 302 557; baseline 0 -1"><span class='ocrx_word' id='word_1_1' title='bbox 225 484 302 557; x_wconf 80' lang='lat'><strong>322</strong></span> 
     </span>
    </p>
   </div>
   <div class='ocr_carea' id='block_1_2' title="bbox 222 653 1424 1069">
    <p class='ocr_par' dir='ltr' id='par_1_2' title="bbox 222 653 1424 1069">
     <span class='ocr_line' id='line_1_2' title="bbox 225 653 1424 743; baseline -0.003 -20"><span class='ocrx_word' id='word_1_2' title='bbox 225 657 336 723; x_wconf 83' lang='lat' dir='ltr'><strong>auxilio</strong></span> <span class='ocrx_word' id='word_1_3' title='bbox 365 663 397 723; x_wconf 89' lang='lat' dir='ltr'><strong>et</strong></span> <span class='ocrx_word' id='word_1_4' title='bbox 423 654 562 721; x_wconf 84' lang='lat' dir='ltr'><strong>fidelibus</strong></span> <span class='ocrx_word' id='word_1_5' title='bbox 586 655 698 720; x_wconf 86' lang='lat' dir='ltr'><strong>nostris</strong></span> <span class='ocrx_word' id='word_1_6' title='bbox 727 661 758 721; x_wconf 89' lang='lat' dir='ltr'><strong>et</strong></span> <span class='ocrx_word' id='word_1_7' title='bbox 784 654 955 721; x_wconf 81' lang='lat' dir='ltr'><strong>fautoribus</strong></span> <span class='ocrx_word' id='word_1_8' title='bbox 983 654 1014 718; x_wconf 89' lang='lat' dir='ltr'><strong>iu</strong></span> <span class='ocrx_word' id='word_1_9' title='bbox 1041 655 1151 719; x_wconf 84' lang='lat' dir='ltr'><strong>uestris</strong></span> <span class='ocrx_word' id='word_1_10' title='bbox 1177 653 1365 719; x_wconf 79' lang='lat' dir='ltr'><strong>districtibus</strong></span> <span class='ocrx_word' id='word_1_11' title='bbox 1382 653 1424 743; x_wconf 86' lang='grc' dir='ltr'><strong>α)</strong></span> 
     </span>
     <span class='ocr_line' id='line_1_3' title="bbox 223 763 1422 850; baseline -0.003 -20"><span class='ocrx_word' id='word_1_12' title='bbox 223 764 330 831; x_wconf 79' lang='lat' dir='ltr'><strong>efficax</strong></span> <span class='ocrx_word' id='word_1_13' title='bbox 357 766 495 850; x_wconf 86' lang='lat' dir='ltr'><strong>oportuni</strong></span> <span class='ocrx_word' id='word_1_14' title='bbox 522 764 682 847; x_wconf 88' lang='lat' dir='ltr'><strong>patrocinii</strong></span> <span class='ocrx_word' id='word_1_15' title='bbox 710 763 898 848; x_wconf 90' lang='lat' dir='ltr'><strong>pretendatis</strong></span> <span class='ocrx_word' id='word_1_16' title='bbox 926 763 1132 829; x_wconf 86' lang='lat' dir='ltr'><strong>umbraculum</strong></span> <span class='ocrx_word' id='word_1_17' title='bbox 1159 770 1189 827; x_wconf 89' lang='lat' dir='ltr'><strong>et</strong></span> <span class='ocrx_word' id='word_1_18' title='bbox 1212 763 1355 828; x_wconf 88' lang='lat' dir='ltr'><strong>solaciusi</strong></span> <span class='ocrx_word' id='word_1_19' title='bbox 1379 764 1422 849; x_wconf 86' lang='lat' dir='ltr'><strong>a)</strong></span> 
     </span>
     <span class='ocr_line' id='line_1_4' title="bbox 224 870 1423 956; baseline -0.003 -17"><span class='ocrx_word' id='word_1_20' title='bbox 224 874 345 939; x_wconf 88' lang='lat' dir='ltr'><strong>consilii</strong></span> <span class='ocrx_word' id='word_1_21' title='bbox 361 873 580 947; x_wconf 82' lang='lat' dir='ltr'><strong>fulcimentum,</strong></span> <span class='ocrx_word' id='word_1_22' title='bbox 596 878 686 956; x_wconf 89' lang='lat' dir='ltr'><strong>prout</strong></span> <span class='ocrx_word' id='word_1_23' title='bbox 701 872 803 938; x_wconf 87' lang='lat' dir='ltr'><strong>dilecti</strong></span> <span class='ocrx_word' id='word_1_24' title='bbox 819 871 924 936; x_wconf 88' lang='lat' dir='ltr'><strong>fideles</strong></span> <span class='ocrx_word' id='word_1_25' title='bbox 941 873 1037 937; x_wconf 82' lang='lat' dir='ltr'>nostri</span> <span class='ocrx_word' id='word_1_26' title='bbox 1054 870 1090 936; x_wconf 94' lang='lat' dir='ltr'><strong>N.</strong></span> <span class='ocrx_word' id='word_1_27' title='bbox 1110 878 1141 937; x_wconf 93' lang='lat' dir='ltr'><strong>et</strong></span> <span class='ocrx_word' id='word_1_28' title='bbox 1156 871 1193 937; x_wconf 90' lang='lat' dir='ltr'><strong>N.</strong></span> <span class='ocrx_word' id='word_1_29' title='bbox 1212 871 1423 938; x_wconf 80' lang='lat' dir='ltr'><strong>celsitudinem</strong></span> 
     </span>
     <span class='ocr_line' id='line_1_5' title="bbox 222 980 797 1069; baseline -0.005 -21"><span class='ocrx_word' id='word_1_30' title='bbox 222 983 339 1067; x_wconf 91' lang='lat' dir='ltr'><strong>regiam</strong></span> <span class='ocrx_word' id='word_1_31' title='bbox 356 982 495 1048; x_wconf 84' lang='lat' dir='ltr'><strong>duxerint</strong></span> <span class='ocrx_word' id='word_1_32' title='bbox 510 980 728 1047; x_wconf 90' lang='lat' dir='ltr'><strong>informandam</strong></span> <span class='ocrx_word' id='word_1_33' title='bbox 746 981 797 1069; x_wconf 84' lang='grc' dir='ltr'><strong>β).</strong></span> 
     </span>
    </p>
   </div>
   <div class='ocr_carea' id='block_1_3' title="bbox 216 1142 1422 2577">
    <p class='ocr_par' dir='ltr' id='par_1_3' title="bbox 218 1142 1421 1852">
     <span class='ocr_line' id='line_1_6' title="bbox 312 1142 1420 1217; baseline -0.003 -15"><span class='ocrx_word' id='word_1_34' title='bbox 312 1147 505 1217; x_wconf 75' lang='lat' dir='ltr'><strong>llrgdnzungan</strong></span> <span class='ocrx_word' id='word_1_35' title='bbox 531 1162 579 1201; x_wconf 85' lang='lat' dir='ltr'><strong>aus</strong></span> <span class='ocrx_word' id='word_1_36' title='bbox 604 1145 720 1200; x_wconf 87' lang='lat' dir='ltr'><strong>Gerbert</strong></span> <span class='ocrx_word' id='word_1_37' title='bbox 744 1161 772 1216; x_wconf 91' lang='lat' dir='ltr'><strong>p.</strong></span> <span class='ocrx_word' id='word_1_38' title='bbox 799 1142 860 1197; x_wconf 73' lang='lat'><strong>155.</strong></span> <span class='ocrx_word' id='word_1_39' title='bbox 881 1174 915 1186; x_wconf 90' lang='lat'>-</span> <span class='ocrx_word' id='word_1_40' title='bbox 935 1143 969 1216; x_wconf 84' lang='grc' dir='ltr'><strong>α)</strong></span> <span class='ocrx_word' id='word_1_41' title='bbox 996 1143 1039 1198; x_wconf 81' lang='lat' dir='ltr'><strong>fiir</strong></span> <span class='ocrx_word' id='word_1_42' title='bbox 1064 1144 1089 1196; x_wconf 92' lang='lat' dir='ltr'><strong>in</strong></span> <span class='ocrx_word' id='word_1_43' title='bbox 1117 1144 1212 1199; x_wconf 86' lang='lat' dir='ltr'><strong>vestris</strong></span> <span class='ocrx_word' id='word_1_44' title='bbox 1238 1143 1420 1200; x_wconf 81' lang='lat' dir='ltr'><strong>districtibusr</strong></span> 
     </span>
     <span class='ocr_line' id='line_1_7' title="bbox 220 1231 1420 1310; baseline -0.003 -19"><span class='ocrx_word' id='word_1_45' title='bbox 220 1238 247 1292; x_wconf 91' lang='lat' dir='ltr'><strong>in</strong></span> <span class='ocrx_word' id='word_1_46' title='bbox 261 1236 369 1310; x_wconf 79' lang='lat' dir='ltr'><strong>Styriae</strong></span> <span class='ocrx_word' id='word_1_47' title='bbox 383 1253 415 1291; x_wconf 86' lang='lat' dir='ltr'><strong>ac</strong></span> <span class='ocrx_word' id='word_1_48' title='bbox 428 1237 554 1303; x_wconf 69' lang='lat' dir='ltr'><strong>lustriae</strong></span> <span class='ocrx_word' id='word_1_49' title='bbox 567 1235 715 1289; x_wconf 85' lang='lat' dir='ltr'><strong>ducatibus.</strong></span> <span class='ocrx_word' id='word_1_50' title='bbox 724 1263 756 1273; x_wconf 87' lang='lat'>-</span> <span class='ocrx_word' id='word_1_51' title='bbox 764 1231 799 1304; x_wconf 85' lang='grc' dir='ltr'><strong>β)</strong></span> <span class='ocrx_word' id='word_1_52' title='bbox 813 1235 869 1288; x_wconf 85' lang='lat' dir='ltr'><strong>llos</strong></span> <span class='ocrx_word' id='word_1_53' title='bbox 882 1233 949 1287; x_wconf 87' lang='lat' dir='ltr'><strong>onim</strong></span> <span class='ocrx_word' id='word_1_54' title='bbox 962 1233 988 1288; x_wconf 91' lang='lat' dir='ltr'><strong>in</strong></span> <span class='ocrx_word' id='word_1_55' title='bbox 1001 1232 1108 1288; x_wconf 77' lang='lat' dir='ltr'><strong>ciuitate</strong></span> <span class='ocrx_word' id='word_1_56' title='bbox 1122 1236 1213 1289; x_wconf 81' lang='lat' dir='ltr'><strong>uostm</strong></span> <span class='ocrx_word' id='word_1_57' title='bbox 1225 1233 1420 1298; x_wconf 72' lang='lat' dir='ltr'><strong>Viennensi,</strong></span> 
     </span>
     <span class='ocr_line' id='line_1_8' title="bbox 220 1322 1421 1396; baseline 0 -13"><span class='ocrx_word' id='word_1_58' title='bbox 220 1331 314 1396; x_wconf 82' lang='lat' dir='ltr'><strong>utpote</strong></span> <span class='ocrx_word' id='word_1_59' title='bbox 326 1326 384 1394; x_wconf 85' lang='lat' dir='ltr'><strong>regi</strong></span> <span class='ocrx_word' id='word_1_60' title='bbox 397 1325 537 1380; x_wconf 78' lang='lat' dir='ltr'><strong>Bobeniae</strong></span> <span class='ocrx_word' id='word_1_61' title='bbox 549 1325 723 1389; x_wconf 83' lang='lat' dir='ltr'><strong>contermina,</strong></span> <span class='ocrx_word' id='word_1_62' title='bbox 736 1339 838 1379; x_wconf 78' lang='lat' dir='ltr'><strong>moram</strong></span> <span class='ocrx_word' id='word_1_63' title='bbox 850 1323 941 1378; x_wconf 86' lang='lat' dir='ltr'><strong>utilem</strong></span> <span class='ocrx_word' id='word_1_64' title='bbox 950 1323 1001 1378; x_wconf 81' lang='lat' dir='ltr'><strong>ista</strong></span> <span class='ocrx_word' id='word_1_65' title='bbox 1014 1323 1072 1378; x_wconf 85' lang='lat' dir='ltr'><strong>ricc</strong></span> <span class='ocrx_word' id='word_1_66' title='bbox 1085 1322 1274 1386; x_wconf 83' lang='lat' dir='ltr'><strong>contrabimus,</strong></span> <span class='ocrx_word' id='word_1_67' title='bbox 1287 1327 1318 1379; x_wconf 89' lang='lat' dir='ltr'><strong>ut</strong></span> <span class='ocrx_word' id='word_1_68' title='bbox 1335 1325 1358 1378; x_wconf 89' lang='lat' dir='ltr'><strong>si</strong></span> <span class='ocrx_word' id='word_1_69' title='bbox 1372 1342 1421 1383; x_wconf 80' lang='lat' dir='ltr'><strong>rex</strong></span> 
     </span>
     <span class='ocr_line' id='line_1_9' title="bbox 218 1414 1417 1490; baseline -0.003 -18"><span class='ocrx_word' id='word_1_70' title='bbox 218 1417 376 1490; x_wconf 86' lang='lat' dir='ltr'><strong>praedictus</strong></span> <span class='ocrx_word' id='word_1_71' title='bbox 398 1415 552 1471; x_wconf 87' lang='lat' dir='ltr'><strong>temerarios</strong></span> <span class='ocrx_word' id='word_1_72' title='bbox 574 1414 690 1487; x_wconf 84' lang='lat' dir='ltr'><strong>impetus</strong></span> <span class='ocrx_word' id='word_1_73' title='bbox 709 1431 821 1486; x_wconf 84' lang='lat' dir='ltr'><strong>gressus</strong></span> <span class='ocrx_word' id='word_1_74' title='bbox 838 1415 878 1469; x_wconf 87' lang='lat' dir='ltr'><strong>sui</strong></span> <span class='ocrx_word' id='word_1_75' title='bbox 902 1414 928 1467; x_wconf 92' lang='lat' dir='ltr'><strong>in</strong></span> <span class='ocrx_word' id='word_1_76' title='bbox 948 1414 1109 1468; x_wconf 73' lang='lat' dir='ltr'><strong>attritionem</strong></span> <span class='ocrx_word' id='word_1_77' title='bbox 1132 1415 1251 1486; x_wconf 88' lang='lat' dir='ltr'><strong>ipsorum</strong></span> <span class='ocrx_word' id='word_1_78' title='bbox 1264 1417 1417 1468; x_wconf 87' lang='lat' dir='ltr'><strong>nostrorum</strong></span> 
     </span>
     <span class='ocr_line' id='line_1_10' title="bbox 219 1505 1420 1578; baseline -0.002 -16"><span class='ocrx_word' id='word_1_79' title='bbox 219 1507 335 1563; x_wconf 82' lang='lat' dir='ltr'><strong>bdelium</strong></span> <span class='ocrx_word' id='word_1_80' title='bbox 347 1508 419 1563; x_wconf 86' lang='lat' dir='ltr'><strong>forte</strong></span> <span class='ocrx_word' id='word_1_81' title='bbox 438 1507 580 1570; x_wconf 73' lang='lat' dir='ltr'><strong>direxerit,</strong></span> <span class='ocrx_word' id='word_1_82' title='bbox 602 1507 689 1578; x_wconf 87' lang='lat' dir='ltr'><strong>ipsum</strong></span> <span class='ocrx_word' id='word_1_83' title='bbox 708 1522 723 1561; x_wconf 81' lang='lat' dir='ltr'><strong>u</strong></span> <span class='ocrx_word' id='word_1_84' title='bbox 742 1509 821 1575; x_wconf 87' lang='lat' dir='ltr'><strong>tergo</strong></span> <span class='ocrx_word' id='word_1_85' title='bbox 840 1505 952 1562; x_wconf 86' lang='lat' dir='ltr'><strong>viriliter</strong></span> <span class='ocrx_word' id='word_1_86' title='bbox 969 1505 1158 1577; x_wconf 85' lang='lat' dir='ltr'><strong>insequentes,</strong></span> <span class='ocrx_word' id='word_1_87' title='bbox 1183 1506 1294 1561; x_wconf 88' lang='lat' dir='ltr'><strong>eundem</strong></span> <span class='ocrx_word' id='word_1_88' title='bbox 1316 1523 1420 1578; x_wconf 86' lang='lat' dir='ltr'><strong>regem,</strong></span> 
     </span>
     <span class='ocr_line' id='line_1_11' title="bbox 220 1596 1420 1676; baseline -0.003 -23"><span class='ocrx_word' id='word_1_89' title='bbox 220 1597 365 1671; x_wconf 84' lang='lat' dir='ltr'><strong>praedictis</strong></span> <span class='ocrx_word' id='word_1_90' title='bbox 383 1597 504 1676; x_wconf 80' lang='lat' dir='ltr'><strong>fidelibps</strong></span> <span class='ocrx_word' id='word_1_91' title='bbox 524 1597 622 1651; x_wconf 89' lang='lat' dir='ltr'><strong>nostris</strong></span> <span class='ocrx_word' id='word_1_92' title='bbox 640 1597 758 1660; x_wconf 85' lang='lat' dir='ltr'><strong>illaesis,</strong></span> <span class='ocrx_word' id='word_1_93' title='bbox 781 1596 890 1651; x_wconf 78' lang='lat' dir='ltr'><strong>allidere</strong></span> <span class='ocrx_word' id='word_1_94' title='bbox 908 1596 1047 1651; x_wconf 86' lang='lat' dir='ltr'><strong>valeamus.</strong></span> <span class='ocrx_word' id='word_1_95' title='bbox 1074 1598 1128 1652; x_wconf 88' lang='lat' dir='ltr'><strong>Vos</strong></span> <span class='ocrx_word' id='word_1_96' title='bbox 1147 1597 1237 1668; x_wconf 85' lang='lat' dir='ltr'><strong>itaque</strong></span> <span class='ocrx_word' id='word_1_97' title='bbox 1256 1614 1420 1669; x_wconf 86' lang='lat' dir='ltr'><strong>quaesumus</strong></span> 
     </span>
     <span class='ocr_line' id='line_1_12' title="bbox 222 1687 1421 1759; baseline -0.001 -15"><span class='ocrx_word' id='word_1_98' title='bbox 222 1690 297 1745; x_wconf 90' lang='lat' dir='ltr'><strong>nobis</strong></span> <span class='ocrx_word' id='word_1_99' title='bbox 311 1705 371 1743; x_wconf 88' lang='lat' dir='ltr'><strong>eum</strong></span> <span class='ocrx_word' id='word_1_100' title='bbox 391 1687 562 1743; x_wconf 87' lang='lat' dir='ltr'><strong>festinatione</strong></span> <span class='ocrx_word' id='word_1_101' title='bbox 586 1687 740 1751; x_wconf 88' lang='lat' dir='ltr'><strong>rescribite,</strong></span> <span class='ocrx_word' id='word_1_102' title='bbox 770 1687 835 1758; x_wconf 89' lang='lat' dir='ltr'><strong>quid</strong></span> <span class='ocrx_word' id='word_1_103' title='bbox 857 1704 939 1758; x_wconf 90' lang='lat' dir='ltr'><strong>super</strong></span> <span class='ocrx_word' id='word_1_104' title='bbox 961 1687 1115 1758; x_wconf 71' lang='lat' dir='ltr'><strong>praemissis</strong></span> <span class='ocrx_word' id='word_1_105' title='bbox 1136 1688 1163 1742; x_wconf 97' lang='lat' dir='ltr'><strong>in</strong></span> <span class='ocrx_word' id='word_1_106' title='bbox 1176 1693 1266 1744; x_wconf 83' lang='lat' dir='ltr'><strong>restro</strong></span> <span class='ocrx_word' id='word_1_107' title='bbox 1279 1687 1421 1759; x_wconf 88' lang='lat' dir='ltr'><strong>proposito</strong></span> 
     </span>
     <span class='ocr_line' id='line_1_13' title="bbox 225 1777 757 1852; baseline -0.011 -16"><span class='ocrx_word' id='word_1_108' title='bbox 225 1779 327 1852; x_wconf 77' lang='lat' dir='ltr'><strong>geritur</strong></span> <span class='ocrx_word' id='word_1_109' title='bbox 340 1781 367 1833; x_wconf 87' lang='lat' dir='ltr'><strong>al</strong></span> <span class='ocrx_word' id='word_1_110' title='bbox 379 1778 405 1831; x_wconf 90' lang='lat' dir='ltr'><strong>in</strong></span> <span class='ocrx_word' id='word_1_111' title='bbox 418 1778 585 1848; x_wconf 85' lang='lat' dir='ltr'><strong>beneplacito</strong></span> <span class='ocrx_word' id='word_1_112' title='bbox 598 1777 757 1833; x_wconf 64' lang='lat' dir='ltr'><strong>continetur,</strong></span> 
     </span>
    </p>

    <p class='ocr_par' dir='ltr' id='par_1_4' title="bbox 216 1867 1422 2577">
     <span class='ocr_line' id='line_1_14' title="bbox 311 1867 1422 1939; baseline -0.001 -14"><span class='ocrx_word' id='word_1_113' title='bbox 311 1869 359 1926; x_wconf 87' lang='lat' dir='ltr'><strong>Die</strong></span> <span class='ocrx_word' id='word_1_114' title='bbox 372 1867 634 1938; x_wconf 79' lang='lat' dir='ltr'><strong>ErwdbnungWieus</strong></span> <span class='ocrx_word' id='word_1_115' title='bbox 646 1869 700 1923; x_wconf 90' lang='lat' dir='ltr'><strong>und</strong></span> <span class='ocrx_word' id='word_1_116' title='bbox 714 1868 762 1924; x_wconf 89' lang='lat' dir='ltr'><strong>des</strong></span> <span class='ocrx_word' id='word_1_117' title='bbox 772 1868 873 1939; x_wconf 81' lang='lat' dir='ltr'><strong>lldnigs</strong></span> <span class='ocrx_word' id='word_1_118' title='bbox 885 1867 1058 1924; x_wconf 80' lang='lat' dir='ltr'><strong>ronBobmen</strong></span> <span class='ocrx_word' id='word_1_119' title='bbox 1071 1870 1162 1924; x_wconf 86' lang='lat' dir='ltr'><strong>macbt</strong></span> <span class='ocrx_word' id='word_1_120' title='bbox 1175 1886 1204 1924; x_wconf 91' lang='lat' dir='ltr'><strong>es</strong></span> <span class='ocrx_word' id='word_1_121' title='bbox 1216 1869 1422 1934; x_wconf 80' lang='lat' dir='ltr'><strong>unrweifelbaft,</strong></span> 
     </span>
     <span class='ocr_line' id='line_1_15' title="bbox 220 1959 1417 2030; baseline -0.002 -13"><span class='ocrx_word' id='word_1_122' title='bbox 220 1963 284 2018; x_wconf 87' lang='lat' dir='ltr'><strong>dass</strong></span> <span class='ocrx_word' id='word_1_123' title='bbox 307 1961 355 2016; x_wconf 87' lang='lat' dir='ltr'><strong>der</strong></span> <span class='ocrx_word' id='word_1_124' title='bbox 367 1960 443 2016; x_wconf 85' lang='lat' dir='ltr'><strong>Brief</strong></span> <span class='ocrx_word' id='word_1_125' title='bbox 462 1975 512 2014; x_wconf 88' lang='lat' dir='ltr'><strong>ron</strong></span> <span class='ocrx_word' id='word_1_126' title='bbox 525 1960 555 2013; x_wconf 84' lang='lat' dir='ltr'><strong>ll.</strong></span> <span class='ocrx_word' id='word_1_127' title='bbox 569 1959 669 2013; x_wconf 84' lang='lat' dir='ltr'><strong>liudolf</strong></span> <span class='ocrx_word' id='word_1_128' title='bbox 687 1959 822 2023; x_wconf 79' lang='lat' dir='ltr'><strong>berrdbrf,</strong></span> <span class='ocrx_word' id='word_1_129' title='bbox 836 1960 890 2015; x_wconf 90' lang='lat' dir='ltr'><strong>und</strong></span> <span class='ocrx_word' id='word_1_130' title='bbox 912 1960 945 2014; x_wconf 89' lang='lat' dir='ltr'><strong>da</strong></span> <span class='ocrx_word' id='word_1_131' title='bbox 967 1976 997 2014; x_wconf 87' lang='lat' dir='ltr'><strong>cr</strong></span> <span class='ocrx_word' id='word_1_132' title='bbox 1019 1975 1051 2014; x_wconf 86' lang='lat' dir='ltr'><strong>an</strong></span> <span class='ocrx_word' id='word_1_133' title='bbox 1072 1960 1149 2016; x_wconf 85' lang='lat' dir='ltr'><strong>einen</strong></span> <span class='ocrx_word' id='word_1_134' title='bbox 1169 1959 1257 2030; x_wconf 81' lang='lat' dir='ltr'><strong>Kdnig</strong></span> <span class='ocrx_word' id='word_1_135' title='bbox 1278 1960 1417 2030; x_wconf 76' lang='lat' dir='ltr'><strong>goriebtet</strong></span> 
     </span>
     <span class='ocr_line' id='line_1_16' title="bbox 218 2048 1421 2121; baseline -0.002 -13"><span class='ocrx_word' id='word_1_136' title='bbox 218 2055 268 2119; x_wconf 86' lang='lat' dir='ltr'><strong>ist,</strong></span> <span class='ocrx_word' id='word_1_137' title='bbox 291 2070 322 2108; x_wconf 91' lang='lat' dir='ltr'><strong>so</strong></span> <span class='ocrx_word' id='word_1_138' title='bbox 345 2052 413 2105; x_wconf 78' lang='lat' dir='ltr'><strong>kann</strong></span> <span class='ocrx_word' id='word_1_139' title='bbox 435 2050 483 2105; x_wconf 85' lang='lat' dir='ltr'><strong>das</strong></span> <span class='ocrx_word' id='word_1_140' title='bbox 504 2065 553 2102; x_wconf 91' lang='lat' dir='ltr'><strong>nur</strong></span> <span class='ocrx_word' id='word_1_141' title='bbox 578 2049 627 2105; x_wconf 91' lang='lat' dir='ltr'><strong>der</strong></span> <span class='ocrx_word' id='word_1_142' title='bbox 639 2051 671 2103; x_wconf 85' lang='lat' dir='ltr'><strong>ll.</strong></span> <span class='ocrx_word' id='word_1_143' title='bbox 684 2049 826 2107; x_wconf 85' lang='lat' dir='ltr'><strong>Ladislaus</strong></span> <span class='ocrx_word' id='word_1_144' title='bbox 850 2066 900 2104; x_wconf 81' lang='lat' dir='ltr'><strong>von</strong></span> <span class='ocrx_word' id='word_1_145' title='bbox 913 2050 1020 2121; x_wconf 83' lang='lat' dir='ltr'><strong>Ungarn</strong></span> <span class='ocrx_word' id='word_1_146' title='bbox 1043 2048 1107 2104; x_wconf 89' lang='lat' dir='ltr'><strong>sein.</strong></span> <span class='ocrx_word' id='word_1_147' title='bbox 1135 2051 1172 2105; x_wconf 91' lang='lat' dir='ltr'><strong>So</strong></span> <span class='ocrx_word' id='word_1_148' title='bbox 1195 2050 1327 2105; x_wconf 85' lang='lat' dir='ltr'><strong>bericbtet</strong></span> <span class='ocrx_word' id='word_1_149' title='bbox 1348 2052 1421 2105; x_wconf 82' lang='lat' dir='ltr'><strong>anob</strong></span> 
     </span>
     <span class='ocr_line' id='line_1_17' title="bbox 218 2139 1422 2202; baseline -0.002 -2"><span class='ocrx_word' id='word_1_150' title='bbox 218 2145 315 2202; x_wconf 78' lang='lat' dir='ltr'><strong>chron.</strong></span> <span class='ocrx_word' id='word_1_151' title='bbox 329 2142 412 2197; x_wconf 82' lang='lat' dir='ltr'><strong>Colm.</strong></span> <span class='ocrx_word' id='word_1_152' title='bbox 438 2141 472 2194; x_wconf 90' lang='lat' dir='ltr'><strong>ld.</strong></span> <span class='ocrx_word' id='word_1_153' title='bbox 487 2140 519 2194; x_wconf 88' lang='lat' dir='ltr'><strong>G.</strong></span> <span class='ocrx_word' id='word_1_154' title='bbox 539 2139 587 2195; x_wconf 87' lang='lat' dir='ltr'><strong>SS.</strong></span> <span class='ocrx_word' id='word_1_155' title='bbox 615 2139 659 2202; x_wconf 76' lang='lat'><strong>17,</strong></span> <span class='ocrx_word' id='word_1_156' title='bbox 684 2139 753 2195; x_wconf 74' lang='lat'><strong>249:</strong></span> <span class='ocrx_word' id='word_1_157' title='bbox 780 2141 852 2195; x_wconf 88' lang='lat' dir='ltr'><strong>llaec</strong></span> <span class='ocrx_word' id='word_1_158' title='bbox 877 2141 988 2197; x_wconf 86' lang='lat' dir='ltr'><strong>audiens</strong></span> <span class='ocrx_word' id='word_1_159' title='bbox 1013 2158 1061 2196; x_wconf 83' lang='lat' dir='ltr'><strong>rex</strong></span> <span class='ocrx_word' id='word_1_160' title='bbox 1086 2141 1261 2195; x_wconf 85' lang='lat' dir='ltr'><strong>Romanorum</strong></span> <span class='ocrx_word' id='word_1_161' title='bbox 1286 2143 1422 2198; x_wconf 85' lang='lat' dir='ltr'><strong>mandavit</strong></span> 
     </span>
     <span class='ocr_line' id='line_1_18' title="bbox 216 2230 1418 2308; baseline -0.004 -18"><span class='ocrx_word' id='word_1_162' title='bbox 216 2234 381 2308; x_wconf 89' lang='lat' dir='ltr'><strong>principibus</strong></span> <span class='ocrx_word' id='word_1_163' title='bbox 408 2230 477 2294; x_wconf 92' lang='lat' dir='ltr'><strong>suis,</strong></span> <span class='ocrx_word' id='word_1_164' title='bbox 503 2231 561 2302; x_wconf 83' lang='lat' dir='ltr'><strong>regi</strong></span> <span class='ocrx_word' id='word_1_165' title='bbox 588 2230 693 2285; x_wconf 86' lang='lat' dir='ltr'><strong>scilicet</strong></span> <span class='ocrx_word' id='word_1_166' title='bbox 713 2230 856 2302; x_wconf 88' lang='lat' dir='ltr'><strong>Ungariae,</strong></span> <span class='ocrx_word' id='word_1_167' title='bbox 882 2230 944 2286; x_wconf 88' lang='lat' dir='ltr'><strong>duci</strong></span> <span class='ocrx_word' id='word_1_168' title='bbox 972 2231 1128 2286; x_wconf 81' lang='lat' dir='ltr'><strong>saxoniae.</strong></span> <span class='ocrx_word' id='word_1_169' title='bbox 1150 2270 1157 2283; x_wconf 83' lang='lat'><strong>.</strong></span> <span class='ocrx_word' id='word_1_170' title='bbox 1177 2270 1184 2285; x_wconf 90' lang='lat'><strong>.</strong></span> <span class='ocrx_word' id='word_1_171' title='bbox 1205 2230 1331 2302; x_wconf 76' lang='lat' dir='ltr'><strong>quatinus</strong></span> <span class='ocrx_word' id='word_1_172' title='bbox 1356 2249 1418 2286; x_wconf 83' lang='lat' dir='ltr'><strong>cunr</strong></span> 
     </span>
     <span class='ocr_line' id='line_1_19' title="bbox 218 2319 1413 2393; baseline -0.005 -11"><span class='ocrx_word' id='word_1_173' title='bbox 218 2326 339 2382; x_wconf 88' lang='lat' dir='ltr'><strong>omnibus</strong></span> <span class='ocrx_word' id='word_1_174' title='bbox 362 2323 470 2379; x_wconf 84' lang='lat' dir='ltr'><strong>armatis</strong></span> <span class='ocrx_word' id='word_1_175' title='bbox 493 2322 590 2392; x_wconf 89' lang='lat' dir='ltr'><strong>quibus</strong></span> <span class='ocrx_word' id='word_1_176' title='bbox 613 2325 726 2391; x_wconf 87' lang='lat' dir='ltr'><strong>possent</strong></span> <span class='ocrx_word' id='word_1_177' title='bbox 745 2321 771 2375; x_wconf 91' lang='lat' dir='ltr'><strong>in</strong></span> <span class='ocrx_word' id='word_1_178' title='bbox 790 2319 949 2377; x_wconf 80' lang='lat' dir='ltr'><strong>adiutorium</strong></span> <span class='ocrx_word' id='word_1_179' title='bbox 977 2322 1027 2377; x_wconf 86' lang='lat' dir='ltr'><strong>aibi</strong></span> <span class='ocrx_word' id='word_1_180' title='bbox 1045 2322 1133 2377; x_wconf 92' lang='lat' dir='ltr'><strong>subito</strong></span> <span class='ocrx_word' id='word_1_181' title='bbox 1152 2322 1329 2393; x_wconf 76' lang='lat' dir='ltr'><strong>pervenirent.</strong></span> <span class='ocrx_word' id='word_1_182' title='bbox 1350 2362 1357 2376; x_wconf 91' lang='lat'><strong>.</strong></span> <span class='ocrx_word' id='word_1_183' title='bbox 1377 2362 1384 2377; x_wconf 90' lang='lat'><strong>.</strong></span> <span class='ocrx_word' id='word_1_184' title='bbox 1405 2363 1413 2376; x_wconf 92' lang='lat'><strong>.</strong></span> 
     </span>
     <span class='ocr_line' id='line_1_20' title="bbox 217 2411 1419 2487; baseline -0.005 -15"><span class='ocrx_word' id='word_1_185' title='bbox 217 2418 272 2472; x_wconf 84' lang='lat' dir='ltr'><strong>Rex</strong></span> <span class='ocrx_word' id='word_1_186' title='bbox 281 2415 414 2487; x_wconf 81' lang='lat' dir='ltr'><strong>Ungariae</strong></span> <span class='ocrx_word' id='word_1_187' title='bbox 423 2429 513 2484; x_wconf 85' lang='lat' dir='ltr'><strong>regem</strong></span> <span class='ocrx_word' id='word_1_188' title='bbox 522 2411 691 2482; x_wconf 85' lang='lat' dir='ltr'><strong>Rudolpbum</strong></span> <span class='ocrx_word' id='word_1_189' title='bbox 702 2413 851 2469; x_wconf 85' lang='lat' dir='ltr'><strong>clementer</strong></span> <span class='ocrx_word' id='word_1_190' title='bbox 861 2412 1002 2477; x_wconf 75' lang='lat' dir='ltr'><strong>exaudivit,</strong></span> <span class='ocrx_word' id='word_1_191' title='bbox 1013 2416 1041 2468; x_wconf 86' lang='lat' dir='ltr'><strong>et</strong></span> <span class='ocrx_word' id='word_1_192' title='bbox 1050 2413 1084 2467; x_wconf 86' lang='lat' dir='ltr'><strong>ad</strong></span> <span class='ocrx_word' id='word_1_193' title='bbox 1094 2411 1227 2466; x_wconf 87' lang='lat' dir='ltr'><strong>ciuitatem</strong></span> <span class='ocrx_word' id='word_1_194' title='bbox 1233 2411 1419 2468; x_wconf 82' lang='lat' dir='ltr'><strong>Wienncnsem</strong></span> 
     </span>
     <span class='ocr_line' id='line_1_21' title="bbox 220 2501 1237 2577; baseline -0.006 -15"><span class='ocrx_word' id='word_1_195' title='bbox 220 2503 494 2577; x_wconf 80' lang='lat' dir='ltr'><strong>cumquotuordecim</strong></span> <span class='ocrx_word' id='word_1_196' title='bbox 507 2501 621 2559; x_wconf 86' lang='lat' dir='ltr'><strong>millibus</strong></span> <span class='ocrx_word' id='word_1_197' title='bbox 634 2503 770 2558; x_wconf 88' lang='lat' dir='ltr'><strong>bominum</strong></span> <span class='ocrx_word' id='word_1_198' title='bbox 784 2504 858 2559; x_wconf 85' lang='lat' dir='ltr'><strong>venit</strong></span> <span class='ocrx_word' id='word_1_199' title='bbox 870 2504 902 2558; x_wconf 91' lang='lat' dir='ltr'><strong>ad</strong></span> <span class='ocrx_word' id='word_1_200' title='bbox 917 2506 1048 2576; x_wconf 90' lang='lat' dir='ltr'><strong>praelium</strong></span> <span class='ocrx_word' id='word_1_201' title='bbox 1061 2504 1237 2576; x_wconf 81' lang='lat' dir='ltr'><strong>praeparatis.</strong></span> 
     </span>
    </p>
   </div>
   <div class='ocr_carea' id='block_1_4' title="bbox 790 2693 855 2764">
    <p class='ocr_par' dir='ltr' id='par_1_5' title="bbox 790 2693 855 2764">
     <span class='ocr_line' id='line_1_22' title="bbox 790 2693 855 2764; baseline 0 -1"><span class='ocrx_word' id='word_1_202' title='bbox 790 2693 855 2764; x_wconf 82' lang='lat'><strong>23.</strong></span> 
     </span>
    </p>
   </div>
   <div class='ocr_carea' id='block_1_5' title="bbox 598 2870 1034 2951">
    <p class='ocr_par' dir='ltr' id='par_1_6' title="bbox 598 2870 1034 2951">
     <span class='ocr_line' id='line_1_23' title="bbox 598 2870 1034 2951; baseline 0.005 -18"><span class='ocrx_word' id='word_1_203' title='bbox 598 2870 682 2934; x_wconf 77' lang='lat' dir='ltr'><strong>dives</strong></span> <span class='ocrx_word' id='word_1_204' title='bbox 698 2870 729 2934; x_wconf 89' lang='lat' dir='ltr'><strong>ll.</strong></span> <span class='ocrx_word' id='word_1_205' title='bbox 747 2871 943 2935; x_wconf 73' lang='lat' dir='ltr'><strong>romanorun</strong></span> <span class='ocrx_word' id='word_1_206' title='bbox 959 2873 1034 2951; x_wconf 77' lang='lat' dir='ltr'><strong>regi.</strong></span> 
     </span>
    </p>
   </div>
   <div class='ocr_carea' id='block_1_6' title="bbox 776 3029 873 3093">
    <p class='ocr_par' dir='ltr' id='par_1_7' title="bbox 776 3029 873 3093">
     <span class='ocr_line' id='line_1_24' title="bbox 776 3029 873 3093; baseline 0 -10"><span class='ocrx_word' id='word_1_207' title='bbox 776 3029 856 3084; x_wconf 79' lang='lat'>1273.</span> <span class='ocrx_word' id='word_1_208' title='bbox 869 3086 873 3093; x_wconf 32' lang='lat' dir='ltr'>f</span> 
     </span>
    </p>
   </div>
   <div class='ocr_carea' id='block_1_7' title="bbox 216 3169 1420 3335">
    <p class='ocr_par' dir='ltr' id='par_1_8' title="bbox 216 3169 1420 3335">
     <span class='ocr_line' id='line_1_25' title="bbox 216 3169 1420 3245; baseline 0.002 -18"><span class='ocrx_word' id='word_1_209' title='bbox 216 3170 284 3228; x_wconf 80' lang='lat' dir='ltr'><strong>Eine</strong></span> <span class='ocrx_word' id='word_1_210' title='bbox 304 3170 579 3228; x_wconf 81' lang='lat' dir='ltr'><strong>reicbauamitfelbore</strong></span> <span class='ocrx_word' id='word_1_211' title='bbox 601 3173 682 3227; x_wconf 77' lang='lat' dir='ltr'><strong>stadt</strong></span> <span class='ocrx_word' id='word_1_212' title='bbox 703 3172 811 3243; x_wconf 72' lang='lat' dir='ltr'><strong>bezeuge</strong></span> <span class='ocrx_word' id='word_1_213' title='bbox 831 3173 890 3226; x_wconf 84' lang='lat' dir='ltr'><strong>dem</strong></span> <span class='ocrx_word' id='word_1_214' title='bbox 912 3173 1014 3245; x_wconf 76' lang='lat' dir='ltr'><strong>Kdnr&#39;pe</strong></span> <span class='ocrx_word' id='word_1_215' title='bbox 1027 3169 1133 3245; x_wconf 75' lang='lat' dir='ltr'><strong>liudolf</strong></span> <span class='ocrx_word' id='word_1_216' title='bbox 1150 3172 1210 3229; x_wconf 73' lang='lat' dir='ltr'><strong>ihre</strong></span> <span class='ocrx_word' id='word_1_217' title='bbox 1222 3176 1329 3229; x_wconf 66' lang='lat' dir='ltr'><strong>froude</strong></span> <span class='ocrx_word' id='word_1_218' title='bbox 1350 3174 1420 3229; x_wconf 79' lang='lat' dir='ltr'><strong>atder</strong></span> 
     </span>
     <span class='ocr_line' id='line_1_26' title="bbox 510 3261 1129 3335; baseline 0.003 -19"><span class='ocrx_word' id='word_1_219' title='bbox 510 3263 607 3316; x_wconf 81' lang='lat' dir='ltr'><strong>descen</strong></span> <span class='ocrx_word' id='word_1_220' title='bbox 619 3261 760 3333; x_wconf 79' lang='lat' dir='ltr'><strong>Erbebucp</strong></span> <span class='ocrx_word' id='word_1_221' title='bbox 772 3280 821 3317; x_wconf 75' lang='lat' dir='ltr'><strong>sur</strong></span> <span class='ocrx_word' id='word_1_222' title='bbox 833 3261 1002 3335; x_wconf 60' lang='lat' dir='ltr'><strong>longurios</strong></span> <span class='ocrx_word' id='word_1_223' title='bbox 1022 3265 1129 3320; x_wconf 79' lang='lat' dir='ltr'><strong>Wrirde.</strong></span> 
     </span>
    </p>
   </div>
   <div class='ocr_carea' id='block_1_8' title="bbox 311 3404 494 3469">
    <p class='ocr_par' dir='ltr' id='par_1_9' title="bbox 311 3404 494 3469">
     <span class='ocr_line' id='line_1_27' title="bbox 311 3404 494 3469; baseline -0.027 -9"><span class='ocrx_word' id='word_1_224' title='bbox 311 3405 391 3460; x_wconf 88' lang='lat' dir='ltr'><strong>Gerb.</strong></span> <span class='ocrx_word' id='word_1_225' title='bbox 411 3405 435 3469; x_wconf 86' lang='lat'><strong>1,</strong></span> <span class='ocrx_word' id='word_1_226' title='bbox 451 3404 494 3460; x_wconf 87' lang='lat' dir='ltr'><strong>it.</strong></span> 
     </span>
    </p>
   </div>
   <div class='ocr_carea' id='block_1_9' title="bbox 218 3550 1418 3962">
    <p class='ocr_par' dir='ltr' id='par_1_10' title="bbox 218 3550 1418 3962">
     <span class='ocr_line' id='line_1_28' title="bbox 308 3550 1417 3633; baseline 0.002 -18"><span class='ocrx_word' id='word_1_227' title='bbox 308 3551 376 3615; x_wconf 91' lang='lat' dir='ltr'><strong>Non</strong></span> <span class='ocrx_word' id='word_1_228' title='bbox 401 3557 448 3615; x_wconf 91' lang='lat' dir='ltr'><strong>est</strong></span> <span class='ocrx_word' id='word_1_229' title='bbox 472 3552 579 3614; x_wconf 88' lang='lat' dir='ltr'><strong>mirum</strong></span> <span class='ocrx_word' id='word_1_230' title='bbox 603 3551 629 3612; x_wconf 92' lang='lat' dir='ltr'><strong>si</strong></span> <span class='ocrx_word' id='word_1_231' title='bbox 653 3550 692 3613; x_wconf 91' lang='lat' dir='ltr'><strong>de</strong></span> <span class='ocrx_word' id='word_1_232' title='bbox 716 3556 817 3614; x_wconf 87' lang='lat' dir='ltr'><strong>vestra</strong></span> <span class='ocrx_word' id='word_1_233' title='bbox 834 3553 1030 3633; x_wconf 90' lang='lat' dir='ltr'><strong>promocione</strong></span> <span class='ocrx_word' id='word_1_234' title='bbox 1047 3554 1152 3617; x_wconf 76' lang='lat' dir='ltr'><strong>danius</strong></span> <span class='ocrx_word' id='word_1_235' title='bbox 1168 3554 1295 3617; x_wconf 89' lang='lat' dir='ltr'><strong>Domino</strong></span> <span class='ocrx_word' id='word_1_236' title='bbox 1313 3553 1417 3617; x_wconf 90' lang='lat' dir='ltr'><strong>inces-</strong></span> 
     </span>
     <span class='ocr_line' id='line_1_29' title="bbox 222 3659 1418 3742; baseline 0.004 -19"><span class='ocrx_word' id='word_1_237' title='bbox 222 3665 326 3724; x_wconf 88' lang='lat' dir='ltr'><strong>santer</strong></span> <span class='ocrx_word' id='word_1_238' title='bbox 341 3659 468 3742; x_wconf 81' lang='lat' dir='ltr'><strong>gloriam</strong></span> <span class='ocrx_word' id='word_1_239' title='bbox 486 3666 516 3723; x_wconf 87' lang='lat' dir='ltr'><strong>et</strong></span> <span class='ocrx_word' id='word_1_240' title='bbox 531 3659 689 3731; x_wconf 89' lang='lat' dir='ltr'><strong>bonorem,</strong></span> <span class='ocrx_word' id='word_1_241' title='bbox 714 3678 782 3721; x_wconf 91' lang='lat' dir='ltr'><strong>cum</strong></span> <span class='ocrx_word' id='word_1_242' title='bbox 806 3659 873 3741; x_wconf 91' lang='lat' dir='ltr'><strong>ipse</strong></span> <span class='ocrx_word' id='word_1_243' title='bbox 898 3659 935 3722; x_wconf 90' lang='lat' dir='ltr'><strong>de</strong></span> <span class='ocrx_word' id='word_1_244' title='bbox 951 3661 1064 3725; x_wconf 86' lang='lat' dir='ltr'><strong>talento</strong></span> <span class='ocrx_word' id='word_1_245' title='bbox 1082 3681 1136 3726; x_wconf 90' lang='lat' dir='ltr'><strong>suo</strong></span> <span class='ocrx_word' id='word_1_246' title='bbox 1152 3662 1239 3725; x_wconf 81' lang='lat' dir='ltr'><strong>vobis</strong></span> <span class='ocrx_word' id='word_1_247' title='bbox 1257 3663 1418 3729; x_wconf 90' lang='lat' dir='ltr'><strong>contulerit</strong></span> 
     </span>
     <span class='ocr_line' id='line_1_30' title="bbox 218 3768 1416 3852; baseline 0.002 -20"><span class='ocrx_word' id='word_1_248' title='bbox 218 3769 422 3849; x_wconf 88' lang='lat' dir='ltr'><strong>margaritam.</strong></span> <span class='ocrx_word' id='word_1_249' title='bbox 441 3768 506 3832; x_wconf 92' lang='lat' dir='ltr'><strong>Nec</strong></span> <span class='ocrx_word' id='word_1_250' title='bbox 520 3770 586 3831; x_wconf 90' lang='lat' dir='ltr'><strong>sine</strong></span> <span class='ocrx_word' id='word_1_251' title='bbox 598 3769 721 3832; x_wconf 88' lang='lat' dir='ltr'><strong>racione</strong></span> <span class='ocrx_word' id='word_1_252' title='bbox 734 3768 816 3832; x_wconf 88' lang='lat' dir='ltr'><strong>cedit</strong></span> <span class='ocrx_word' id='word_1_253' title='bbox 829 3768 918 3832; x_wconf 86' lang='lat' dir='ltr'><strong>nobis</strong></span> <span class='ocrx_word' id='word_1_254' title='bbox 929 3769 988 3833; x_wconf 91' lang='lat' dir='ltr'><strong>boc</strong></span> <span class='ocrx_word' id='word_1_255' title='bbox 1000 3771 1039 3833; x_wconf 92' lang='lat' dir='ltr'><strong>ad</strong></span> <span class='ocrx_word' id='word_1_256' title='bbox 1055 3770 1211 3834; x_wconf 86' lang='lat' dir='ltr'><strong>materiam</strong></span> <span class='ocrx_word' id='word_1_257' title='bbox 1227 3769 1416 3852; x_wconf 81' lang='lat' dir='ltr'><strong>gaudiorum,</strong></span> 
     </span>
     <span class='ocr_line' id='line_1_31' title="bbox 220 3876 1418 3962; baseline 0 -21"><span class='ocrx_word' id='word_1_258' title='bbox 220 3896 289 3941; x_wconf 90' lang='lat' dir='ltr'><strong>cum</strong></span> <span class='ocrx_word' id='word_1_259' title='bbox 317 3876 462 3941; x_wconf 89' lang='lat' dir='ltr'><strong>Dominus</strong></span> <span class='ocrx_word' id='word_1_260' title='bbox 490 3882 610 3949; x_wconf 90' lang='lat' dir='ltr'><strong>noster,</strong></span> <span class='ocrx_word' id='word_1_261' title='bbox 642 3876 882 3941; x_wconf 80' lang='lat' dir='ltr'><strong>misericorditer</strong></span> <span class='ocrx_word' id='word_1_262' title='bbox 909 3878 1021 3941; x_wconf 89' lang='lat' dir='ltr'><strong>uostris</strong></span> <span class='ocrx_word' id='word_1_263' title='bbox 1053 3878 1217 3962; x_wconf 89' lang='lat' dir='ltr'><strong>providens</strong></span> <span class='ocrx_word' id='word_1_264' title='bbox 1246 3878 1418 3951; x_wconf 90' lang='lat' dir='ltr'><strong>desideriis,</strong></span> 
     </span>
    </p>
   </div>
   <div class='ocr_carea' id='block_1_10' title="bbox 119 3983 1418 4069">
    <p class='ocr_par' dir='ltr' id='par_1_11' title="bbox 119 3983 1418 4069">
     <span class='ocr_line' id='line_1_32' title="bbox 119 3983 1418 4069; baseline 0.002 -21"><span class='ocrx_word' id='word_1_265' title='bbox 119 3983 122 3987; x_wconf 71' lang='grc'>’</span> <span class='ocrx_word' id='word_1_266' title='bbox 217 4004 343 4049; x_wconf 84' lang='lat' dir='ltr'><strong>excussa</strong></span> <span class='ocrx_word' id='word_1_267' title='bbox 360 3984 511 4065; x_wconf 84' lang='lat' dir='ltr'><strong>rubigine,</strong></span> <span class='ocrx_word' id='word_1_268' title='bbox 536 3983 573 4048; x_wconf 91' lang='lat' dir='ltr'><strong>de</strong></span> <span class='ocrx_word' id='word_1_269' title='bbox 591 3990 717 4066; x_wconf 87' lang='lat' dir='ltr'><strong>argento</strong></span> <span class='ocrx_word' id='word_1_270' title='bbox 734 3985 823 4048; x_wconf 87' lang='lat' dir='ltr'><strong>nobis</strong></span> <span class='ocrx_word' id='word_1_271' title='bbox 841 3986 1000 4049; x_wconf 87' lang='lat' dir='ltr'><strong>contulerit</strong></span> <span class='ocrx_word' id='word_1_272' title='bbox 1016 4006 1069 4050; x_wconf 88' lang='lat' dir='ltr'><strong>vas</strong></span> <span class='ocrx_word' id='word_1_273' title='bbox 1085 3987 1291 4069; x_wconf 89' lang='lat' dir='ltr'><strong>purissimum,</strong></span> <span class='ocrx_word' id='word_1_274' title='bbox 1314 3992 1418 4062; x_wconf 85' lang='lat' dir='ltr'><strong>nostre</strong></span> 
     </span>
    </p>
   </div>
   <div class='ocr_carea' id='block_1_11' title="bbox 214 4091 1487 4616">
    <p class='ocr_par' dir='ltr' id='par_1_12' title="bbox 214 4091 1487 4616">
     <span class='ocr_line' id='line_1_33' title="bbox 216 4091 1417 4186; baseline 0.003 -30"><span class='ocrx_word' id='word_1_275' title='bbox 216 4091 401 4175; x_wconf 79' lang='lat' dir='ltr'><strong>captiuitatis</strong></span> <span class='ocrx_word' id='word_1_276' title='bbox 414 4091 565 4166; x_wconf 86' lang='lat' dir='ltr'><strong>fiduciam,</strong></span> <span class='ocrx_word' id='word_1_277' title='bbox 579 4098 610 4156; x_wconf 90' lang='lat' dir='ltr'><strong>et</strong></span> <span class='ocrx_word' id='word_1_278' title='bbox 622 4095 718 4157; x_wconf 88' lang='lat' dir='ltr'><strong>nostri</strong></span> <span class='ocrx_word' id='word_1_279' title='bbox 730 4093 899 4186; x_wconf 84' lang='lat' dir='ltr'><strong>exterminii</strong></span> <span class='ocrx_word' id='word_1_280' title='bbox 911 4094 1142 4177; x_wconf 88' lang='lat' dir='ltr'><strong>redemptorem.</strong></span> <span class='ocrx_word' id='word_1_281' title='bbox 1160 4093 1236 4159; x_wconf 88' lang='lat' dir='ltr'><strong>Nam</strong></span> <span class='ocrx_word' id='word_1_282' title='bbox 1242 4096 1417 4179; x_wconf 88' lang='lat' dir='ltr'><strong>priusquam</strong></span> 
     </span>
     <span class='ocr_line' id='line_1_34' title="bbox 217 4200 1414 4289; baseline 0.004 -25"><span class='ocrx_word' id='word_1_283' title='bbox 217 4208 334 4287; x_wconf 84' lang='lat' dir='ltr'><strong>montes</strong></span> <span class='ocrx_word' id='word_1_284' title='bbox 362 4200 471 4265; x_wconf 88' lang='lat' dir='ltr'><strong>fierent</strong></span> <span class='ocrx_word' id='word_1_285' title='bbox 499 4207 550 4266; x_wconf 90' lang='lat' dir='ltr'><strong>aut</strong></span> <span class='ocrx_word' id='word_1_286' title='bbox 577 4203 760 4267; x_wconf 84' lang='lat' dir='ltr'><strong>formaretur</strong></span> <span class='ocrx_word' id='word_1_287' title='bbox 787 4209 869 4268; x_wconf 88' lang='lat' dir='ltr'><strong>terra</strong></span> <span class='ocrx_word' id='word_1_288' title='bbox 899 4209 930 4268; x_wconf 90' lang='lat' dir='ltr'><strong>ct</strong></span> <span class='ocrx_word' id='word_1_289' title='bbox 957 4204 1057 4276; x_wconf 88' lang='lat' dir='ltr'><strong>orbis,</strong></span> <span class='ocrx_word' id='word_1_290' title='bbox 1087 4225 1105 4268; x_wconf 90' lang='lat' dir='ltr'><strong>a</strong></span> <span class='ocrx_word' id='word_1_291' title='bbox 1133 4206 1237 4269; x_wconf 90' lang='lat' dir='ltr'><strong>seculo</strong></span> <span class='ocrx_word' id='word_1_292' title='bbox 1264 4206 1414 4289; x_wconf 83' lang='lat' dir='ltr'><strong>primitivo</strong></span> 
     </span>
     <span class='ocr_line' id='line_1_35' title="bbox 217 4309 1487 4398; baseline 0.002 -25"><span class='ocrx_word' id='word_1_293' title='bbox 217 4309 456 4392; x_wconf 85' lang='lat' dir='ltr'><strong>predestinatum</strong></span> <span class='ocrx_word' id='word_1_294' title='bbox 473 4311 530 4374; x_wconf 92' lang='lat' dir='ltr'><strong>fuit</strong></span> <span class='ocrx_word' id='word_1_295' title='bbox 547 4315 578 4375; x_wconf 92' lang='lat' dir='ltr'><strong>et</strong></span> <span class='ocrx_word' id='word_1_296' title='bbox 600 4312 837 4393; x_wconf 89' lang='lat' dir='ltr'><strong>preordinatum,</strong></span> <span class='ocrx_word' id='word_1_297' title='bbox 863 4311 975 4377; x_wconf 89' lang='lat' dir='ltr'><strong>debere</strong></span> <span class='ocrx_word' id='word_1_298' title='bbox 991 4332 1046 4376; x_wconf 87' lang='lat' dir='ltr'><strong>vos</strong></span> <span class='ocrx_word' id='word_1_299' title='bbox 1070 4312 1102 4376; x_wconf 90' lang='lat' dir='ltr'><strong>in</strong></span> <span class='ocrx_word' id='word_1_300' title='bbox 1118 4312 1226 4376; x_wconf 91' lang='lat' dir='ltr'><strong>tbrono</strong></span> <span class='ocrx_word' id='word_1_301' title='bbox 1250 4313 1414 4398; x_wconf 91' lang='lat' dir='ltr'><strong>imperialis</strong></span> <span class='ocrx_word' id='word_1_302' title='bbox 1485 4339 1487 4342; x_wconf 58' lang='grc'>’</span> 
     </span>
     <span class='ocr_line' id='line_1_36' title="bbox 215 4419 1411 4488; baseline 0.005 -6"><span class='ocrx_word' id='word_1_303' title='bbox 215 4419 404 4484; x_wconf 86' lang='lat' dir='ltr'><strong>celsitudinis</strong></span> <span class='ocrx_word' id='word_1_304' title='bbox 432 4419 578 4484; x_wconf 89' lang='lat' dir='ltr'><strong>residere.</strong></span> <span class='ocrx_word' id='word_1_305' title='bbox 611 4421 687 4484; x_wconf 79' lang='lat' dir='ltr'><strong>riute</strong></span> <span class='ocrx_word' id='word_1_306' title='bbox 716 4421 801 4485; x_wconf 90' lang='lat' dir='ltr'><strong>cuius</strong></span> <span class='ocrx_word' id='word_1_307' title='bbox 829 4422 969 4487; x_wconf 89' lang='lat' dir='ltr'><strong>thronum</strong></span> <span class='ocrx_word' id='word_1_308' title='bbox 999 4422 1146 4486; x_wconf 90' lang='lat' dir='ltr'><strong>naturalia</strong></span> <span class='ocrx_word' id='word_1_309' title='bbox 1171 4427 1201 4487; x_wconf 91' lang='lat' dir='ltr'><strong>et</strong></span> <span class='ocrx_word' id='word_1_310' title='bbox 1225 4423 1324 4487; x_wconf 83' lang='lat' dir='ltr'><strong>ciuilia</strong></span> <span class='ocrx_word' id='word_1_311' title='bbox 1346 4425 1411 4488; x_wconf 91' lang='lat' dir='ltr'><strong>iura</strong></span> 
     </span>
     <span class='ocr_line' id='line_1_37' title="bbox 214 4528 1411 4616; baseline 0.007 -26"><span class='ocrx_word' id='word_1_312' title='bbox 214 4529 409 4602; x_wconf 90' lang='lat' dir='ltr'><strong>tremiscunt,</strong></span> <span class='ocrx_word' id='word_1_313' title='bbox 442 4528 589 4593; x_wconf 91' lang='lat' dir='ltr'><strong>librantur</strong></span> <span class='ocrx_word' id='word_1_314' title='bbox 620 4530 738 4604; x_wconf 86' lang='lat' dir='ltr'><strong>audita,</strong></span> <span class='ocrx_word' id='word_1_315' title='bbox 771 4531 964 4596; x_wconf 90' lang='lat' dir='ltr'><strong>consciencie</strong></span> <span class='ocrx_word' id='word_1_316' title='bbox 996 4532 1184 4605; x_wconf 86' lang='lat' dir='ltr'><strong>revelantur,</strong></span> <span class='ocrx_word' id='word_1_317' title='bbox 1217 4531 1411 4616; x_wconf 86' lang='lat' dir='ltr'><strong>impudicicia</strong></span> 
     </span>
    </p>
   </div>
   <div class='ocr_carea' id='block_1_12' title="bbox 307 4672 526 4744">
    <p class='ocr_par' dir='ltr' id='par_1_13' title="bbox 307 4672 526 4744">
     <span class='ocr_line' id='line_1_38' title="bbox 307 4672 526 4744; baseline -0.018 -16"><span class='ocrx_word' id='word_1_318' title='bbox 307 4674 341 4744; x_wconf 81' lang='lat' dir='ltr'><strong>a)</strong></span> <span class='ocrx_word' id='word_1_319' title='bbox 357 4672 482 4728; x_wconf 88' lang='lat' dir='ltr'><strong>salaciosi</strong></span> <span class='ocrx_word' id='word_1_320' title='bbox 496 4675 526 4729; x_wconf 88' lang='lat' dir='ltr'><strong>V.</strong></span> 
     </span>
    </p>
   </div>
   <div class='ocr_carea' id='block_1_13' title="bbox 0 0 1610 5392">
    <p class='ocr_par' dir='ltr' id='par_1_14' title="bbox 0 0 1610 5392">
     <span class='ocr_line' id='line_1_39' title="bbox 0 0 1610 5392; baseline 0 5"><span class='ocrx_word' id='word_1_321' title='bbox 0 0 1610 5392; x_wconf 95' lang='lat' dir='ltr'><strong> </strong></span> 
     </span>
    </p>
   </div>
  </div>
 </body>
</html>
