3209 5392
1282 524 1356 595 291

164 700 287 764 eosdem
303 700 342 764 ad
357 719 465 785 pacem
482 705 512 764 et
528 700 691 764 concordie
708 701 848 765 unionem
870 701 1022 763 ferventer
1043 700 1187 764 inducere
1204 699 1360 782 satagatis.

165 807 218 872 Sic
246 809 346 879 enim,
376 807 468 872 salvis
492 809 537 896 a)
560 809 647 873 vobis
669 814 700 872 et
722 810 861 873 domibus
884 809 1011 879 vestris,
1040 810 1151 892 poterit
1173 809 1262 871 velud
1284 807 1365 891 ignis

162 917 272 980 vicinis
289 916 459 1000 parietibus
477 917 632 1001 applicari.
662 920 776 982 Domus
809 918 904 989 enim,
922 919 954 980 iu
972 917 1226 999 conflagracionis
1258 916 1358 979 medio

163 1025 338 1097 constituta,
355 1025 413 1089 etsi
426 1046 485 1089 non
498 1028 685 1090 consumitur
698 1026 738 1112 b)
751 1027 902 1099 incendio,
915 1025 1082 1090 infirmatur
1094 1031 1194 1090 tamen
1208 1026 1363 1089 exhaustis

164 1134 376 1218 compaginum
399 1133 514 1198 virIbus
536 1135 574 1197 ad
597 1135 723 1199 ruinam.
757 1137 911 1217 Rogamus
932 1134 1026 1218 igitur
1042 1139 1073 1197 et
1088 1135 1239 1199 atteneius
1256 1135 1364 1198 exhor-

163 1249 273 1315 tamur,
291 1248 440 1326 quatenus
452 1263 519 1308 mox
531 1244 721 1328 prosilientes
729 1247 766 1329 0)
784 1245 950 1309 exterminii
966 1251 1068 1329 partes
1084 1249 1168 1309 tante
1185 1245 1317 1309 scissura
1324 1248 1362 1327 d)

165 1351 339 1416 discrimina
356 1352 504 1416 studeatis
520 1353 623 1416 innate
639 1353 805 1438 prudencie
821 1354 1026 1419 moderamine
1042 1372 1185 1438 reparare
1201 1352 1248 1437 e).

261 1529 343 1586 Cerni
356 1530 383 1596 3,
398 1531 441 1586 11.
454 1531 521 1585 llud.
536 1535 588 1587 etc.
610 1530 718 1587 Civibus
738 1532 910 1603 maguntinis.
931 1532 1033 1588 Stobbe
1051 1530 1107 1585 271
1120 1534 1177 1588 llcx
1189 1537 1242 1588 etc.
1257 1530 1365 1588 Civibus

167 1622 295 1693 Magistro
310 1620 398 1693 (siet)
413 1652 448 1663 -
462 1611 534 1678 l'Jber
553 1622 595 1677 die
609 1622 736 1677 Uoruben
756 1624 783 1676 in
798 1623 883 1678 Maian
902 1624 989 1694 vergl.
1003 1622 1046 1676 die
1061 1621 1129 1677 Note
1143 1640 1202 1678 zum
1214 1623 1364 1700 folgenden

166 1713 264 1769 Briele.

739 2014 803 2087 78.

525 2196 720 2260 umerorum
736 2214 789 2260 rex
806 2195 837 2260 ll.
856 2196 1000 2278 capitulo.

728 2353 807 2409 1279.

166 2501 254 2572 Kdaip
265 2499 370 2571 numlf
383 2499 535 2572 verapricbt
551 2501 610 2555 dnn
629 2502 722 2556 Decea
740 2503 797 2557 aad
815 2500 922 2574 Capitel
939 2501 990 2555 der
1006 2499 1126 2554 Mainser
1144 2498 1258 2561 Ile'rcde,
1280 2497 1365 2554 iterem

173 2591 303 2648 Wonscte
322 2597 440 2663 pendes,
461 2591 511 2663 fer
533 2593 674 2648 cauernae
695 2592 869 2666 Beoeitiponp
890 2593 941 2647 der
962 2592 1003 2648 aie
1025 2592 1230 2648 dedrltclreaden
1253 2590 1364 2662 Keirpa-

626 2683 748 2740 maleo
760 2703 792 2739 zu
804 2701 909 2755 serpen.

256 2828 337 2883 Gerb.
352 2827 379 2892 3,
391 2828 436 2882 20.

256 2974 504 3038 Tribulacionum
520 2980 551 3038 et
565 2974 770 3038 calamitatum
787 2974 926 3038 crudeles
943 2973 1118 3057 angustias,
1142 2972 1253 3057 quibus
1275 2970 1364 3035 belli-

165 3105 220 3148 cus
244 3084 373 3168 impetus
396 3082 471 3148 lines
493 3089 612 3147 vestros
636 3083 781 3147 invadere
803 3083 1000 3155 formidatur,
1028 3088 1112 3146 tanto
1138 3080 1365 3166 compassiviori

165 3193 303 3256 nimirum
320 3192 566 3257 commiseramur
583 3192 705 3263 allecto,
729 3197 842 3276 quanto
860 3212 895 3255 ex
911 3191 971 3255 biis
986 3191 1203 3276 perniciosiora
1220 3190 1366 3253 sentimus

166 3300 338 3364 discrimina
360 3301 518 3385 pullulare.
551 3301 678 3384 Propter
705 3300 786 3385 quod
807 3299 994 3364 serventibus
1018 3299 1126 3363 vestris
1154 3297 1365 3363 allectionibus

165 3432 218 3475 seu
242 3410 453 3474 allectionibus
477 3410 616 3481 excitati,
641 3411 679 3473 ad
703 3410 813 3475 stabile
836 3411 948 3474 bonum
971 3409 1133 3473 concordie
1156 3414 1186 3472 et
1203 3409 1241 3472 ad
1258 3409 1396 3471 sustin-⁹

166 3520 265 3605 panda
293 3519 427 3582 totaliter
442 3520 579 3601 germina
607 3518 792 3582 simultatum
814 3518 944 3583 libenter
966 3518 1148 3581 intendimus
1172 3514 1313 3580 efficaces
1336 3522 1366 3580 et

167 3628 289 3691 sedulas
320 3629 513 3711 interponere
540 3631 644 3710 partes
673 3632 803 3698 nostras,
835 3634 925 3711 prout
957 3631 1081 3690 auctore
1107 3624 1234 3688 Domino
1267 3624 1367 3708 operis

166 3735 323 3800 evidencia
340 3755 394 3799 vos
408 3734 447 3821 f)
465 3735 597 3798 docebit.

260 3898 294 3965 o)
311 3897 383 3952 salus
398 3899 417 3951 Z
434 3897 486 3953 und
501 3898 530 3952 V.
547 3927 580 3936 -
597 3898 630 3966 b)
647 3899 853 3952 eousurnaturZ.
870 3927 906 3937 -
922 3898 954 3965 e)
967 3898 992 3951 in
1003 3895 1103 3952 medias
1115 3898 1198 3954 Gerb.
1219 3927 1247 3937 -
1266 3897 1302 3969 d)
1313 3896 1368 3955 cis·

168 4005 230 4043 sure
248 3989 277 4044 ll.
298 4020 331 4029 —
353 3990 385 4059 e)
406 3988 523 4045 Gerberl
543 3991 593 4042 und
613 3986 696 4044 Cerni
712 3988 798 4042 haben
817 3988 887 4043 noch
903 3988 1052 4059 folgenden
1071 3988 1148 4043 Satn:
1168 3988 1202 4043 Et
1221 4004 1285 4044 0000
1299 3988 1369 4045 insra

165 4080 281 4136 triduum
310 4083 374 4152 post
395 4096 531 4135 recessum
555 4079 640 4134 nuncii
669 4078 753 4133 vestri
774 4080 807 4133 de
835 4083 925 4134 nostra
944 4078 1116 4149 praesencia,
1145 4080 1259 4134 nobilem
1282 4079 1368 4134 virum

163 4171 196 4226 G.
221 4172 345 4226 comitem
367 4175 480 4243 propter
501 4172 553 4224 100
575 4171 609 4224 ad
632 4174 745 4225 vestram
768 4171 954 4241 praesenciam
977 4169 1114 4225 destinare
1136 4170 1318 4242 proponimus,
1339 4178 1368 4226 ut

163 4262 246 4335 ipsius
272 4267 437 4334 cooperante
460 4261 583 4324 consilio,
607 4277 658 4332 per
681 4276 732 4314 vos
757 4260 845 4315 stricti
871 4276 950 4315 enses
975 4260 1009 4314 de
1035 4261 1224 4318 altercancium
1249 4261 1369 4317 manibus

168 4353 314 4425 rapiantur,
331 4383 361 4393 -
375 4351 407 4423 f)
422 4369 471 4406 nos
485 4353 512 4405 Z.

261 4503 363 4557 Stobbe
376 4502 431 4556 275
444 4502 499 4556 Rex
518 4508 570 4555 etr.
590 4503 696 4556 1100000
717 4505 744 4555 et
763 4501 882 4572 capitulo
901 4500 1018 4572 lingunt.
1044 4501 1080 4555 Es
1099 4499 1158 4555 sind
1178 4501 1235 4557 also
1255 4500 1370 4573 Krisgs·

164 4594 303 4654 narchen,
328 4592 372 4647 die
396 4592 446 4645 das
469 4591 586 4645 ldainner
608 4589 776 4645 Erebislbum
798 4591 972 4646 heimsnehen
994 4590 1063 4654 und,
1086 4591 1136 4645 wie
1160 4590 1277 4647 Gerbert
1299 4592 1367 4647 wohl

166 4684 213 4737 mit
234 4684 319 4738 lleebt
332 4682 468 4749 annimml,
482 4681 518 4736 ist
536 4680 586 4734 der
600 4680 681 4753 Krisg
693 4680 744 4734 des
759 4679 1219 4735 110ὴί001010110000000οΜ0100
1242 4683 1289 4737 mil
1309 4683 1368 4737 dem
1476 4746 1477 4751 ἵ

166 4774 268 4829 Gralsn
290 4772 413 4828 Heinrich
433 4788 486 4825 von
506 4770 650 4841 Spanbeim
670 4771 796 4843 gemeint.
816 4758 889 4826 liber
908 4771 1000 4825 diesen
1019 4772 1106 4842 rergl.
1125 4773 1204 4845 llopp
1224 4771 1249 4832 l,
1269 4771 1369 4828 97611.

1092 4861 1149 4919 le*
