3209 5392
314 486 392 558 332

313 679 441 743 namque
458 661 537 743 ignis
553 661 649 724 fuisse
667 662 801 726 creditur
817 661 868 723 ubi
884 662 983 724 sumus
1002 660 1168 742 procedere
1185 661 1423 731 demonstratur,
1446 682 1494 723 neo

313 770 399 831 favus
423 789 529 851 expers
551 789 620 833 esse
642 774 765 852 putatur
788 768 973 841 dulcedinis,
1001 789 1018 831 a
1047 788 1107 852 quo
1130 769 1223 832 lluere
1252 771 1387 832 cernitur
1411 768 1498 850 liquor

313 878 419 941 mellis.
444 878 552 941 Fretus
570 879 661 960 igitur
677 885 778 942 vestre
795 879 960 942 securitate
976 878 1106 940 licencia
1122 884 1153 941 et
1168 878 1281 940 favoris
1297 876 1498 941 munificencia

315 987 500 1050 confortatus
517 987 628 1050 recedo
647 987 684 1050 de
701 985 801 1050 studio
818 986 1011 1057 Bononiensi,
1028 985 1067 1051 ad
1083 985 1235 1049 modicum
1251 986 1282 1048 in
1297 986 1394 1048 Ytalia
1409 1003 1500 1047 mora·

314 1102 411 1166 turus,
441 1094 537 1156 donec
559 1094 641 1158 verni
663 1094 808 1176 temporis
831 1094 995 1158 clemencia
1018 1085 1211 1158 securitatem
1234 1094 1350 1158 itineris
1376 1094 1501 1156 suadeat
1542 1155 1545 1160 .

314 1204 353 1265 ad
388 1222 554 1267 recessum.
599 1202 779 1284 Ubicunque
819 1209 920 1266 tamen
959 1202 1143 1284 contingerit
1179 1223 1227 1265 me
1265 1202 1395 1273 morari,
1427 1201 1499 1264 omni

315 1315 451 1393 tempore
466 1331 514 1374 me
530 1309 640 1375 vestris
658 1309 807 1393 coaptabo
824 1309 1024 1391 beneplacitis
1041 1318 1072 1372 et
1088 1309 1247 1373 mandalis.

889 1623 953 1695 32.

604 1801 745 1882 Princeps
763 1800 792 1864 ll.
811 1801 970 1865 conventui
986 1820 1041 1882 pro
1059 1800 1220 1877 suffragiis.

522 1958 575 2014 nin
586 1960 668 2013 Furat
680 1956 811 2030 empfieblt
821 1957 881 2013 oieb
893 1960 947 2013 den
962 1958 1076 2013 ceneten
1088 1957 1162 2013 einen
1177 1956 1313 2011 Conventa.

407 2101 466 2185 Qui
488 2122 557 2167 cum
572 2103 690 2167 Martha
712 2101 890 2166 torbacione
921 2103 1094 2186 multiplicis
1117 2101 1276 2165 ministerii
1293 2121 1329 2164 ac
1346 2100 1507 2184 frequentis

318 2211 525 2276 sollicitudinis
541 2212 690 2276 instancia
710 2211 892 2294 fatigantur,
909 2220 1059 2295 coguntur
1080 2231 1149 2276 cum
1165 2212 1239 2274 tedii
1257 2212 1302 2274 sui
1326 2208 1508 2294 querimonia

318 2325 495 2401 oportunum
518 2320 723 2384 auxiliacionis
741 2320 919 2385 solaciuma
943 2319 1172 2403 quiescentibus
1189 2320 1311 2402 exigere
1327 2338 1398 2382 cum
1414 2317 1508 2381 Maria.

316 2428 464 2510 Equidem
482 2429 603 2510 dignum
622 2433 669 2491 est
685 2433 718 2490 ut
733 2428 862 2491 actionis
880 2428 1059 2510 operositas,
1076 2447 1131 2509 per
1144 2447 1232 2511 quam
1246 2428 1510 2509 contemplatorum

317 2536 694 2621 interdum-tranquillitas
722 2536 895 2618 expeditur,
923 2537 1002 2600 inter
1028 2535 1230 2600 incumbentis
1258 2536 1447 2601 incommoda
1468 2536 1510 2597 in-

318 2645 501 2728 quietudinis
530 2665 598 2707 cum
626 2644 688 2716 eis,
716 2644 766 2727 qui
795 2649 900 2707 sancte
929 2644 1039 2727 quietis
1069 2645 1167 2709 ocium
1196 2644 1369 2726 elegerunt,
1406 2642 1508 2726 aliquid

317 2753 499 2835 participent
515 2753 555 2834 o)
572 2751 609 2813 de
628 2751 739 2834 optima
756 2751 909 2833 porcione.
941 2753 1093 2815 Levantes
1111 2752 1206 2833 igitur
1221 2750 1326 2815 oculos
1343 2758 1463 2815 nostros
1478 2750 1510 2812 ad

318 2880 382 2931 eos,
399 2860 438 2922 ad
454 2880 541 2943 quos,
557 2861 730 2923 imminente
747 2859 932 2923 torbacionis
946 2861 1097 2941 angustia,
1114 2865 1210 2927 tulum
1225 2866 1322 2924 restat
1335 2860 1510 2940 coniugium,

202 2974 351 3033 coalent
382 2989 472 3051 supra
504 2969 604 3031 datum
635 2969 787 3031 modulum
819 2968 904 3031 labor
936 2988 1005 3030 esse
1037 2968 1193 3038 uideatur,
1232 2944 1294 3051 qud
1322 2967 1510 3031 inbecilitotis

318 3085 421 3141 nostre
445 3078 523 3139 vires
539 3078 662 3139 incursu
679 3077 874 3158 negociorum
902 3076 1033 3159 undique
1056 3080 1239 3140 atteruntur:
1269 3096 1324 3139 nos
1347 3077 1512 3140 oracionum

318 3193 485 3250 vestrarum
503 3184 653 3267 suffragiis
670 3185 848 3266 propensius
866 3185 1125 3257 commendamus,
1146 3189 1302 3265 rogantes,
1326 3191 1359 3249 ut
1375 3184 1511 3267 quociens

320 3295 442 3378 expedit
470 3294 535 3357 ocio
563 3299 665 3356 vestro
694 3301 828 3356 nostrum
852 3292 1012 3375 negocium
1036 3293 1197 3356 famuletur
1220 3299 1250 3356 et
1274 3313 1395 3375 semper
1418 3298 1509 3355 vestro

320 3404 438 3466 iuvetur
454 3401 620 3484 patrocinio
638 3402 717 3483 apud
733 3403 841 3471 Deum,
864 3402 906 3463 ita
929 3406 973 3471 ut,
997 3401 1065 3463 dum
1087 3405 1188 3463 vestra
1212 3401 1379 3483 spiritualia
1396 3398 1513 3483 partici-

320 3531 442 3593 pamur,
481 3510 510 3572 in
547 3510 734 3572 redibicione
766 3509 940 3591 temporalis
972 3508 1174 3589 promocioois
1208 3529 1244 3571 ac
1277 3508 1405 3572 subsidii
1435 3506 1511 3571 vobis

322 3621 453 3703 gratuito
471 3626 636 3683 teneamur.

414 3771 543 3835 dbnliclre
557 3780 732 3847 Wendungen
755 3779 807 3832 wie
829 3779 854 3830 in
878 3779 979 3833 diesem
1001 3777 1089 3832 Briefe
1110 3779 1200 3832 finden
1222 3779 1281 3832 sich
1303 3779 1329 3832 in
1352 3778 1401 3831 den
1415 3775 1510 3832 Briefeo

324 3874 447 3946 gleicben
467 3872 566 3926 lnhalls
586 3888 633 3925 ron
652 3871 738 3938 Kdoig
756 3868 858 3923 lludoll
872 3868 926 3923 und
945 3869 1032 3923 seiner
1052 3870 1192 3924 Gemahlio
1212 3869 1254 3922 bei
1269 3869 1403 3922 Bodmaun
1416 3887 1442 3939 p.
1457 3865 1511 3924 194,

324 3965 387 4019 195.

418 4108 451 4177 a)
467 4107 614 4177 participet
627 4125 658 4159 zu
677 4107 757 4160 lesen.
