3209 5392
242 429 290 501 18

238 611 307 670 sunt
322 602 442 675 affines,
453 609 555 668 mutuo
568 603 627 668 sibi
641 604 787 677 scribant,
799 604 969 669 observatis
982 600 1225 668 circonstanciis
1239 604 1270 664 et
1286 598 1450 662 condicio-

239 712 330 778 nibus
347 731 553 796 personarum.

329 821 573 909 consanguinee
617 823 668 886 vel
706 822 772 887 alie
803 823 926 907 semino
969 820 1014 883 sic
1053 840 1086 882 se
1129 818 1275 882 salutant:
1322 816 1447 880 Dulcis·

238 930 313 994 sime
348 935 379 993 et
414 928 535 994 amabili
566 935 696 1011 cognate
724 951 796 1004 suc,
831 929 1053 1013 pulchritudine
1081 934 1113 992 et
1144 946 1262 990 morum
1289 926 1450 1009 elegancia

237 1039 396 1121 plurimum
427 1038 585 1111 decorate,
617 1039 653 1102 H.
670 1040 739 1103 talis
767 1040 879 1103 semina
906 1039 1033 1103 salutern
1049 1057 1118 1102 curn
1134 1036 1321 1119 plenitudine
1337 1036 1450 1118 gaudi-

242 1168 336 1213 orum.

330 1245 466 1339 Qualiter
496 1258 542 1322 ud
570 1257 717 1323 dmoaios
748 1256 789 1320 sit
820 1255 1013 1320 scribendum
1049 1253 1205 1336 religionis
1244 1272 1338 1317 causa
1374 1272 1448 1336 per-

245 1372 376 1431 mansee.

329 1475 433 1541 ledea
459 1471 578 1540 iudici:
613 1472 706 1539 Multo
734 1473 887 1555 sapiencie
920 1493 957 1536 ac
994 1469 1193 1536 discrecionis
1231 1470 1295 1533 viro
1328 1471 1360 1534 P.
1393 1471 1449 1535 tali

236 1582 347 1657 iudici,
363 1590 425 1648 tam
451 1583 525 1648 iuris
552 1582 717 1664 prudencia
734 1602 824 1666 quam
846 1583 919 1647 facti
936 1580 1127 1665 experiencia
1149 1579 1298 1650 redimito,
1315 1580 1347 1642 B.
1367 1580 1438 1644 talis

239 1692 329 1756 iudex
361 1692 542 1756 salutemet
573 1691 604 1753 in
635 1689 711 1755 libra
742 1691 875 1755 racionis
907 1692 1059 1763 sedendo,
1091 1689 1210 1771 singula
1242 1709 1297 1752 sua
1328 1690 1446 1771 pericia

246 1800 407 1886 trutinare,
432 1800 479 1877 vel
499 1800 645 1874 „salutern
662 1800 737 1864 etin
755 1802 834 1864 omni
851 1801 962 1865 iudicio
979 1807 1105 1864 matrem
1127 1798 1261 1864 veritatis
1284 1798 1445 1862 consulere

209 1968 211 1973 .
240 1908 428 1980 racionem“,
444 1907 491 1972 vel
512 1907 659 1981 „salutem
681 1913 796 1973 etcum
817 1908 1047 1973 mansuetudine
1068 1929 1124 1991 per
1145 1907 1274 1971 semitas
1291 1908 1448 1971 ambulare

242 2017 364 2082 iusticie
381 2024 412 2082 et
428 2016 596 2082 veritatis“.

329 2126 496 2193 Solutucio
520 2127 564 2191 ud
585 2106 740 2190 bominem
767 2127 952 2191 liberalem:
970 2127 1064 2221 ‘Huic
1082 2125 1211 2197 scribas,
1235 2124 1382 2198 discreta,
1412 2133 1446 2190 ut

239 2233 406 2317 predictum
419 2240 482 2308 est,
507 2233 684 2298 condicione
696 2253 836 2316 persone,
855 2235 981 2298 salutem
1000 2242 1031 2297 c't
1043 2235 1138 2317 gratis
1152 2232 1244 2315 digna
1256 2235 1443 2315 postulacio-

240 2344 329 2408 nibus
358 2344 496 2426 elargiri,
524 2345 586 2406 rel:
618 2345 744 2407 salutem
779 2350 811 2407 et
845 2345 976 2408 omniurn
1003 2350 1129 2408 matrem
1161 2345 1318 2408 consulere
1349 2345 1445 2427 largi-

238 2460 342 2517 tatem.

330 2564 458 2628 Avarus
472 2564 634 2627 salutator
651 2568 681 2626 et
697 2563 800 2627 dicunt
817 2563 844 2624 ei
868 2563 1006 2634 salutem,
1029 2584 1148 2627 morum
1171 2583 1230 2625 nou
1247 2586 1445 2629 nummorum

240 2671 414 2752 congeriem
443 2689 642 2741 coacervare,
670 2671 732 2734 vel:
758 2672 940 2734 salutemet
968 2691 1026 2733 non
1055 2670 1245 2733 denariorum
1267 2672 1322 2735 sed
1337 2672 1445 2753 pocius

240 2778 427 2842 altitudinem
443 2779 609 2842 maiestatis
627 2780 762 2852 adorare,
780 2781 843 2842 vel:
868 2780 993 2843 salutem
1010 2785 1041 2843 ct
1056 2779 1093 2842 ab
1108 2779 1238 2844 avaricia
1251 2801 1285 2841 se
1298 2788 1446 2853 avertere,

245 2907 304 2971 qne
321 2895 368 2953 cst
385 2888 538 2971 ydolorum
556 2889 694 2952 servitus.

334 2998 533 3063 Mercatores
559 3001 606 3063 cic
633 3000 793 3064 reludunt:
825 2998 951 3062 salutern
981 3006 1011 3061 et
1039 2998 1153 3060 lucrum
1184 2999 1327 3081 consequi
1351 2997 1447 3080 adop-

246 3113 352 3172 tatum.

335 3216 502 3282 Salutaoio
519 3217 633 3281 civium
649 3218 733 3282 inter
755 3241 803 3281 ec:
832 3218 921 3279 Cives
938 3218 1017 3281 iuxta
1035 3218 1243 3281 condicionem
1266 3217 1446 3298 dignitatum

243 3332 274 3390 et
290 3324 457 3388 officiorum
474 3325 604 3388 salutant
621 3345 653 3387 se
670 3326 708 3388 ad
725 3327 869 3398 invicem,
893 3335 983 3410 prout
999 3328 1147 3410 placuerit
1164 3327 1314 3391 dictatori.

334 3435 422 3500 Artis
443 3434 629 3499 mechanica
651 3436 796 3522 operarii
817 3436 1056 3523 setsimpliciter
1083 3436 1213 3499 salutant
1241 3436 1285 3497 sic
1315 3436 1444 3498 dicendo

246 3544 331 3606 verbi
349 3541 468 3624 gracia:
492 3543 564 3607 Viro
582 3541 730 3615 discreto,
748 3545 823 3607 artis
837 3545 950 3632 sutoria
967 3545 996 3606 io
1014 3545 1066 3608 tali
1083 3545 1148 3606 loco
1166 3545 1200 3607 H.
1216 3545 1351 3608 eiusdem
1369 3547 1443 3609 artis

243 3654 291 3716 vel
308 3651 432 3715 alterius
449 3652 576 3714 salntem
593 3658 624 3715 et
641 3671 726 3714 omne
743 3653 865 3716 bonum.

334 3760 462 3826 Amicus
478 3761 597 3825 amico:
620 3759 738 3824 Dilecto
756 3766 786 3824 et
802 3760 982 3842 precordiali
999 3762 1096 3825 amico
1119 3783 1173 3824 suo
1190 3763 1225 3824 H.
1243 3762 1311 3824 talis
1329 3764 1445 3827 amicus

243 3870 375 3933 omnium
398 3868 545 3932 bonorum
569 3868 686 3950 copiam
719 3889 787 3932 cum
819 3869 931 3940 salute,
963 3871 1026 3931 vel:
1063 3870 1189 3933 salutem
1218 3878 1248 3933 et
1276 3871 1447 3935 desiderate

244 3979 363 4041 fortune
385 3978 617 4046 incrementum,
641 3978 703 4038 vel:
735 3978 861 4040 salutern
884 3984 914 4041 et
936 3979 1090 4060 prosperis
1114 3976 1308 4041 successibus
1329 3980 1449 4044 babun·
1500 3984 1504 3992 '

245 4086 327 4148 dare.
363 4087 415 4149 Sic
432 4090 533 4166 potest
549 4086 651 4148 socius
669 4086 752 4147 socio
770 4086 915 4149 scribere.

331 4195 484 4259 Inimicus
516 4195 653 4260 inimico.
688 4194 815 4275 Quando
847 4195 986 4258 inimicus
1014 4196 1121 4259 scribit
1148 4197 1286 4268 inimico,
1310 4218 1439 4279 persona

241 4305 361 4366 mittens
389 4304 528 4385 proponit
556 4324 605 4375 se,
632 4305 725 4367 tacito
752 4306 874 4386 proprio
892 4307 1010 4368 nomine
1033 4317 1161 4388 persone
1178 4307 1370 4389 recipientis,
1388 4312 1443 4374 sed

242 4411 389 4477 describit
405 4431 472 4474 eum
489 4412 534 4473 vel
551 4432 568 4474 a
586 4414 763 4493 cognomine
779 4414 825 4476 vel
843 4434 860 4476 a
876 4414 959 4487 loco;
984 4415 1068 4478 verbi
1085 4415 1207 4496 gracia:
1225 4415 1257 4480 C.
1272 4417 1341 4480 talis
1357 4418 1446 4482 bomo

242 4506 347 4585 detali
363 4521 429 4582 loco
447 4520 510 4583 viro
526 4521 578 4583 tali
594 4541 648 4603 pro
667 4524 761 4586 salute
778 4529 915 4595 mortem,
939 4525 983 4597 rel
1001 4524 1135 4587 incidere
1153 4525 1182 4586 in
1198 4525 1339 4607 laqueum
1357 4548 1445 4611 quem

242 4630 382 4697 tetendit.
1048 4624 1052 4631 ’
