3209 5392
1289 518 1339 591 aa

238 695 329 761 item.
363 693 523 757 Constituti
539 693 576 755 ad
592 693 750 756 multarum
771 692 918 773 regimina
934 693 1073 773 gencium
1101 699 1131 754 et
1154 677 1340 755 diversorum

150 802 354 866 moderamina
370 802 556 884 populorum,
574 799 736 881 gloriosum
752 805 924 881 reputamus
942 799 972 861 in
988 800 1122 882 principe
1145 820 1180 862 ac
1196 801 1339 863 victorio·

156 931 224 973 sum
241 910 373 973 vindicte
389 929 485 990 genus
508 893 743 971 decernimus'in
766 913 928 988 regnante,
956 908 982 970 si
1003 928 1071 970 cum
1087 907 1214 970 subditis
1231 910 1341 972 nostris

151 1022 318 1084 clementer
344 1020 481 1100 agimus,
509 1023 539 1081 et
566 1017 685 1100 eisqui
712 1016 832 1080 obnoxii
856 1022 926 1080 sunt
952 1016 1082 1089 offense,
1108 1017 1342 1082 misericordiam

151 1129 409 1211 superex'altantes
426 1127 547 1198 iudicio,
563 1126 697 1207 graciam
712 1132 844 1189 nostram
858 1125 1022 1190 liberaliter
1037 1128 1212 1209 inpertimur
1227 1128 1277 1213 a).

565 1350 606 1411 lle
623 1349 781 1416 corcsrdls
796 1353 827 1411 et
842 1366 924 1430 pecc.

650 1489 774 1533 Distinctio
791 1489 849 1533 XVI.
886 1499 888 1506 ·

242 1625 331 1688 Licet
347 1624 426 1689 inter
441 1631 544 1704 cetera
561 1624 661 1687 cordis
677 1623 771 1688 nostri
795 1624 920 1687 consilia
941 1624 999 1686 boc
1022 1624 1131 1688 debeat
1152 1647 1220 1688 esse
1241 1626 1341 1708 preci-

151 1753 254 1815 puum,
293 1737 305 1794 t
320 1734 398 1795 inter
413 1732 620 1796 discordantes
636 1732 720 1814 pacis
738 1731 929 1794 concordiam
943 1752 1148 1814 procuremus,
1162 1734 1231 1818 quia
1241 1740 1342 1797 tamen

150 1862 312 1925 nonnunqu
377 1840 454 1904 mala
468 1819 613 1903 bonorum
630 1838 761 1923 speciem
777 1841 969 1913 mentiuntur,
987 1842 1102 1904 cautius
1117 1847 1164 1904 est
1179 1843 1340 1924 agendum,

151 1972 188 2014 ne
212 1950 351 2014 odiorum
417 1970 490 2012 nera
506 1971 542 2012 ex
557 1948 708 2021 remediis,
726 1948 834 2031 quibus
852 1969 887 2011 ea
904 1968 1009 2011 curare
1026 1950 1201 2030 satagimus,
1217 1950 1340 2014 insana·

459 2058 546 2121 'ttere
562 2058 679 2120 valeant
696 2078 779 2140 spem
796 2057 911 2120 salutis.
1336 2063 1340 2070 '

243 2170 333 2233 item.
367 2167 440 2230 Cum
456 2167 484 2229 le
527 2188 541 2229 s
558 2171 588 2228 et
603 2166 669 2229 iura
686 2166 746 2229 sint
763 2166 799 2228 de
818 2186 869 2228 ore
886 2165 1053 2248 principum
1070 2166 1243 2230 confirmata
1266 2168 1342 2230 divi·

155 2277 251 2349 nitus,
268 2276 380 2338 adbuc
404 2275 532 2347 scilicet,
598 2274 725 2352 humana
748 2274 947 2337 coherceatur
967 2273 1093 2337 andacia
1115 2281 1145 2338 et
1165 2276 1342 2339 innocencia

150 2392 216 2451 tata
243 2385 393 2455 resideat,
420 2403 477 2466 par
504 2383 535 2445 in
561 2403 590 2443 m
634 2382 691 2444 'um
712 2383 848 2464 prodeat,
871 2382 1022 2446 discordia
1037 2383 1196 2455 limitetur,
1219 2385 1342 2467 dignum

154 2495 357 2565 decernimus,
385 2498 418 2556 nt
445 2491 523 2576 quod
540 2511 557 2553 a
573 2497 640 2554 vete
706 2490 779 2554 iuris
801 2492 934 2554 remedio
951 2496 986 2573 b)
1004 2492 1166 2560 salubriter
1187 2499 1235 2556 est
1257 2493 1341 2556 deci-

158 2622 236 2675 sum,
249 2602 329 2664 nulla
340 2600 508 2664 temeritate
520 2599 551 2661 in
562 2598 688 2671 irritum,
739 2599 748 2660 l
761 2599 969 2681 presumcione
979 2598 1110 2683 qualibet
1119 2596 1338 2684 deducaturc).

247 2767 282 2836 a)
296 2766 324 2818 Z.
337 2764 401 2817 Item
414 2764 448 2818 sd
461 2763 538 2817 idem.
553 2762 699 2834 Singularis
713 2763 772 2832 glor
831 2763 940 2834 rincipis
954 2763 1086 2817 iudicatur
1099 2764 1260 2829 humanitas,
1274 2783 1340 2837 que,

154 2854 1340 2928 QOnwssmffl,ffimfflmfflmmmMQimmfflwm

154 2947 301 3003 clemencia
320 2951 398 3000 tanto
424 2945 568 3016 gloriosior
592 2943 725 3012 creditur,
748 2915 1017 3110 qaantonmsius
1038 2952 1188 2999 exercetur.
1214 2949 1343 3002 Preterea

155 3035 1342 3106 smmmmmmfflmpmwm,mmmwbffimmfflnmmmffl

156 3111 1341 3212 wmwwmmwmmmffimmmmmwbfflmmnmmmmm

157 3216 1345 3294 mMmmwmmwwmanMmmwfflmmfiffimbm-

158 3312 267 3383 gressio
286 3312 432 3382 provocat,
451 3315 480 3362 ut
498 3325 655 3379 quamquam
673 3308 805 3360 vindicem
824 3310 849 3361 in
869 3325 915 3361 eos
935 3310 1045 3364 nolimus
1064 3309 1188 3365 iudicium
1207 3328 1344 3374 exercere,

163 3398 1342 3469 &Mmmmmffimmgmmsmmmm-dflmmfflb-

159 3494 190 3562 c)
205 3493 270 3546 Item
282 3491 320 3545 ad
331 3490 410 3544 idem.
436 3490 463 3543 ln
477 3491 528 3544 lroc
542 3491 627 3558 gloria
641 3489 740 3561 regalis
757 3488 958 3558 magnificencie
972 3492 1105 3544 extollitur
1118 3497 1145 3545 et
1158 3496 1292 3554 servatur,
1317 3499 1347 3545 ut

159 3582 185 3636 in
198 3583 289 3652 quiete
303 3582 377 3653 pacis
391 3581 517 3653 populum
531 3580 630 3649 dirigat
643 3584 670 3633 et
680 3580 807 3648 inrigare
820 3580 925 3634 iusticie
939 3580 1131 3650 quodammodo
1143 3593 1344 3652 preconservet‚

160 3673 194 3726 ad
223 3690 336 3744 quorum
362 3689 456 3743 pacem
483 3688 535 3724 non
557 3671 615 3723 sine
636 3670 719 3724 mullo
748 3670 920 3741 regnaacium
944 3670 1040 3723 salutis
1063 3675 1091 3725 et
1116 3672 1168 3725 vite
1194 3674 1346 3728 discrimine

159 3766 305 3818 laboratur.
330 3763 451 3833 Legimus
474 3765 542 3816 enim
565 3762 735 3832 quamplures
757 3778 807 3831 pro
830 3763 921 3831 quiete
943 3762 1050 3833 publica
1072 3762 1218 3832 preliorurn
1239 3766 1346 3820 labores

161 3855 274 3909 eximios
287 3852 470 3923 assumpsisse,
486 3857 513 3906 et
525 3869 683 3922 quamquam
696 3853 761 3905 tanti
773 3853 927 3906 sollicitudo
941 3852 1078 3907 ministerii
1096 3854 1259 3923 quibuslibet
1272 3859 1346 3907 terre

161 3945 328 4015 principibus
346 3944 488 4005 debeatur,
519 3943 628 3997 Romani
647 3947 735 4000 tamen
754 3942 858 4012 imperii
877 3944 1026 3997 veneranda
1049 3943 1213 4005 sublimitas,
1237 3944 1298 4015 quia
1321 3945 1346 3997 in

89 4025 1349 4112 ’,ωὼωμωῶωωοωὴηωὴημωοωωώωίωομώώω

162 4130 250 4183 zelare
274 4144 386 4198 pacem,
411 4130 485 4181 tanto
504 4130 612 4180 tenetur
630 4126 775 4180 instancius
796 4142 892 4178 vacare
910 4126 1015 4180 iusticie
1040 4127 1224 4192 subditorum,
1248 4132 1348 4197 quanto

163 4219 254 4274 tocius
267 4217 340 4271 orbis
353 4217 465 4271 ambitus
477 4216 572 4287 spiritu
586 4215 779 4287 quadammodo
798 4217 856 4269 unit
879 4217 907 4268 et
929 4216 1031 4286 regitur
1050 4215 1167 4287 imperii,
1186 4223 1215 4269 ut
1237 4233 1269 4268 eo
1292 4217 1351 4270 lan·

164 4313 263 4381 guenta
277 4309 415 4378 langueat,
438 4311 465 4361 et
477 4308 536 4380 ipso
550 4313 725 4380 prosperante
739 4308 840 4379 pariter
863 4309 1020 4368 colletetnr,
1044 4322 1092 4359 nec
1112 4307 1139 4360 in
1160 4309 1350 4376 temporalibus

165 4399 328 4456 solummodo
346 4399 490 4455 Christiani
508 4400 600 4472 populi
627 4401 751 4454 tenebras
770 4400 880 4454 Romani
903 4401 994 4466 fulgor
1012 4398 1154 4460 illuminat,
1178 4399 1226 4452 sed
1249 4402 1276 4451 et
1298 4399 1350 4468 ipsi

165 4493 300 4548 katholice
318 4490 380 4544 lidei
399 4490 552 4545 fulcimenta
572 4508 624 4544 non
641 4491 710 4545 levia
729 4491 918 4545 subministrat.
944 4490 1060 4561 Propter
1079 4490 1150 4558 quod
1171 4489 1350 4561 gratissimum

167 4586 222 4639 Deo
245 4584 302 4636 rivo
323 4590 445 4654 putamus
468 4599 516 4636 nos
538 4583 663 4637 exhibere
684 4582 855 4653 obsequium,
878 4582 900 4636 si
914 4582 973 4635 zelo
996 4581 1136 4635 laudabilis
1159 4580 1292 4653 propositi
1316 4579 1352 4633 ad

168 4676 255 4729 tocius
276 4674 381 4746 imperii
401 4662 497 4727 statum
519 4673 661 4744 pacificum
683 4677 756 4726 tanto
778 4672 907 4726 libencius
932 4671 1095 4743 aspiramus,
1120 4675 1219 4742 quauta
1242 4669 1350 4725 clariori

170 4767 294 4837 presagio
308 4766 335 4818 id
349 4764 382 4818 de
395 4766 487 4820 celesti
501 4771 529 4819 et
541 4780 656 4836 superna
671 4764 818 4832 colligimus
833 4765 977 4818 voluntate.
993 4765 1021 4817 Z.

1097 4851 1115 4903 7
1125 4853 1138 4880 O
