<?xml version="1.0" encoding="UTF-8"?>
<!DOCTYPE html PUBLIC "-//W3C//DTD XHTML 1.0 Transitional//EN"
    "http://www.w3.org/TR/xhtml1/DTD/xhtml1-transitional.dtd">
<html xmlns="http://www.w3.org/1999/xhtml" xml:lang="en" lang="en">
 <head>
  <title>
</title>
<meta http-equiv="Content-Type" content="text/html;charset=utf-8" />
  <meta name='ocr-system' content='tesseract 3.04.00' />
  <meta name='ocr-capabilities' content='ocr_page ocr_carea ocr_par ocr_line ocrx_word'/>
</head>
<body>
  <div class='ocr_page' id='page_1' title='image "./fontesrerumaust00unkngoog_0220.png"; bbox 0 0 3209 5392; ppageno 0'>
   <div class='ocr_carea' id='block_1_1' title="bbox 710 958 776 1033">
    <p class='ocr_par' dir='ltr' id='par_1_1' title="bbox 710 958 776 1033">
     <span class='ocr_line' id='line_1_1' title="bbox 710 958 776 1033; baseline -0.015 0"><span class='ocrx_word' id='word_1_1' title='bbox 710 958 776 1033; x_wconf 77' lang='lat' dir='ltr'>lc.</span> 
     </span>
    </p>
   </div>
   <div class='ocr_carea' id='block_1_2' title="bbox 547 1133 925 1217">
    <p class='ocr_par' dir='ltr' id='par_1_2' title="bbox 547 1133 925 1217">
     <span class='ocr_line' id='line_1_2' title="bbox 547 1133 925 1217; baseline 0.003 -20"><span class='ocrx_word' id='word_1_2' title='bbox 547 1137 627 1217; x_wconf 75' lang='lat' dir='ltr'>laps</span> <span class='ocrx_word' id='word_1_3' title='bbox 642 1135 838 1202; x_wconf 72' lang='lat' dir='ltr'>Romanorum</span> <span class='ocrx_word' id='word_1_4' title='bbox 855 1133 925 1215; x_wconf 80' lang='lat' dir='ltr'>regi.</span> 
     </span>
    </p>
   </div>
   <div class='ocr_carea' id='block_1_3' title="bbox 702 1294 780 1347">
    <p class='ocr_par' dir='ltr' id='par_1_3' title="bbox 702 1294 780 1347">
     <span class='ocr_line' id='line_1_3' title="bbox 702 1294 780 1347; baseline 0.026 -2"><span class='ocrx_word' id='word_1_5' title='bbox 702 1294 780 1347; x_wconf 79' lang='lat'>12⁰1.</span> 
     </span>
    </p>
   </div>
   <div class='ocr_carea' id='block_1_4' title="bbox 140 1452 1330 1706">
    <p class='ocr_par' dir='ltr' id='par_1_4' title="bbox 140 1452 1330 1706">
     <span class='ocr_line' id='line_1_4' title="bbox 140 1452 1327 1525; baseline 0.005 -21"><span class='ocrx_word' id='word_1_6' title='bbox 140 1452 262 1506; x_wconf 69' lang='lat' dir='ltr'>innocent</span> <span class='ocrx_word' id='word_1_7' title='bbox 275 1454 324 1505; x_wconf 84' lang='lat' dir='ltr'>m.</span> <span class='ocrx_word' id='word_1_8' title='bbox 337 1453 450 1508; x_wconf 73' lang='lat' dir='ltr'>schreibt</span> <span class='ocrx_word' id='word_1_9' title='bbox 462 1454 519 1507; x_wconf 86' lang='lat' dir='ltr'>dem</span> <span class='ocrx_word' id='word_1_10' title='bbox 526 1454 628 1525; x_wconf 78' lang='lat' dir='ltr'>junpen</span> <span class='ocrx_word' id='word_1_11' title='bbox 647 1456 733 1525; x_wconf 75' lang='lat' dir='ltr'>Kenip</span> <span class='ocrx_word' id='word_1_12' title='bbox 750 1455 891 1510; x_wconf 73' lang='lat' dir='ltr'>Friedrich</span> <span class='ocrx_word' id='word_1_13' title='bbox 903 1473 953 1511; x_wconf 84' lang='lat' dir='ltr'>von</span> <span class='ocrx_word' id='word_1_14' title='bbox 967 1456 1091 1520; x_wconf 79' lang='lat' dir='ltr'>Sicilien,</span> <span class='ocrx_word' id='word_1_15' title='bbox 1105 1474 1134 1509; x_wconf 83' lang='lat' dir='ltr'>er</span> <span class='ocrx_word' id='word_1_16' title='bbox 1146 1456 1216 1510; x_wconf 76' lang='lat' dir='ltr'>belle</span> <span class='ocrx_word' id='word_1_17' title='bbox 1229 1457 1275 1510; x_wconf 85' lang='lat' dir='ltr'>dic</span> <span class='ocrx_word' id='word_1_18' title='bbox 1291 1469 1327 1510; x_wconf 79' lang='lat' dir='ltr'>cn</span> 
     </span>
     <span class='ocr_line' id='line_1_5' title="bbox 142 1538 1330 1617; baseline 0.005 -25"><span class='ocrx_word' id='word_1_19' title='bbox 142 1538 184 1593; x_wconf 83' lang='lat' dir='ltr'>ibn</span> <span class='ocrx_word' id='word_1_20' title='bbox 193 1541 365 1613; x_wconf 78' lang='lat' dir='ltr'>pm&#39;cbtetcn,</span> <span class='ocrx_word' id='word_1_21' title='bbox 379 1543 429 1597; x_wconf 79' lang='lat' dir='ltr'>der</span> <span class='ocrx_word' id='word_1_22' title='bbox 443 1542 542 1597; x_wconf 80' lang='lat' dir='ltr'>fic&#39;rcbc</span> <span class='ocrx_word' id='word_1_23' title='bbox 555 1544 775 1616; x_wconf 69' lang='lat' dir='ltr'>unzcmdplicben</span> <span class='ocrx_word' id='word_1_24' title='bbox 789 1545 985 1616; x_wconf 77' lang='lat' dir='ltr'>Zumutbonpcn</span> <span class='ocrx_word' id='word_1_25' title='bbox 997 1546 1087 1601; x_wconf 82' lang='lat' dir='ltr'>ceiner</span> <span class='ocrx_word' id='word_1_26' title='bbox 1098 1547 1205 1616; x_wconf 76' lang='lat' dir='ltr'>Jupend</span> <span class='ocrx_word' id='word_1_27' title='bbox 1214 1565 1246 1601; x_wconf 74' lang='lat' dir='ltr'>eu</span> <span class='ocrx_word' id='word_1_28' title='bbox 1257 1555 1330 1617; x_wconf 77' lang='lat' dir='ltr'>pute,</span> 
     </span>
     <span class='ocr_line' id='line_1_6' title="bbox 359 1631 1107 1706; baseline 0.001 -20"><span class='ocrx_word' id='word_1_29' title='bbox 359 1634 415 1686; x_wconf 81' lang='lat' dir='ltr'>und</span> <span class='ocrx_word' id='word_1_30' title='bbox 426 1632 547 1687; x_wconf 58' lang='lat' dir='ltr'>amabat</span> <span class='ocrx_word' id='word_1_31' title='bbox 557 1631 604 1687; x_wconf 81' lang='lat' dir='ltr'>ibn</span> <span class='ocrx_word' id='word_1_32' title='bbox 616 1651 673 1686; x_wconf 77' lang='lat' dir='ltr'>eum</span> <span class='ocrx_word' id='word_1_33' title='bbox 690 1631 834 1688; x_wconf 84' lang='lat' dir='ltr'>Geborecm</span> <span class='ocrx_word' id='word_1_34' title='bbox 845 1653 929 1706; x_wconf 74' lang='lat' dir='ltr'>peperi</span> <span class='ocrx_word' id='word_1_35' title='bbox 942 1635 987 1690; x_wconf 83' lang='lat' dir='ltr'>dic</span> <span class='ocrx_word' id='word_1_36' title='bbox 1001 1634 1107 1689; x_wconf 82' lang='lat' dir='ltr'>Kircbe.</span> 
     </span>
    </p>
   </div>
   <div class='ocr_carea' id='block_1_5' title="bbox 137 1793 1333 4233">
    <p class='ocr_par' dir='ltr' id='par_1_5' title="bbox 137 1793 1333 4233">
     <span class='ocr_line' id='line_1_7' title="bbox 226 1793 1331 1878; baseline 0.002 -23"><span class='ocrx_word' id='word_1_37' title='bbox 226 1793 358 1857; x_wconf 80' lang='lat' dir='ltr'><strong>Litteras</strong></span> <span class='ocrx_word' id='word_1_38' title='bbox 387 1794 567 1857; x_wconf 77' lang='lat' dir='ltr'>excellencie</span> <span class='ocrx_word' id='word_1_39' title='bbox 590 1799 640 1858; x_wconf 87' lang='lat' dir='ltr'>tue</span> <span class='ocrx_word' id='word_1_40' title='bbox 664 1814 700 1858; x_wconf 90' lang='lat' dir='ltr'>ea</span> <span class='ocrx_word' id='word_1_41' title='bbox 721 1814 780 1877; x_wconf 94' lang='lat' dir='ltr'>qua</span> <span class='ocrx_word' id='word_1_42' title='bbox 804 1795 905 1860; x_wconf 88' lang='lat' dir='ltr'>decuit</span> <span class='ocrx_word' id='word_1_43' title='bbox 926 1795 1114 1878; x_wconf 80' lang='lat' dir='ltr'>benignitate</span> <span class='ocrx_word' id='word_1_44' title='bbox 1131 1798 1331 1877; x_wconf 79' lang='lat' dir='ltr'>suscepimus,</span> 
     </span>
     <span class='ocr_line' id='line_1_8' title="bbox 145 1901 1328 1987; baseline 0.003 -25"><span class='ocrx_word' id='word_1_45' title='bbox 145 1901 247 1984; x_wconf 90' lang='lat' dir='ltr'>quibus</span> <span class='ocrx_word' id='word_1_46' title='bbox 264 1903 393 1966; x_wconf 86' lang='lat' dir='ltr'>libenter</span> <span class='ocrx_word' id='word_1_47' title='bbox 409 1903 536 1975; x_wconf 90' lang='lat' dir='ltr'>auditis,</span> <span class='ocrx_word' id='word_1_48' title='bbox 565 1923 651 1974; x_wconf 90' lang='lat' dir='ltr'>eum,</span> <span class='ocrx_word' id='word_1_49' title='bbox 679 1903 710 1965; x_wconf 90' lang='lat' dir='ltr'>in</span> <span class='ocrx_word' id='word_1_50' title='bbox 727 1906 812 1967; x_wconf 92' lang='lat' dir='ltr'>cuius</span> <span class='ocrx_word' id='word_1_51' title='bbox 828 1924 917 1967; x_wconf 89' lang='lat' dir='ltr'>manu</span> <span class='ocrx_word' id='word_1_52' title='bbox 934 1906 1027 1968; x_wconf 85' lang='lat' dir='ltr'>corda</span> <span class='ocrx_word' id='word_1_53' title='bbox 1043 1911 1112 1968; x_wconf 91' lang='lat' dir='ltr'>sunt</span> <span class='ocrx_word' id='word_1_54' title='bbox 1127 1925 1250 1987; x_wconf 91' lang='lat' dir='ltr'>regum,</span> <span class='ocrx_word' id='word_1_55' title='bbox 1278 1905 1328 1986; x_wconf 92' lang='lat' dir='ltr'>pio</span> 
     </span>
     <span class='ocr_line' id='line_1_9' title="bbox 142 2009 1331 2094; baseline 0.001 -22"><span class='ocrx_word' id='word_1_56' title='bbox 142 2009 290 2073; x_wconf 88' lang='lat' dir='ltr'>desiderio</span> <span class='ocrx_word' id='word_1_57' title='bbox 321 2013 491 2093; x_wconf 89' lang='lat' dir='ltr'>rogavimus</span> <span class='ocrx_word' id='word_1_58' title='bbox 519 2018 609 2094; x_wconf 91' lang='lat' dir='ltr'>atque</span> <span class='ocrx_word' id='word_1_59' title='bbox 631 2017 718 2083; x_wconf 92' lang='lat' dir='ltr'>voto,</span> <span class='ocrx_word' id='word_1_60' title='bbox 746 2019 778 2074; x_wconf 93' lang='lat' dir='ltr'>ut</span> <span class='ocrx_word' id='word_1_61' title='bbox 801 2012 977 2075; x_wconf 78' lang='lat' dir='ltr'>felicitatem</span> <span class='ocrx_word' id='word_1_62' title='bbox 1005 2013 1166 2075; x_wconf 88' lang='lat' dir='ltr'>inventutis</span> <span class='ocrx_word' id='word_1_63' title='bbox 1188 2019 1240 2075; x_wconf 91' lang='lat' dir='ltr'>tue</span> <span class='ocrx_word' id='word_1_64' title='bbox 1262 2013 1331 2075; x_wconf 91' lang='lat' dir='ltr'>letis</span> 
     </span>
     <span class='ocr_line' id='line_1_10' title="bbox 141 2117 1331 2200; baseline 0.002 -22"><span class='ocrx_word' id='word_1_65' title='bbox 141 2134 256 2199; x_wconf 82' lang='lat' dir='ltr'>semper</span> <span class='ocrx_word' id='word_1_66' title='bbox 288 2117 481 2181; x_wconf 89' lang='lat' dir='ltr'>successibus</span> <span class='ocrx_word' id='word_1_67' title='bbox 504 2118 683 2200; x_wconf 82' lang='lat' dir='ltr'>ampliando,</span> <span class='ocrx_word' id='word_1_68' title='bbox 712 2123 795 2180; x_wconf 89' lang='lat' dir='ltr'>tuam</span> <span class='ocrx_word' id='word_1_69' title='bbox 827 2138 880 2200; x_wconf 87' lang='lat' dir='ltr'>pro</span> <span class='ocrx_word' id='word_1_70' title='bbox 913 2138 967 2179; x_wconf 91' lang='lat' dir='ltr'>suo</span> <span class='ocrx_word' id='word_1_71' title='bbox 1000 2118 1110 2199; x_wconf 87' lang='lat' dir='ltr'>dirigat</span> <span class='ocrx_word' id='word_1_72' title='bbox 1141 2117 1331 2199; x_wconf 88' lang='lat' dir='ltr'>beneplacito</span> 
     </span>
     <span class='ocr_line' id='line_1_11' title="bbox 141 2223 1331 2308; baseline 0.002 -24"><span class='ocrx_word' id='word_1_73' title='bbox 141 2223 320 2287; x_wconf 90' lang='lat' dir='ltr'>voluntatem</span> <span class='ocrx_word' id='word_1_74' title='bbox 349 2225 459 2308; x_wconf 88' lang='lat' dir='ltr'>detque</span> <span class='ocrx_word' id='word_1_75' title='bbox 487 2223 543 2285; x_wconf 88' lang='lat' dir='ltr'>tibi</span> <span class='ocrx_word' id='word_1_76' title='bbox 570 2224 754 2305; x_wconf 89' lang='lat' dir='ltr'>sapienciam</span> <span class='ocrx_word' id='word_1_77' title='bbox 783 2230 814 2286; x_wconf 90' lang='lat' dir='ltr'>et</span> <span class='ocrx_word' id='word_1_78' title='bbox 842 2223 943 2287; x_wconf 88' lang='lat' dir='ltr'>cordis</span> <span class='ocrx_word' id='word_1_79' title='bbox 971 2224 1174 2295; x_wconf 84' lang='lat' dir='ltr'>latitudinem,</span> <span class='ocrx_word' id='word_1_80' title='bbox 1203 2229 1235 2286; x_wconf 93' lang='lat' dir='ltr'>ut</span> <span class='ocrx_word' id='word_1_81' title='bbox 1252 2225 1331 2286; x_wconf 87' lang='lat' dir='ltr'>scias</span> 
     </span>
     <span class='ocr_line' id='line_1_12' title="bbox 145 2331 1333 2414; baseline 0 -19"><span class='ocrx_word' id='word_1_82' title='bbox 145 2338 174 2395; x_wconf 91' lang='lat' dir='ltr'>et</span> <span class='ocrx_word' id='word_1_83' title='bbox 199 2333 368 2413; x_wconf 81' lang='lat' dir='ltr'>intelliges,</span> <span class='ocrx_word' id='word_1_84' title='bbox 401 2332 473 2414; x_wconf 93' lang='lat' dir='ltr'>quid</span> <span class='ocrx_word' id='word_1_85' title='bbox 504 2332 544 2394; x_wconf 92' lang='lat' dir='ltr'>sit</span> <span class='ocrx_word' id='word_1_86' title='bbox 574 2331 795 2412; x_wconf 88' lang='lat' dir='ltr'>beneplacitum</span> <span class='ocrx_word' id='word_1_87' title='bbox 828 2352 930 2395; x_wconf 91' lang='lat' dir='ltr'>coram</span> <span class='ocrx_word' id='word_1_88' title='bbox 954 2333 1022 2394; x_wconf 65' lang='lat' dir='ltr'>xDeo</span> <span class='ocrx_word' id='word_1_89' title='bbox 1052 2337 1082 2393; x_wconf 93' lang='lat' dir='ltr'>et</span> <span class='ocrx_word' id='word_1_90' title='bbox 1114 2332 1244 2393; x_wconf 85' lang='lat' dir='ltr'>ecclesie</span> <span class='ocrx_word' id='word_1_91' title='bbox 1276 2342 1333 2395; x_wconf 75' lang='lat' dir='ltr'>sue‘</span> 
     </span>
     <span class='ocr_line' id='line_1_13' title="bbox 143 2438 1330 2525; baseline 0.001 -25"><span class='ocrx_word' id='word_1_92' title='bbox 143 2444 244 2502; x_wconf 88' lang='lat' dir='ltr'>sancte</span> <span class='ocrx_word' id='word_1_93' title='bbox 261 2440 315 2525; x_wconf 82' lang='lat' dir='ltr'>a),</span> <span class='ocrx_word' id='word_1_94' title='bbox 332 2445 533 2521; x_wconf 84' lang='lat' dir='ltr'>quantumque</span> <span class='ocrx_word' id='word_1_95' title='bbox 551 2439 665 2501; x_wconf 88' lang='lat' dir='ltr'>debeas</span> <span class='ocrx_word' id='word_1_96' title='bbox 682 2440 711 2500; x_wconf 91' lang='lat' dir='ltr'>ei</span> <span class='ocrx_word' id='word_1_97' title='bbox 727 2440 902 2501; x_wconf 79' lang='lat' dir='ltr'>reverencie</span> <span class='ocrx_word' id='word_1_98' title='bbox 918 2439 1133 2521; x_wconf 82' lang='lat' dir='ltr'>plenitudinem</span> <span class='ocrx_word' id='word_1_99' title='bbox 1150 2445 1181 2501; x_wconf 90' lang='lat' dir='ltr'>et</span> <span class='ocrx_word' id='word_1_100' title='bbox 1196 2438 1330 2502; x_wconf 87' lang='lat' dir='ltr'>honoris.</span> 
     </span>
     <span class='ocr_line' id='line_1_14' title="bbox 141 2542 1331 2626; baseline 0 -20"><span class='ocrx_word' id='word_1_101' title='bbox 141 2543 218 2606; x_wconf 90' lang='lat' dir='ltr'>Sane</span> <span class='ocrx_word' id='word_1_102' title='bbox 246 2546 278 2607; x_wconf 91' lang='lat' dir='ltr'>in</span> <span class='ocrx_word' id='word_1_103' title='bbox 306 2545 383 2614; x_wconf 89' lang='lat' dir='ltr'>hiis,</span> <span class='ocrx_word' id='word_1_104' title='bbox 415 2564 473 2626; x_wconf 90' lang='lat' dir='ltr'>que</span> <span class='ocrx_word' id='word_1_105' title='bbox 501 2564 519 2605; x_wconf 94' lang='lat' dir='ltr'>a</span> <span class='ocrx_word' id='word_1_106' title='bbox 548 2542 636 2605; x_wconf 91' lang='lat' dir='ltr'>nobis</span> <span class='ocrx_word' id='word_1_107' title='bbox 662 2548 714 2606; x_wconf 87' lang='lat' dir='ltr'>tua</span> <span class='ocrx_word' id='word_1_108' title='bbox 736 2543 902 2606; x_wconf 89' lang='lat' dir='ltr'>sublimitas</span> <span class='ocrx_word' id='word_1_109' title='bbox 930 2542 1104 2626; x_wconf 86' lang='lat' dir='ltr'>requisivit,</span> <span class='ocrx_word' id='word_1_110' title='bbox 1138 2563 1205 2606; x_wconf 91' lang='lat' dir='ltr'>cum</span> <span class='ocrx_word' id='word_1_111' title='bbox 1227 2544 1331 2625; x_wconf 89' lang='lat' dir='ltr'>gravia</span> 
     </span>
     <span class='ocr_line' id='line_1_15' title="bbox 140 2649 1331 2720; baseline 0.003 -9"><span class='ocrx_word' id='word_1_112' title='bbox 140 2651 209 2713; x_wconf 87' lang='lat' dir='ltr'>satis</span> <span class='ocrx_word' id='word_1_113' title='bbox 227 2656 257 2715; x_wconf 93' lang='lat' dir='ltr'>et</span> <span class='ocrx_word' id='word_1_114' title='bbox 275 2650 406 2713; x_wconf 88' lang='lat' dir='ltr'>ecclesie</span> <span class='ocrx_word' id='word_1_115' title='bbox 431 2649 581 2713; x_wconf 86' lang='lat' dir='ltr'>contraria</span> <span class='ocrx_word' id='word_1_116' title='bbox 604 2651 779 2720; x_wconf 89' lang='lat' dir='ltr'>videantur,</span> <span class='ocrx_word' id='word_1_117' title='bbox 807 2657 888 2714; x_wconf 91' lang='lat' dir='ltr'>tuam</span> <span class='ocrx_word' id='word_1_118' title='bbox 910 2650 1051 2712; x_wconf 90' lang='lat' dir='ltr'>continuo</span> <span class='ocrx_word' id='word_1_119' title='bbox 1074 2670 1133 2712; x_wconf 91' lang='lat' dir='ltr'>non</span> <span class='ocrx_word' id='word_1_120' title='bbox 1149 2655 1210 2713; x_wconf 84' lang='lat' dir='ltr'>tom</span> <span class='ocrx_word' id='word_1_121' title='bbox 1225 2653 1331 2715; x_wconf 90' lang='lat' dir='ltr'>volun-</span> 
     </span>
     <span class='ocr_line' id='line_1_16' title="bbox 140 2745 1331 2841; baseline 0.001 -21"><span class='ocrx_word' id='word_1_122' title='bbox 140 2763 228 2821; x_wconf 82' lang='lat' dir='ltr'>tatem</span> <span class='ocrx_word' id='word_1_123' title='bbox 238 2757 495 2821; x_wconf 81' lang='lat' dir='ltr'>consideravimus</span> <span class='ocrx_word' id='word_1_124' title='bbox 509 2778 596 2841; x_wconf 89' lang='lat' dir='ltr'>quam</span> <span class='ocrx_word' id='word_1_125' title='bbox 609 2745 730 2830; x_wconf 86' lang='lat' dir='ltr'>etatem,</span> <span class='ocrx_word' id='word_1_126' title='bbox 738 2757 1331 2840; x_wconf 86' lang='lat' dir='ltr'>tranquillaconsideracionepensantes,</span> 
     </span>
     <span class='ocr_line' id='line_1_17' title="bbox 143 2864 1332 2947; baseline 0 -18"><span class='ocrx_word' id='word_1_127' title='bbox 143 2866 220 2947; x_wconf 92' lang='lat' dir='ltr'>quod</span> <span class='ocrx_word' id='word_1_128' title='bbox 251 2886 321 2929; x_wconf 89' lang='lat' dir='ltr'>cum</span> <span class='ocrx_word' id='word_1_129' title='bbox 352 2866 394 2928; x_wconf 89' lang='lat' dir='ltr'>sis</span> <span class='ocrx_word' id='word_1_130' title='bbox 426 2865 456 2927; x_wconf 91' lang='lat' dir='ltr'>in</span> <span class='ocrx_word' id='word_1_131' title='bbox 488 2866 574 2927; x_wconf 86' lang='lat' dir='ltr'>annis</span> <span class='ocrx_word' id='word_1_132' title='bbox 601 2866 715 2927; x_wconf 90' lang='lat' dir='ltr'>teneris</span> <span class='ocrx_word' id='word_1_133' title='bbox 745 2866 924 2927; x_wconf 89' lang='lat' dir='ltr'>constitutus</span> <span class='ocrx_word' id='word_1_134' title='bbox 955 2870 985 2926; x_wconf 89' lang='lat' dir='ltr'>et</span> <span class='ocrx_word' id='word_1_135' title='bbox 1011 2864 1139 2927; x_wconf 90' lang='lat' dir='ltr'>necdum</span> <span class='ocrx_word' id='word_1_136' title='bbox 1166 2865 1198 2927; x_wconf 92' lang='lat' dir='ltr'>in</span> <span class='ocrx_word' id='word_1_137' title='bbox 1223 2866 1332 2930; x_wconf 83' lang='lat' dir='ltr'>talibus</span> 
     </span>
     <span class='ocr_line' id='line_1_18' title="bbox 141 2971 1332 3056; baseline 0.002 -22"><span class='ocrx_word' id='word_1_138' title='bbox 141 2974 331 3055; x_wconf 82' lang='lat' dir='ltr'>experiencie</span> <span class='ocrx_word' id='word_1_139' title='bbox 354 2972 537 3054; x_wconf 85' lang='lat' dir='ltr'>longevitate</span> <span class='ocrx_word' id='word_1_140' title='bbox 566 2973 606 3056; x_wconf 81' lang='lat' dir='ltr'>b)</span> <span class='ocrx_word' id='word_1_141' title='bbox 634 2972 777 3042; x_wconf 89' lang='lat' dir='ltr'>edoctus,</span> <span class='ocrx_word' id='word_1_142' title='bbox 811 2973 889 3035; x_wconf 90' lang='lat' dir='ltr'>sicut</span> <span class='ocrx_word' id='word_1_143' title='bbox 917 2971 954 3034; x_wconf 85' lang='lat' dir='ltr'>ab</span> <span class='ocrx_word' id='word_1_144' title='bbox 988 2972 1063 3033; x_wconf 80' lang='lat' dir='ltr'>aliis&#39;</span> <span class='ocrx_word' id='word_1_145' title='bbox 1085 2972 1255 3053; x_wconf 71' lang='lat' dir='ltr'>inpelleris,</span> <span class='ocrx_word' id='word_1_146' title='bbox 1288 2975 1332 3036; x_wconf 92' lang='lat' dir='ltr'>sic</span> 
     </span>
     <span class='ocr_line' id='line_1_19' title="bbox 140 3079 1330 3161; baseline 0.002 -20"><span class='ocrx_word' id='word_1_147' title='bbox 140 3081 289 3150; x_wconf 89' lang='lat' dir='ltr'>moveris,</span> <span class='ocrx_word' id='word_1_148' title='bbox 317 3081 414 3142; x_wconf 87' lang='lat' dir='ltr'>donec</span> <span class='ocrx_word' id='word_1_149' title='bbox 442 3079 564 3161; x_wconf 88' lang='lat' dir='ltr'>superni</span> <span class='ocrx_word' id='word_1_150' title='bbox 592 3079 785 3159; x_wconf 85' lang='lat' dir='ltr'>providencia</span> <span class='ocrx_word' id='word_1_151' title='bbox 816 3079 979 3141; x_wconf 85' lang='lat' dir='ltr'>conditoris</span> <span class='ocrx_word' id='word_1_152' title='bbox 1009 3098 1102 3141; x_wconf 88' lang='lat' dir='ltr'>annos</span> <span class='ocrx_word' id='word_1_153' title='bbox 1125 3084 1192 3140; x_wconf 91' lang='lat' dir='ltr'>tuos</span> <span class='ocrx_word' id='word_1_154' title='bbox 1214 3087 1330 3143; x_wconf 89' lang='lat' dir='ltr'>matura</span> 
     </span>
     <span class='ocr_line' id='line_1_20' title="bbox 139 3185 1331 3270; baseline -0.001 -20"><span class='ocrx_word' id='word_1_155' title='bbox 139 3189 269 3253; x_wconf 84' lang='lat' dir='ltr'>stabiliat</span> <span class='ocrx_word' id='word_1_156' title='bbox 291 3188 439 3270; x_wconf 85' lang='lat' dir='ltr'>gravitate</span> <span class='ocrx_word' id='word_1_157' title='bbox 457 3193 487 3250; x_wconf 90' lang='lat' dir='ltr'>et</span> <span class='ocrx_word' id='word_1_158' title='bbox 504 3188 589 3250; x_wconf 91' lang='lat' dir='ltr'>cordi</span> <span class='ocrx_word' id='word_1_159' title='bbox 605 3193 655 3250; x_wconf 91' lang='lat' dir='ltr'>tuo</span> <span class='ocrx_word' id='word_1_160' title='bbox 672 3188 747 3249; x_wconf 86' lang='lat' dir='ltr'>altas</span> <span class='ocrx_word' id='word_1_161' title='bbox 770 3186 992 3267; x_wconf 83' lang='lat' dir='ltr'>profundasque</span> <span class='ocrx_word' id='word_1_162' title='bbox 1015 3186 1135 3248; x_wconf 87' lang='lat' dir='ltr'>radices</span> <span class='ocrx_word' id='word_1_163' title='bbox 1156 3185 1261 3268; x_wconf 87' lang='lat' dir='ltr'>infigat</span> <span class='ocrx_word' id='word_1_164' title='bbox 1278 3208 1331 3249; x_wconf 90' lang='lat' dir='ltr'>sue</span> 
     </span>
     <span class='ocr_line' id='line_1_21' title="bbox 140 3293 1332 3376; baseline 0.001 -20"><span class='ocrx_word' id='word_1_165' title='bbox 140 3296 327 3376; x_wconf 87' lang='lat' dir='ltr'>cognicionis</span> <span class='ocrx_word' id='word_1_166' title='bbox 355 3294 469 3376; x_wconf 86' lang='lat' dir='ltr'>pariter</span> <span class='ocrx_word' id='word_1_167' title='bbox 496 3301 527 3357; x_wconf 92' lang='lat' dir='ltr'>et</span> <span class='ocrx_word' id='word_1_168' title='bbox 553 3295 699 3357; x_wconf 86' lang='lat' dir='ltr'>infundat.</span> <span class='ocrx_word' id='word_1_169' title='bbox 732 3293 854 3356; x_wconf 87' lang='lat' dir='ltr'>Interim</span> <span class='ocrx_word' id='word_1_170' title='bbox 877 3313 947 3356; x_wconf 92' lang='lat' dir='ltr'>vero</span> <span class='ocrx_word' id='word_1_171' title='bbox 971 3312 1043 3364; x_wconf 92' lang='lat' dir='ltr'>nos,</span> <span class='ocrx_word' id='word_1_172' title='bbox 1072 3311 1146 3375; x_wconf 87' lang='lat' dir='ltr'>qnos</span> <span class='ocrx_word' id='word_1_173' title='bbox 1171 3294 1278 3357; x_wconf 91' lang='lat' dir='ltr'>honori</span> <span class='ocrx_word' id='word_1_174' title='bbox 1301 3300 1332 3357; x_wconf 93' lang='lat' dir='ltr'>et</span> 
     </span>
     <span class='ocr_line' id='line_1_22' title="bbox 138 3399 1333 3484; baseline 0 -20"><span class='ocrx_word' id='word_1_175' title='bbox 138 3402 325 3481; x_wconf 80' lang='lat' dir='ltr'>profectibus</span> <span class='ocrx_word' id='word_1_176' title='bbox 341 3404 401 3465; x_wconf 92' lang='lat' dir='ltr'>tuis</span> <span class='ocrx_word' id='word_1_177' title='bbox 419 3402 551 3465; x_wconf 88' lang='lat' dir='ltr'>debitum</span> <span class='ocrx_word' id='word_1_178' title='bbox 566 3403 680 3484; x_wconf 86' lang='lat' dir='ltr'>pariter</span> <span class='ocrx_word' id='word_1_179' title='bbox 697 3407 728 3463; x_wconf 88' lang='lat' dir='ltr'>et</span> <span class='ocrx_word' id='word_1_180' title='bbox 743 3399 870 3464; x_wconf 86' lang='lat' dir='ltr'>affectus</span> <span class='ocrx_word' id='word_1_181' title='bbox 886 3405 1012 3482; x_wconf 89' lang='lat' dir='ltr'>paterne</span> <span class='ocrx_word' id='word_1_182' title='bbox 1033 3399 1170 3466; x_wconf 83' lang='lat' dir='ltr'>karitatis</span> <span class='ocrx_word' id='word_1_183' title='bbox 1187 3401 1333 3472; x_wconf 87' lang='lat' dir='ltr'>annectit,</span> 
     </span>
     <span class='ocr_line' id='line_1_23' title="bbox 139 3508 1333 3595; baseline 0.002 -26"><span class='ocrx_word' id='word_1_184' title='bbox 139 3508 174 3571; x_wconf 88' lang='lat' dir='ltr'>de</span> <span class='ocrx_word' id='word_1_185' title='bbox 181 3511 337 3573; x_wconf 85' lang='lat' dir='ltr'>tuasalute</span> <span class='ocrx_word' id='word_1_186' title='bbox 344 3511 382 3595; x_wconf 67' lang='lat' dir='ltr'>c)</span> <span class='ocrx_word' id='word_1_187' title='bbox 390 3511 521 3581; x_wconf 88' lang='lat' dir='ltr'>solliciti,</span> <span class='ocrx_word' id='word_1_188' title='bbox 534 3529 688 3571; x_wconf 89' lang='lat' dir='ltr'>monemus</span> <span class='ocrx_word' id='word_1_189' title='bbox 699 3508 891 3571; x_wconf 86' lang='lat' dir='ltr'>ethortamur</span> <span class='ocrx_word' id='word_1_190' title='bbox 903 3513 1028 3577; x_wconf 84' lang='lat' dir='ltr'>attente,</span> <span class='ocrx_word' id='word_1_191' title='bbox 1044 3514 1190 3590; x_wconf 82' lang='lat' dir='ltr'>quatenus</span> <span class='ocrx_word' id='word_1_192' title='bbox 1207 3515 1333 3571; x_wconf 86' lang='lat' dir='ltr'>matrem</span> 
     </span>
     <span class='ocr_line' id='line_1_24' title="bbox 139 3613 1326 3696; baseline 0 -19"><span class='ocrx_word' id='word_1_193' title='bbox 139 3619 236 3686; x_wconf 90' lang='lat' dir='ltr'>tuam,</span> <span class='ocrx_word' id='word_1_194' title='bbox 265 3623 492 3680; x_wconf 82' lang='lat' dir='ltr'>sacrosanctam</span> <span class='ocrx_word' id='word_1_195' title='bbox 513 3617 656 3679; x_wconf 89' lang='lat' dir='ltr'>videlicet</span> <span class='ocrx_word' id='word_1_196' title='bbox 679 3615 858 3685; x_wconf 87' lang='lat' dir='ltr'>ecclesiam,</span> <span class='ocrx_word' id='word_1_197' title='bbox 887 3616 994 3696; x_wconf 86' lang='lat' dir='ltr'>diligas</span> <span class='ocrx_word' id='word_1_198' title='bbox 1011 3613 1123 3696; x_wconf 89' lang='lat' dir='ltr'>iugiter</span> <span class='ocrx_word' id='word_1_199' title='bbox 1139 3620 1169 3677; x_wconf 87' lang='lat' dir='ltr'>et</span> <span class='ocrx_word' id='word_1_200' title='bbox 1185 3615 1326 3677; x_wconf 90' lang='lat' dir='ltr'>honores.</span> 
     </span>
     <span class='ocr_line' id='line_1_25' title="bbox 138 3720 1331 3806; baseline -0.001 -22"><span class='ocrx_word' id='word_1_201' title='bbox 138 3721 198 3785; x_wconf 91' lang='lat' dir='ltr'>Nos</span> <span class='ocrx_word' id='word_1_202' title='bbox 213 3724 337 3787; x_wconf 89' lang='lat' dir='ltr'>enimin</span> <span class='ocrx_word' id='word_1_203' title='bbox 352 3745 503 3787; x_wconf 83' lang='lat' dir='ltr'>cosumus</span> <span class='ocrx_word' id='word_1_204' title='bbox 519 3723 674 3806; x_wconf 91' lang='lat' dir='ltr'>proposito</span> <span class='ocrx_word' id='word_1_205' title='bbox 689 3723 856 3792; x_wconf 89' lang='lat' dir='ltr'>constituti,</span> <span class='ocrx_word' id='word_1_206' title='bbox 871 3727 904 3785; x_wconf 91' lang='lat' dir='ltr'>ut</span> <span class='ocrx_word' id='word_1_207' title='bbox 920 3727 961 3792; x_wconf 89' lang='lat' dir='ltr'>te,</span> <span class='ocrx_word' id='word_1_208' title='bbox 978 3721 1004 3783; x_wconf 91' lang='lat' dir='ltr'>si</span> <span class='ocrx_word' id='word_1_209' title='bbox 1017 3720 1169 3784; x_wconf 88' lang='lat' dir='ltr'>curaveris</span> <span class='ocrx_word' id='word_1_210' title='bbox 1187 3720 1331 3784; x_wconf 87' lang='lat' dir='ltr'>honorem</span> 
     </span>
     <span class='ocr_line' id='line_1_26' title="bbox 138 3827 1331 3911; baseline 0 -20"><span class='ocrx_word' id='word_1_211' title='bbox 138 3831 266 3893; x_wconf 89' lang='lat' dir='ltr'>ecclesie</span> <span class='ocrx_word' id='word_1_212' title='bbox 297 3851 476 3894; x_wconf 88' lang='lat' dir='ltr'>conservare</span> <span class='ocrx_word' id='word_1_213' title='bbox 506 3837 536 3894; x_wconf 91' lang='lat' dir='ltr'>et</span> <span class='ocrx_word' id='word_1_214' title='bbox 563 3831 668 3899; x_wconf 91' lang='lat' dir='ltr'>nobis,</span> <span class='ocrx_word' id='word_1_215' title='bbox 701 3835 843 3911; x_wconf 83' lang='lat' dir='ltr'>tanquam</span> <span class='ocrx_word' id='word_1_216' title='bbox 870 3828 1019 3910; x_wconf 88' lang='lat' dir='ltr'>patrituo</span> <span class='ocrx_word' id='word_1_217' title='bbox 1043 3827 1207 3908; x_wconf 87' lang='lat' dir='ltr'>spirituali,</span> <span class='ocrx_word' id='word_1_218' title='bbox 1234 3827 1331 3891; x_wconf 87' lang='lat' dir='ltr'>filialis</span> 
     </span>
     <span class='ocr_line' id='line_1_27' title="bbox 137 3933 1331 4007; baseline 0 -8"><span class='ocrx_word' id='word_1_219' title='bbox 137 3937 314 4002; x_wconf 90' lang='lat' dir='ltr'>obediencie</span> <span class='ocrx_word' id='word_1_220' title='bbox 341 3939 459 4002; x_wconf 90' lang='lat' dir='ltr'>vinculo</span> <span class='ocrx_word' id='word_1_221' title='bbox 489 3939 652 4007; x_wconf 90' lang='lat' dir='ltr'>coherere,</span> <span class='ocrx_word' id='word_1_222' title='bbox 680 3937 807 3999; x_wconf 85' lang='lat' dir='ltr'>sinceris</span> <span class='ocrx_word' id='word_1_223' title='bbox 836 3942 942 3999; x_wconf 87' lang='lat' dir='ltr'>extunc</span> <span class='ocrx_word' id='word_1_224' title='bbox 970 3933 1128 3997; x_wconf 85' lang='lat' dir='ltr'>affectibus</span> <span class='ocrx_word' id='word_1_225' title='bbox 1152 3935 1182 3997; x_wconf 96' lang='lat' dir='ltr'>in</span> <span class='ocrx_word' id='word_1_226' title='bbox 1203 3936 1331 3999; x_wconf 90' lang='lat' dir='ltr'>Domino</span> 
     </span>
     <span class='ocr_line' id='line_1_28' title="bbox 138 4041 1330 4127; baseline -0.003 -20"><span class='ocrx_word' id='word_1_227' title='bbox 138 4045 297 4127; x_wconf 83' lang='lat' dir='ltr'>diligamus</span> <span class='ocrx_word' id='word_1_228' title='bbox 314 4052 345 4109; x_wconf 91' lang='lat' dir='ltr'>et</span> <span class='ocrx_word' id='word_1_229' title='bbox 360 4046 568 4127; x_wconf 88' lang='lat' dir='ltr'>provideamus</span> <span class='ocrx_word' id='word_1_230' title='bbox 586 4044 747 4113; x_wconf 84' lang='lat' dir='ltr'>attencius,</span> <span class='ocrx_word' id='word_1_231' title='bbox 770 4044 918 4125; x_wconf 91' lang='lat' dir='ltr'>quomodo</span> <span class='ocrx_word' id='word_1_232' title='bbox 935 4047 1046 4106; x_wconf 86' lang='lat' dir='ltr'>statum</span> <span class='ocrx_word' id='word_1_233' title='bbox 1062 4047 1145 4105; x_wconf 91' lang='lat' dir='ltr'>tuum</span> <span class='ocrx_word' id='word_1_234' title='bbox 1161 4041 1330 4104; x_wconf 86' lang='lat' dir='ltr'>salubribus</span> 
     </span>
     <span class='ocr_line' id='line_1_29' title="bbox 138 4153 877 4233; baseline -0.001 -20"><span class='ocrx_word' id='word_1_235' title='bbox 138 4153 319 4217; x_wconf 85' lang='lat' dir='ltr'>instruamus</span> <span class='ocrx_word' id='word_1_236' title='bbox 336 4153 457 4216; x_wconf 92' lang='lat' dir='ltr'>monitis</span> <span class='ocrx_word' id='word_1_237' title='bbox 475 4159 505 4216; x_wconf 91' lang='lat' dir='ltr'>ct</span> <span class='ocrx_word' id='word_1_238' title='bbox 521 4153 685 4216; x_wconf 88' lang='lat' dir='ltr'>bonoribus</span> <span class='ocrx_word' id='word_1_239' title='bbox 703 4171 877 4233; x_wconf 86' lang='lat' dir='ltr'>augeamus.</span> 
     </span>
    </p>
   </div>
   <div class='ocr_carea' id='block_1_6' title="bbox 226 4306 1444 4382">
    <p class='ocr_par' dir='ltr' id='par_1_6' title="bbox 226 4306 1444 4382">
     <span class='ocr_line' id='line_1_30' title="bbox 226 4306 1444 4382; baseline -0.005 -16"><span class='ocrx_word' id='word_1_240' title='bbox 226 4313 315 4381; x_wconf 84' lang='lat' dir='ltr'>Vergl.</span> <span class='ocrx_word' id='word_1_241' title='bbox 335 4314 409 4366; x_wconf 88' lang='lat' dir='ltr'>einen</span> <span class='ocrx_word' id='word_1_242' title='bbox 427 4313 565 4366; x_wconf 78' lang='lat' dir='ltr'>nbnlicben</span> <span class='ocrx_word' id='word_1_243' title='bbox 584 4312 660 4366; x_wconf 83' lang='lat' dir='ltr'>Brief</span> <span class='ocrx_word' id='word_1_244' title='bbox 674 4311 814 4364; x_wconf 83' lang='lat' dir='ltr'>Innocenz’</span> <span class='ocrx_word' id='word_1_245' title='bbox 831 4308 873 4363; x_wconf 83' lang='grc' dir='ltr'>ΠΙ.</span> <span class='ocrx_word' id='word_1_246' title='bbox 893 4326 951 4361; x_wconf 89' lang='lat' dir='ltr'>vom</span> <span class='ocrx_word' id='word_1_247' title='bbox 973 4308 998 4361; x_wconf 85' lang='lat'>3.</span> <span class='ocrx_word' id='word_1_248' title='bbox 1017 4308 1071 4362; x_wconf 86' lang='lat' dir='ltr'>Jull</span> <span class='ocrx_word' id='word_1_249' title='bbox 1092 4306 1175 4361; x_wconf 65' lang='lat'>1201,</span> <span class='ocrx_word' id='word_1_250' title='bbox 1189 4307 1330 4369; x_wconf 86' lang='lat' dir='ltr'>Boebmer,</span> <span class='ocrx_word' id='word_1_251' title='bbox 1423 4351 1444 4382; x_wconf 86' lang='lat'>·.</span> 
     </span>
    </p>
   </div>
   <div class='ocr_carea' id='block_1_7' title="bbox 137 4395 1330 4563">
    <p class='ocr_par' dir='ltr' id='par_1_7' title="bbox 137 4395 1330 4563">
     <span class='ocr_line' id='line_1_31' title="bbox 137 4395 1330 4471; baseline -0.003 -16"><span class='ocrx_word' id='word_1_252' title='bbox 137 4401 200 4471; x_wconf 75' lang='lat' dir='ltr'>fleg.</span> <span class='ocrx_word' id='word_1_253' title='bbox 215 4403 270 4457; x_wconf 89' lang='lat' dir='ltr'>lnn.</span> <span class='ocrx_word' id='word_1_254' title='bbox 284 4420 326 4455; x_wconf 88' lang='lat' dir='ltr'>no.</span> <span class='ocrx_word' id='word_1_255' title='bbox 340 4402 384 4455; x_wconf 82' lang='lat'>76.</span> <span class='ocrx_word' id='word_1_256' title='bbox 398 4402 452 4455; x_wconf 92' lang='lat' dir='ltr'>und</span> <span class='ocrx_word' id='word_1_257' title='bbox 465 4403 588 4464; x_wconf 89' lang='lat' dir='ltr'>Ranmer,</span> <span class='ocrx_word' id='word_1_258' title='bbox 606 4399 813 4462; x_wconf 85' lang='lat' dir='ltr'>llohenstaufeu,</span> <span class='ocrx_word' id='word_1_259' title='bbox 827 4398 852 4452; x_wconf 81' lang='lat'>3.</span> <span class='ocrx_word' id='word_1_260' title='bbox 866 4397 938 4452; x_wconf 75' lang='lat' dir='ltr'>nun.</span> <span class='ocrx_word' id='word_1_261' title='bbox 951 4397 978 4460; x_wconf 84' lang='lat'>2,</span> <span class='ocrx_word' id='word_1_262' title='bbox 992 4396 1054 4451; x_wconf 76' lang='lat'><strong>406.</strong></span> <span class='ocrx_word' id='word_1_263' title='bbox 1077 4397 1105 4448; x_wconf 91' lang='lat' dir='ltr'>ln</span> <span class='ocrx_word' id='word_1_264' title='bbox 1126 4395 1249 4450; x_wconf 80' lang='lat' dir='ltr'>desselbe</span> <span class='ocrx_word' id='word_1_265' title='bbox 1262 4395 1330 4451; x_wconf 77' lang='lat' dir='ltr'>Jahn</span> 
     </span>
     <span class='ocr_line' id='line_1_32' title="bbox 142 4492 630 4563; baseline -0.002 -19"><span class='ocrx_word' id='word_1_266' title='bbox 142 4492 230 4545; x_wconf 76' lang='lat' dir='ltr'>dirrfte</span> <span class='ocrx_word' id='word_1_267' title='bbox 244 4494 310 4546; x_wconf 85' lang='lat' dir='ltr'>auch</span> <span class='ocrx_word' id='word_1_268' title='bbox 324 4511 404 4547; x_wconf 89' lang='lat' dir='ltr'>unser</span> <span class='ocrx_word' id='word_1_269' title='bbox 417 4493 493 4548; x_wconf 88' lang='lat' dir='ltr'>Brief</span> <span class='ocrx_word' id='word_1_270' title='bbox 505 4494 630 4563; x_wconf 73' lang='lat' dir='ltr'>geboren.</span> 
     </span>
    </p>
   </div>
   <div class='ocr_carea' id='block_1_8' title="bbox 228 4646 1328 4721">
    <p class='ocr_par' dir='ltr' id='par_1_8' title="bbox 228 4646 1328 4721">
     <span class='ocr_line' id='line_1_33' title="bbox 228 4646 1328 4721; baseline -0.007 -16"><span class='ocrx_word' id='word_1_271' title='bbox 228 4654 262 4721; x_wconf 85' lang='lat' dir='ltr'>a)</span> <span class='ocrx_word' id='word_1_272' title='bbox 282 4663 374 4707; x_wconf 82' lang='lat' dir='ltr'>sancte</span> <span class='ocrx_word' id='word_1_273' title='bbox 397 4672 437 4706; x_wconf 85' lang='lat' dir='ltr'>am</span> <span class='ocrx_word' id='word_1_274' title='bbox 459 4653 550 4707; x_wconf 84' lang='lat' dir='ltr'>Rande</span> <span class='ocrx_word' id='word_1_275' title='bbox 570 4654 599 4706; x_wconf 88' lang='lat' dir='ltr'>V.</span> <span class='ocrx_word' id='word_1_276' title='bbox 620 4684 652 4693; x_wconf 86' lang='lat'><em>-</em></span> <span class='ocrx_word' id='word_1_277' title='bbox 673 4651 705 4715; x_wconf 86' lang='lat' dir='ltr'>b)</span> <span class='ocrx_word' id='word_1_278' title='bbox 721 4649 861 4721; x_wconf 76' lang='lat' dir='ltr'>topevitate</span> <span class='ocrx_word' id='word_1_279' title='bbox 875 4666 931 4702; x_wconf 82' lang='lat' dir='ltr'>zum</span> <span class='ocrx_word' id='word_1_280' title='bbox 945 4647 1020 4701; x_wconf 86' lang='lat' dir='ltr'>Theil</span> <span class='ocrx_word' id='word_1_281' title='bbox 1035 4646 1081 4699; x_wconf 83' lang='lat' dir='ltr'>auf</span> <span class='ocrx_word' id='word_1_282' title='bbox 1092 4647 1216 4700; x_wconf 80' lang='lat' dir='ltr'>Rasurll.</span> <span class='ocrx_word' id='word_1_283' title='bbox 1243 4674 1273 4684; x_wconf 93' lang='lat'><em>-</em></span> <span class='ocrx_word' id='word_1_284' title='bbox 1295 4646 1328 4718; x_wconf 82' lang='lat' dir='ltr'>c)</span> 
     </span>
    </p>
   </div>
   <div class='ocr_carea' id='block_1_9' title="bbox 137 4726 1115 4898">
    <p class='ocr_par' dir='ltr' id='par_1_9' title="bbox 137 4726 1115 4898">
     <span class='ocr_line' id='line_1_34' title="bbox 137 4726 264 4796; baseline 0.008 -1"><span class='ocrx_word' id='word_1_285' title='bbox 137 4741 222 4796; x_wconf 75' lang='lat' dir='ltr'>saltim</span> <span class='ocrx_word' id='word_1_286' title='bbox 235 4726 264 4796; x_wconf 63' lang='lat' dir='ltr'>VJ</span> 
     </span>
     <span class='ocr_line' id='line_1_35' title="bbox 196 4824 1115 4898; baseline 0.01 -11"><span class='ocrx_word' id='word_1_287' title='bbox 196 4842 292 4890; x_wconf 68' lang='lat' dir='ltr'>ronta..</span> <span class='ocrx_word' id='word_1_288' title='bbox 305 4843 543 4888; x_wconf 68' lang='lat' dir='ltr'>mennonxxv.</span> <span class='ocrx_word' id='word_1_289' title='bbox 927 4893 929 4898; x_wconf 77' lang='grc'>,</span> <span class='ocrx_word' id='word_1_290' title='bbox 1080 4824 1115 4876; x_wconf 79' lang='lat'>13</span> 
     </span>
    </p>
   </div>
   <div class='ocr_carea' id='block_1_10' title="bbox 0 0 1610 5392">
    <p class='ocr_par' dir='ltr' id='par_1_10' title="bbox 0 0 1610 5392">
     <span class='ocr_line' id='line_1_36' title="bbox 0 0 1610 5392; baseline 0 2"><span class='ocrx_word' id='word_1_291' title='bbox 0 0 1610 5392; x_wconf 95' lang='lat' dir='ltr'> </span> 
     </span>
    </p>
   </div>
  </div>
 </body>
</html>
