<?xml version="1.0" encoding="UTF-8"?>
<!DOCTYPE html PUBLIC "-//W3C//DTD XHTML 1.0 Transitional//EN"
    "http://www.w3.org/TR/xhtml1/DTD/xhtml1-transitional.dtd">
<html xmlns="http://www.w3.org/1999/xhtml" xml:lang="en" lang="en">
 <head>
  <title>
</title>
<meta http-equiv="Content-Type" content="text/html;charset=utf-8" />
  <meta name='ocr-system' content='tesseract 3.04.00' />
  <meta name='ocr-capabilities' content='ocr_page ocr_carea ocr_par ocr_line ocrx_word'/>
</head>
<body>
  <div class='ocr_page' id='page_1' title='image "./fontesrerumaust00unkngoog_0066.png"; bbox 0 0 3209 5392; ppageno 0'>
   <div class='ocr_carea' id='block_1_1' title="bbox 360 688 1125 778">
    <p class='ocr_par' dir='ltr' id='par_1_1' title="bbox 360 688 1125 778">
     <span class='ocr_line' id='line_1_1' title="bbox 360 688 1125 778; baseline -0.005 -20"><span class='ocrx_word' id='word_1_1' title='bbox 360 755 366 765; x_wconf 83' lang='lat'><strong>,</strong></span> <span class='ocrx_word' id='word_1_2' title='bbox 415 694 585 778; x_wconf 75' lang='lat' dir='ltr'>Exemplum</span> <span class='ocrx_word' id='word_1_3' title='bbox 601 691 758 758; x_wconf 85' lang='lat' dir='ltr'><strong>dllllnltlve</strong></span> <span class='ocrx_word' id='word_1_4' title='bbox 775 694 927 759; x_wconf 84' lang='lat' dir='ltr'><strong>sentencie</strong></span> <span class='ocrx_word' id='word_1_5' title='bbox 942 692 1059 775; x_wconf 80' lang='lat' dir='ltr'><strong>populls</strong></span> <span class='ocrx_word' id='word_1_6' title='bbox 1076 688 1125 776; x_wconf 74' lang='lat' dir='ltr'><strong>a).</strong></span> 
     </span>
    </p>
   </div>
   <div class='ocr_carea' id='block_1_2' title="bbox 161 850 1377 4321">
    <p class='ocr_par' dir='ltr' id='par_1_2' title="bbox 161 850 1377 4321">
     <span class='ocr_line' id='line_1_2' title="bbox 254 850 1371 938; baseline 0 -23"><span class='ocrx_word' id='word_1_7' title='bbox 254 850 425 936; x_wconf 76' lang='lat' dir='ltr'>Gregorius</span> <span class='ocrx_word' id='word_1_8' title='bbox 464 854 624 938; x_wconf 89' lang='lat' dir='ltr'><strong>episcopus</strong></span> <span class='ocrx_word' id='word_1_9' title='bbox 662 873 686 917; x_wconf 90' lang='lat' dir='ltr'><strong>s.</strong></span> <span class='ocrx_word' id='word_1_10' title='bbox 721 875 746 917; x_wconf 90' lang='lat' dir='ltr'><strong>s.</strong></span> <span class='ocrx_word' id='word_1_11' title='bbox 777 854 834 918; x_wconf 87' lang='lat' dir='ltr'><strong>Dei</strong></span> <span class='ocrx_word' id='word_1_12' title='bbox 871 853 1037 918; x_wconf 81' lang='lat' dir='ltr'><strong>venerabili</strong></span> <span class='ocrx_word' id='word_1_13' title='bbox 1067 853 1098 916; x_wconf 92' lang='lat' dir='ltr'><strong>in</strong></span> <span class='ocrx_word' id='word_1_14' title='bbox 1130 852 1250 917; x_wconf 84' lang='lat' dir='ltr'><strong>Christo</strong></span> <span class='ocrx_word' id='word_1_15' title='bbox 1282 852 1371 916; x_wconf 83' lang='lat' dir='ltr'><strong>fratri</strong></span> 
     </span>
     <span class='ocr_line' id='line_1_3' title="bbox 162 961 1372 1046; baseline 0.002 -22"><span class='ocrx_word' id='word_1_16' title='bbox 162 961 194 1024; x_wconf 77' lang='lat' dir='ltr'><strong>F.</strong></span> <span class='ocrx_word' id='word_1_17' title='bbox 217 961 480 1045; x_wconf 82' lang='lat' dir='ltr'><strong>Magdeburgensi</strong></span> <span class='ocrx_word' id='word_1_18' title='bbox 499 963 731 1046; x_wconf 75' lang='lat' dir='ltr'>archiepiscopo</span> <span class='ocrx_word' id='word_1_19' title='bbox 756 967 814 1026; x_wconf 89' lang='lat' dir='ltr'><strong>etc.</strong></span> <span class='ocrx_word' id='word_1_20' title='bbox 849 961 927 1043; x_wconf 83' lang='lat' dir='ltr'><strong>Quia</strong></span> <span class='ocrx_word' id='word_1_21' title='bbox 954 981 1033 1046; x_wconf 88' lang='lat' dir='ltr'><strong>equa</strong></span> <span class='ocrx_word' id='word_1_22' title='bbox 1062 966 1109 1026; x_wconf 87' lang='lat' dir='ltr'><strong>est</strong></span> <span class='ocrx_word' id='word_1_23' title='bbox 1130 961 1179 1026; x_wconf 92' lang='lat' dir='ltr'><strong>via</strong></span> <span class='ocrx_word' id='word_1_24' title='bbox 1195 961 1315 1026; x_wconf 86' lang='lat' dir='ltr'><strong>Domini</strong></span> <span class='ocrx_word' id='word_1_25' title='bbox 1339 968 1372 1026; x_wconf 88' lang='lat' dir='ltr'><strong>et</strong></span> 
     </span>
     <span class='ocr_line' id='line_1_4' title="bbox 161 1069 1371 1155; baseline 0 -23"><span class='ocrx_word' id='word_1_26' title='bbox 161 1070 308 1155; x_wconf 86' lang='lat' dir='ltr'><strong>iniquitas</strong></span> <span class='ocrx_word' id='word_1_27' title='bbox 325 1090 381 1154; x_wconf 89' lang='lat' dir='ltr'><strong>per</strong></span> <span class='ocrx_word' id='word_1_28' title='bbox 397 1071 461 1135; x_wconf 91' lang='lat' dir='ltr'><strong>cius</strong></span> <span class='ocrx_word' id='word_1_29' title='bbox 479 1073 615 1135; x_wconf 88' lang='lat' dir='ltr'><strong>semitam</strong></span> <span class='ocrx_word' id='word_1_30' title='bbox 632 1091 691 1134; x_wconf 91' lang='lat' dir='ltr'><strong>non</strong></span> <span class='ocrx_word' id='word_1_31' title='bbox 707 1071 856 1144; x_wconf 76' lang='lat' dir='ltr'><strong>transibit,</strong></span> <span class='ocrx_word' id='word_1_32' title='bbox 873 1091 946 1145; x_wconf 90' lang='lat' dir='ltr'><strong>nos,</strong></span> <span class='ocrx_word' id='word_1_33' title='bbox 963 1090 1039 1155; x_wconf 89' lang='lat' dir='ltr'><strong>quos</strong></span> <span class='ocrx_word' id='word_1_34' title='bbox 1055 1072 1157 1154; x_wconf 86' lang='lat' dir='ltr'><strong>posuit</strong></span> <span class='ocrx_word' id='word_1_35' title='bbox 1169 1071 1207 1135; x_wconf 90' lang='lat' dir='ltr'><strong>ad</strong></span> <span class='ocrx_word' id='word_1_36' title='bbox 1221 1070 1306 1135; x_wconf 92' lang='lat' dir='ltr'><strong>ovilis</strong></span> <span class='ocrx_word' id='word_1_37' title='bbox 1323 1069 1371 1135; x_wconf 85' lang='lat' dir='ltr'><strong>sui</strong></span> 
     </span>
     <span class='ocr_line' id='line_1_5' title="bbox 164 1178 1372 1263; baseline 0 -22"><span class='ocrx_word' id='word_1_38' title='bbox 164 1179 351 1252; x_wconf 81' lang='lat' dir='ltr'><strong>custodiam,</strong></span> <span class='ocrx_word' id='word_1_39' title='bbox 376 1181 532 1244; x_wconf 88' lang='lat' dir='ltr'><strong>constituti</strong></span> <span class='ocrx_word' id='word_1_40' title='bbox 555 1179 678 1244; x_wconf 83' lang='lat' dir='ltr'><strong>cuilibet</strong></span> <span class='ocrx_word' id='word_1_41' title='bbox 700 1179 853 1243; x_wconf 75' lang='lat' dir='ltr'><strong>debitores</strong></span> <span class='ocrx_word' id='word_1_42' title='bbox 871 1199 907 1243; x_wconf 92' lang='lat' dir='ltr'><strong>ac</strong></span> <span class='ocrx_word' id='word_1_43' title='bbox 929 1200 985 1262; x_wconf 91' lang='lat' dir='ltr'><strong>per</strong></span> <span class='ocrx_word' id='word_1_44' title='bbox 1006 1181 1114 1243; x_wconf 91' lang='lat' dir='ltr'><strong>summi</strong></span> <span class='ocrx_word' id='word_1_45' title='bbox 1135 1179 1231 1263; x_wconf 90' lang='lat' dir='ltr'><strong>patris</strong></span> <span class='ocrx_word' id='word_1_46' title='bbox 1249 1178 1372 1243; x_wconf 82' lang='lat' dir='ltr'><strong>semitas</strong></span> 
     </span>
     <span class='ocr_line' id='line_1_6' title="bbox 162 1285 1373 1376; baseline 0.002 -26"><span class='ocrx_word' id='word_1_47' title='bbox 162 1287 371 1365; x_wconf 78' lang='lat' dir='ltr'><strong>sollicitudine</strong></span> <span class='ocrx_word' id='word_1_48' title='bbox 386 1285 584 1376; x_wconf 59' lang='lat' dir='ltr'><strong>{gradientes</strong></span> <span class='ocrx_word' id='word_1_49' title='bbox 608 1309 643 1351; x_wconf 93' lang='lat' dir='ltr'><strong>eo</strong></span> <span class='ocrx_word' id='word_1_50' title='bbox 661 1294 797 1361; x_wconf 90' lang='lat' dir='ltr'><strong>auctore,</strong></span> <span class='ocrx_word' id='word_1_51' title='bbox 815 1289 866 1371; x_wconf 85' lang='lat' dir='ltr'><strong>qui</strong></span> <span class='ocrx_word' id='word_1_52' title='bbox 883 1289 947 1352; x_wconf 88' lang='lat' dir='ltr'><strong>odit</strong></span> <span class='ocrx_word' id='word_1_53' title='bbox 968 1288 1155 1371; x_wconf 85' lang='lat' dir='ltr'><strong>iniquitatem</strong></span> <span class='ocrx_word' id='word_1_54' title='bbox 1173 1294 1204 1353; x_wconf 88' lang='lat' dir='ltr'><strong>et</strong></span> <span class='ocrx_word' id='word_1_55' title='bbox 1219 1288 1373 1353; x_wconf 86' lang='lat' dir='ltr'><strong>iusticiam</strong></span> 
     </span>
     <span class='ocr_line' id='line_1_7' title="bbox 162 1397 1373 1483; baseline 0.002 -24"><span class='ocrx_word' id='word_1_56' title='bbox 162 1397 273 1479; x_wconf 82' lang='lat' dir='ltr'><strong>diligit,</strong></span> <span class='ocrx_word' id='word_1_57' title='bbox 310 1417 328 1459; x_wconf 87' lang='lat' dir='ltr'><strong>a</strong></span> <span class='ocrx_word' id='word_1_58' title='bbox 360 1397 436 1460; x_wconf 92' lang='lat' dir='ltr'><strong>calle</strong></span> <span class='ocrx_word' id='word_1_59' title='bbox 467 1397 657 1460; x_wconf 75' lang='lat' dir='ltr'><strong>rectitudinis</strong></span> <span class='ocrx_word' id='word_1_60' title='bbox 690 1418 749 1460; x_wconf 93' lang='lat' dir='ltr'><strong>non</strong></span> <span class='ocrx_word' id='word_1_61' title='bbox 783 1397 986 1461; x_wconf 85' lang='lat' dir='ltr'><strong>discedimus</strong></span> <span class='ocrx_word' id='word_1_62' title='bbox 1008 1417 1107 1481; x_wconf 87' lang='lat' dir='ltr'><strong>neque</strong></span> <span class='ocrx_word' id='word_1_63' title='bbox 1130 1398 1176 1461; x_wconf 83' lang='lat' dir='ltr'><strong>ab</strong></span> <span class='ocrx_word' id='word_1_64' title='bbox 1215 1417 1294 1483; x_wconf 88' lang='lat' dir='ltr'><strong>equa</strong></span> <span class='ocrx_word' id='word_1_65' title='bbox 1324 1397 1373 1462; x_wconf 85' lang='lat' dir='ltr'><strong>via</strong></span> 
     </span>
     <span class='ocr_line' id='line_1_8' title="bbox 161 1505 1372 1590; baseline 0.003 -23"><span class='ocrx_word' id='word_1_66' title='bbox 161 1505 297 1579; x_wconf 89' lang='lat' dir='ltr'><strong>iusticie,</strong></span> <span class='ocrx_word' id='word_1_67' title='bbox 316 1511 459 1590; x_wconf 88' lang='lat' dir='ltr'><strong>quantum</strong></span> <span class='ocrx_word' id='word_1_68' title='bbox 473 1507 603 1570; x_wconf 89' lang='lat' dir='ltr'><strong>humana</strong></span> <span class='ocrx_word' id='word_1_69' title='bbox 619 1507 690 1570; x_wconf 89' lang='lat' dir='ltr'><strong>sinit</strong></span> <span class='ocrx_word' id='word_1_70' title='bbox 707 1507 857 1580; x_wconf 89' lang='lat' dir='ltr'><strong>condicio,</strong></span> <span class='ocrx_word' id='word_1_71' title='bbox 884 1508 1048 1571; x_wconf 91' lang='lat' dir='ltr'><strong>deviamus.</strong></span> <span class='ocrx_word' id='word_1_72' title='bbox 1094 1509 1174 1572; x_wconf 89' lang='lat' dir='ltr'><strong>Sane</strong></span> <span class='ocrx_word' id='word_1_73' title='bbox 1205 1509 1237 1571; x_wconf 92' lang='lat' dir='ltr'><strong>in</strong></span> <span class='ocrx_word' id='word_1_74' title='bbox 1268 1512 1372 1572; x_wconf 88' lang='lat' dir='ltr'><strong>nostra</strong></span> 
     </span>
     <span class='ocr_line' id='line_1_9' title="bbox 162 1615 1373 1704; baseline 0.002 -25"><span class='ocrx_word' id='word_1_75' title='bbox 162 1618 327 1700; x_wconf 89' lang='lat' dir='ltr'><strong>presencia</strong></span> <span class='ocrx_word' id='word_1_76' title='bbox 338 1617 373 1678; x_wconf 92' lang='lat' dir='ltr'><strong>H.</strong></span> <span class='ocrx_word' id='word_1_77' title='bbox 389 1616 515 1679; x_wconf 92' lang='lat' dir='ltr'><strong>dilectus</strong></span> <span class='ocrx_word' id='word_1_78' title='bbox 532 1617 563 1678; x_wconf 92' lang='lat' dir='ltr'><strong>in</strong></span> <span class='ocrx_word' id='word_1_79' title='bbox 575 1616 694 1680; x_wconf 86' lang='lat' dir='ltr'><strong>Christo</strong></span> <span class='ocrx_word' id='word_1_80' title='bbox 705 1615 783 1680; x_wconf 88' lang='lat' dir='ltr'><strong>filius</strong></span> <span class='ocrx_word' id='word_1_81' title='bbox 796 1617 1069 1682; x_wconf 80' lang='lat' dir='ltr'><strong>Hclberetcteaoie</strong></span> <span class='ocrx_word' id='word_1_82' title='bbox 1085 1616 1123 1704; x_wconf 76' lang='lat' dir='ltr'><strong>b)</strong></span> <span class='ocrx_word' id='word_1_83' title='bbox 1136 1616 1268 1680; x_wconf 90' lang='lat' dir='ltr'><strong>ecclesie</strong></span> <span class='ocrx_word' id='word_1_84' title='bbox 1281 1637 1373 1682; x_wconf 90' lang='lat' dir='ltr'><strong>cano-</strong></span> 
     </span>
     <span class='ocr_line' id='line_1_10' title="bbox 161 1723 1374 1810; baseline 0.001 -22"><span class='ocrx_word' id='word_1_85' title='bbox 161 1726 248 1789; x_wconf 90' lang='lat' dir='ltr'><strong>nicus</strong></span> <span class='ocrx_word' id='word_1_86' title='bbox 266 1725 406 1790; x_wconf 90' lang='lat' dir='ltr'><strong>eiusdem</strong></span> <span class='ocrx_word' id='word_1_87' title='bbox 434 1723 565 1788; x_wconf 89' lang='lat' dir='ltr'><strong>ecclesie</strong></span> <span class='ocrx_word' id='word_1_88' title='bbox 587 1730 775 1807; x_wconf 91' lang='lat' dir='ltr'><strong>procurator,</strong></span> <span class='ocrx_word' id='word_1_89' title='bbox 804 1723 1109 1810; x_wconf 55' lang='lat' dir='ltr'><strong>sollicitudineque</strong></span> <span class='ocrx_word' id='word_1_90' title='bbox 1136 1745 1204 1789; x_wconf 92' lang='lat' dir='ltr'><strong>cum</strong></span> <span class='ocrx_word' id='word_1_91' title='bbox 1227 1726 1374 1790; x_wconf 75' lang='lat' dir='ltr'><strong>instancia</strong></span> 
     </span>
     <span class='ocr_line' id='line_1_11' title="bbox 162 1833 1375 1918; baseline -0.001 -18"><span class='ocrx_word' id='word_1_92' title='bbox 162 1836 341 1918; x_wconf 85' lang='lat' dir='ltr'><strong>postulavit,</strong></span> <span class='ocrx_word' id='word_1_93' title='bbox 358 1839 505 1917; x_wconf 86' lang='lat' dir='ltr'><strong>quatenus</strong></span> <span class='ocrx_word' id='word_1_94' title='bbox 524 1834 703 1911; x_wconf 87' lang='lat' dir='ltr'><strong>electionem</strong></span> <span class='ocrx_word' id='word_1_95' title='bbox 717 1834 822 1898; x_wconf 90' lang='lat' dir='ltr'><strong>dilecti</strong></span> <span class='ocrx_word' id='word_1_96' title='bbox 834 1833 886 1896; x_wconf 95' lang='lat' dir='ltr'><strong>filii</strong></span> <span class='ocrx_word' id='word_1_97' title='bbox 899 1835 934 1896; x_wconf 84' lang='lat' dir='ltr'><strong>L.</strong></span> <span class='ocrx_word' id='word_1_98' title='bbox 952 1834 1004 1917; x_wconf 82' lang='lat' dir='ltr'><strong>d),</strong></span> <span class='ocrx_word' id='word_1_99' title='bbox 1022 1853 1111 1917; x_wconf 86' lang='lat' dir='ltr'><strong>quem</strong></span> <span class='ocrx_word' id='word_1_100' title='bbox 1124 1835 1231 1898; x_wconf 90' lang='lat' dir='ltr'><strong>eadem</strong></span> <span class='ocrx_word' id='word_1_101' title='bbox 1244 1836 1375 1899; x_wconf 91' lang='lat' dir='ltr'><strong>ecclesia</strong></span> 
     </span>
     <span class='ocr_line' id='line_1_12' title="bbox 163 1929 1373 2028; baseline -0.001 -21"><span class='ocrx_word' id='word_1_102' title='bbox 163 1946 195 2008; x_wconf 93' lang='lat' dir='ltr'><strong>in</strong></span> <span class='ocrx_word' id='word_1_103' title='bbox 211 1946 394 2028; x_wconf 89' lang='lat' dir='ltr'><strong>episcopum</strong></span> <span class='ocrx_word' id='word_1_104' title='bbox 418 1942 553 2024; x_wconf 85' lang='lat' dir='ltr'><strong>elegerat</strong></span> <span class='ocrx_word' id='word_1_105' title='bbox 570 1949 600 2005; x_wconf 92' lang='lat' dir='ltr'><strong>et</strong></span> <span class='ocrx_word' id='word_1_106' title='bbox 615 1947 779 2024; x_wconf 89' lang='lat' dir='ltr'><strong>pastorem,</strong></span> <span class='ocrx_word' id='word_1_107' title='bbox 802 1942 982 2005; x_wconf 89' lang='lat' dir='ltr'><strong>auctoritate</strong></span> <span class='ocrx_word' id='word_1_108' title='bbox 1005 1929 1171 2025; x_wconf 80' lang='lat' dir='ltr'><strong>apostolica</strong></span> <span class='ocrx_word' id='word_1_109' title='bbox 1195 1944 1373 2008; x_wconf 88' lang='lat' dir='ltr'><strong>confirmare</strong></span> 
     </span>
     <span class='ocr_line' id='line_1_13' title="bbox 166 2049 1374 2136; baseline 0 -20"><span class='ocrx_word' id='word_1_110' title='bbox 166 2054 373 2136; x_wconf 81' lang='lat' dir='ltr'><strong>dignaremur.</strong></span> <span class='ocrx_word' id='word_1_111' title='bbox 396 2051 442 2113; x_wconf 84' lang='lat' dir='ltr'><strong>Ad</strong></span> <span class='ocrx_word' id='word_1_112' title='bbox 458 2050 516 2113; x_wconf 93' lang='lat' dir='ltr'><strong>boc</strong></span> <span class='ocrx_word' id='word_1_113' title='bbox 534 2051 661 2114; x_wconf 88' lang='lat' dir='ltr'><strong>dilectus</strong></span> <span class='ocrx_word' id='word_1_114' title='bbox 678 2051 709 2114; x_wconf 92' lang='lat' dir='ltr'><strong>in</strong></span> <span class='ocrx_word' id='word_1_115' title='bbox 725 2050 844 2114; x_wconf 84' lang='lat' dir='ltr'><strong>Christo</strong></span> <span class='ocrx_word' id='word_1_116' title='bbox 860 2049 937 2112; x_wconf 81' lang='lat' dir='ltr'><strong>filius</strong></span> <span class='ocrx_word' id='word_1_117' title='bbox 955 2050 1003 2122; x_wconf 83' lang='lat' dir='ltr'><strong>G,</strong></span> <span class='ocrx_word' id='word_1_118' title='bbox 1021 2056 1125 2114; x_wconf 89' lang='lat' dir='ltr'><strong>sancte</strong></span> <span class='ocrx_word' id='word_1_119' title='bbox 1141 2053 1235 2116; x_wconf 90' lang='lat' dir='ltr'><strong>Marie</strong></span> <span class='ocrx_word' id='word_1_120' title='bbox 1250 2053 1374 2117; x_wconf 84' lang='lat' dir='ltr'><strong>dericho</strong></span> 
     </span>
     <span class='ocr_line' id='line_1_14' title="bbox 163 2158 1373 2246; baseline -0.002 -20"><span class='ocrx_word' id='word_1_121' title='bbox 163 2168 358 2246; x_wconf 89' lang='lat' dir='ltr'><strong>procurator,</strong></span> <span class='ocrx_word' id='word_1_122' title='bbox 375 2159 533 2241; x_wconf 88' lang='lat' dir='ltr'><strong>proposuit</strong></span> <span class='ocrx_word' id='word_1_123' title='bbox 550 2180 586 2221; x_wconf 83' lang='lat' dir='ltr'><strong>ex</strong></span> <span class='ocrx_word' id='word_1_124' title='bbox 602 2160 747 2231; x_wconf 90' lang='lat' dir='ltr'><strong>adverso,</strong></span> <span class='ocrx_word' id='word_1_125' title='bbox 770 2158 850 2241; x_wconf 91' lang='lat' dir='ltr'><strong>quod</strong></span> <span class='ocrx_word' id='word_1_126' title='bbox 868 2158 937 2240; x_wconf 91' lang='lat' dir='ltr'><strong>quia</strong></span> <span class='ocrx_word' id='word_1_127' title='bbox 955 2159 1119 2222; x_wconf 91' lang='lat' dir='ltr'><strong>secundum</strong></span> <span class='ocrx_word' id='word_1_128' title='bbox 1141 2161 1214 2224; x_wconf 89' lang='lat' dir='ltr'><strong>iuris</strong></span> <span class='ocrx_word' id='word_1_129' title='bbox 1237 2163 1373 2242; x_wconf 83' lang='lat' dir='ltr'><strong>regulam</strong></span> 
     </span>
     <span class='ocr_line' id='line_1_15' title="bbox 163 2265 1370 2356; baseline -0.005 -20"><span class='ocrx_word' id='word_1_130' title='bbox 163 2274 228 2356; x_wconf 90' lang='lat' dir='ltr'><strong>plus</strong></span> <span class='ocrx_word' id='word_1_131' title='bbox 252 2274 397 2354; x_wconf 86' lang='lat' dir='ltr'><strong>operatur</strong></span> <span class='ocrx_word' id='word_1_132' title='bbox 419 2266 505 2330; x_wconf 89' lang='lat' dir='ltr'><strong>unius</strong></span> <span class='ocrx_word' id='word_1_133' title='bbox 530 2273 718 2349; x_wconf 90' lang='lat' dir='ltr'><strong>contemptus</strong></span> <span class='ocrx_word' id='word_1_134' title='bbox 736 2285 825 2350; x_wconf 90' lang='lat' dir='ltr'><strong>quam</strong></span> <span class='ocrx_word' id='word_1_135' title='bbox 846 2265 1004 2330; x_wconf 90' lang='lat' dir='ltr'><strong>multorum</strong></span> <span class='ocrx_word' id='word_1_136' title='bbox 1028 2268 1238 2341; x_wconf 86' lang='lat' dir='ltr'><strong>contradictio,</strong></span> <span class='ocrx_word' id='word_1_137' title='bbox 1267 2269 1370 2333; x_wconf 91' lang='lat' dir='ltr'><strong>dilecti</strong></span> 
     </span>
     <span class='ocr_line' id='line_1_16' title="bbox 163 2373 1371 2465; baseline -0.006 -19"><span class='ocrx_word' id='word_1_138' title='bbox 163 2385 196 2446; x_wconf 74' lang='lat'><strong>1..</strong></span> <span class='ocrx_word' id='word_1_139' title='bbox 215 2382 254 2465; x_wconf 83' lang='lat' dir='ltr'><strong>e)</strong></span> <span class='ocrx_word' id='word_1_140' title='bbox 274 2379 384 2445; x_wconf 88' lang='lat' dir='ltr'><strong>electio</strong></span> <span class='ocrx_word' id='word_1_141' title='bbox 403 2397 463 2440; x_wconf 91' lang='lat' dir='ltr'><strong>non</strong></span> <span class='ocrx_word' id='word_1_142' title='bbox 478 2376 590 2440; x_wconf 80' lang='lat' dir='ltr'><strong>valebit</strong></span> <span class='ocrx_word' id='word_1_143' title='bbox 607 2373 664 2438; x_wconf 89' lang='lat' dir='ltr'><strong>hac</strong></span> <span class='ocrx_word' id='word_1_144' title='bbox 680 2375 813 2447; x_wconf 92' lang='lat' dir='ltr'><strong>racione,</strong></span> <span class='ocrx_word' id='word_1_145' title='bbox 831 2375 901 2458; x_wconf 89' lang='lat' dir='ltr'><strong>quia</strong></span> <span class='ocrx_word' id='word_1_146' title='bbox 918 2376 1049 2438; x_wconf 88' lang='lat' dir='ltr'><strong>ecclesia</strong></span> <span class='ocrx_word' id='word_1_147' title='bbox 1064 2376 1096 2439; x_wconf 89' lang='lat' dir='ltr'><strong>in</strong></span> <span class='ocrx_word' id='word_1_148' title='bbox 1110 2378 1234 2441; x_wconf 84' lang='lat' dir='ltr'><strong>dericbo</strong></span> <span class='ocrx_word' id='word_1_149' title='bbox 1250 2379 1316 2460; x_wconf 89' lang='lat' dir='ltr'><strong>pari</strong></span> <span class='ocrx_word' id='word_1_150' title='bbox 1334 2377 1371 2459; x_wconf 86' lang='lat' dir='ltr'><strong>f)</strong></span> 
     </span>
     <span class='ocr_line' id='line_1_17' title="bbox 164 2481 1372 2566; baseline -0.004 -12"><span class='ocrx_word' id='word_1_151' title='bbox 164 2493 229 2556; x_wconf 91' lang='lat' dir='ltr'><strong>iure</strong></span> <span class='ocrx_word' id='word_1_152' title='bbox 260 2487 421 2555; x_wconf 85' lang='lat' dir='ltr'><strong>electionis</strong></span> <span class='ocrx_word' id='word_1_153' title='bbox 449 2491 480 2550; x_wconf 93' lang='lat' dir='ltr'><strong>et</strong></span> <span class='ocrx_word' id='word_1_154' title='bbox 507 2484 595 2547; x_wconf 89' lang='lat' dir='ltr'><strong>simili</strong></span> <span class='ocrx_word' id='word_1_155' title='bbox 623 2481 762 2548; x_wconf 90' lang='lat' dir='ltr'><strong>libertate</strong></span> <span class='ocrx_word' id='word_1_156' title='bbox 792 2483 923 2565; x_wconf 83' lang='lat' dir='ltr'><strong>eligendi</strong></span> <span class='ocrx_word' id='word_1_157' title='bbox 953 2485 1087 2566; x_wconf 90' lang='lat' dir='ltr'><strong>aprima</strong></span> <span class='ocrx_word' id='word_1_158' title='bbox 1116 2486 1162 2548; x_wconf 92' lang='lat' dir='ltr'><strong>sui</strong></span> <span class='ocrx_word' id='word_1_159' title='bbox 1190 2488 1372 2551; x_wconf 85' lang='lat' dir='ltr'><strong>fundacione</strong></span> 
     </span>
     <span class='ocr_line' id='line_1_18' title="bbox 165 2592 1374 2685; baseline -0.003 -22"><span class='ocrx_word' id='word_1_160' title='bbox 165 2605 343 2685; x_wconf 88' lang='lat' dir='ltr'><strong>semperest</strong></span> <span class='ocrx_word' id='word_1_161' title='bbox 355 2599 471 2682; x_wconf 83' lang='lat' dir='ltr'><strong>gavisa,</strong></span> <span class='ocrx_word' id='word_1_162' title='bbox 485 2601 575 2679; x_wconf 92' lang='lat' dir='ltr'><strong>prout</strong></span> <span class='ocrx_word' id='word_1_163' title='bbox 587 2615 620 2657; x_wconf 90' lang='lat' dir='ltr'><strong>se</strong></span> <span class='ocrx_word' id='word_1_164' title='bbox 633 2593 791 2676; x_wconf 86' lang='lat' dir='ltr'><strong>papalibus</strong></span> <span class='ocrx_word' id='word_1_165' title='bbox 807 2599 837 2657; x_wconf 94' lang='lat' dir='ltr'><strong>et</strong></span> <span class='ocrx_word' id='word_1_166' title='bbox 843 2592 1048 2674; x_wconf 89' lang='lat' dir='ltr'><strong>imperialibus</strong></span> <span class='ocrx_word' id='word_1_167' title='bbox 1061 2595 1228 2677; x_wconf 83' lang='lat' dir='ltr'><strong>privilegiis</strong></span> <span class='ocrx_word' id='word_1_168' title='bbox 1242 2596 1374 2660; x_wconf 88' lang='lat' dir='ltr'><strong>asseruit</strong></span> 
     </span>
     <span class='ocr_line' id='line_1_19' title="bbox 165 2700 1372 2793; baseline -0.007 -19"><span class='ocrx_word' id='word_1_169' title='bbox 165 2711 371 2793; x_wconf 91' lang='lat' dir='ltr'><strong>probaturum.</strong></span> <span class='ocrx_word' id='word_1_170' title='bbox 416 2707 455 2771; x_wconf 85' lang='lat' dir='ltr'><strong>Et</strong></span> <span class='ocrx_word' id='word_1_171' title='bbox 483 2724 550 2769; x_wconf 91' lang='lat' dir='ltr'><strong>eum</strong></span> <span class='ocrx_word' id='word_1_172' title='bbox 579 2702 710 2765; x_wconf 89' lang='lat' dir='ltr'><strong>ecelesia</strong></span> <span class='ocrx_word' id='word_1_173' title='bbox 741 2702 772 2764; x_wconf 93' lang='lat' dir='ltr'><strong>in</strong></span> <span class='ocrx_word' id='word_1_174' title='bbox 802 2700 925 2764; x_wconf 84' lang='lat' dir='ltr'><strong>Jericbo</strong></span> <span class='ocrx_word' id='word_1_175' title='bbox 957 2702 989 2765; x_wconf 92' lang='lat' dir='ltr'><strong>in</strong></span> <span class='ocrx_word' id='word_1_176' title='bbox 1021 2704 1168 2768; x_wconf 90' lang='lat' dir='ltr'><strong>electione</strong></span> <span class='ocrx_word' id='word_1_177' title='bbox 1200 2705 1315 2769; x_wconf 85' lang='lat' dir='ltr'><strong>Ludolfi</strong></span> <span class='ocrx_word' id='word_1_178' title='bbox 1330 2704 1372 2790; x_wconf 74' lang='lat'><strong>9)</strong></span> 
     </span>
     <span class='ocr_line' id='line_1_20' title="bbox 168 2810 1374 2896; baseline -0.004 -14"><span class='ocrx_word' id='word_1_179' title='bbox 168 2818 288 2881; x_wconf 83' lang='lat' dir='ltr'><strong>exclusa</strong></span> <span class='ocrx_word' id='word_1_180' title='bbox 305 2816 396 2881; x_wconf 86' lang='lat' dir='ltr'><strong>fuerit</strong></span> <span class='ocrx_word' id='word_1_181' title='bbox 413 2821 443 2878; x_wconf 90' lang='lat' dir='ltr'><strong>et</strong></span> <span class='ocrx_word' id='word_1_182' title='bbox 460 2813 695 2893; x_wconf 87' lang='lat' dir='ltr'><strong>condempnata,</strong></span> <span class='ocrx_word' id='word_1_183' title='bbox 724 2810 904 2874; x_wconf 88' lang='lat' dir='ltr'><strong>electionem</strong></span> <span class='ocrx_word' id='word_1_184' title='bbox 920 2810 1017 2892; x_wconf 90' lang='lat' dir='ltr'><strong>ipsam</strong></span> <span class='ocrx_word' id='word_1_185' title='bbox 1033 2813 1225 2894; x_wconf 85' lang='lat' dir='ltr'><strong>pronunciari</strong></span> <span class='ocrx_word' id='word_1_186' title='bbox 1249 2813 1374 2896; x_wconf 90' lang='lat' dir='ltr'><strong>petebat</strong></span> 
     </span>
     <span class='ocr_line' id='line_1_21' title="bbox 167 2903 1370 3014; baseline -0.002 -26"><span class='ocrx_word' id='word_1_187' title='bbox 167 2927 281 2991; x_wconf 91' lang='lat' dir='ltr'><strong>irritam</strong></span> <span class='ocrx_word' id='word_1_188' title='bbox 293 2924 335 3014; x_wconf 78' lang='lat' dir='ltr'><strong>h)</strong></span> <span class='ocrx_word' id='word_1_189' title='bbox 350 2931 380 2989; x_wconf 93' lang='lat' dir='ltr'><strong>et</strong></span> <span class='ocrx_word' id='word_1_190' title='bbox 392 2925 520 2987; x_wconf 88' lang='lat' dir='ltr'><strong>inanem.</strong></span> <span class='ocrx_word' id='word_1_191' title='bbox 538 2919 703 2985; x_wconf 86' lang='lat' dir='ltr'><strong>Asserebat</strong></span> <span class='ocrx_word' id='word_1_192' title='bbox 714 2925 866 3001; x_wconf 89' lang='lat' dir='ltr'><strong>preterea,</strong></span> <span class='ocrx_word' id='word_1_193' title='bbox 880 2903 960 3001; x_wconf 69' lang='lat' dir='ltr'><strong>duod</strong></span> <span class='ocrx_word' id='word_1_194' title='bbox 974 2920 1148 3002; x_wconf 89' lang='lat' dir='ltr'><strong>sepedictus</strong></span> <span class='ocrx_word' id='word_1_195' title='bbox 1161 2923 1195 2985; x_wconf 85' lang='lat' dir='ltr'><strong>b.</strong></span> <span class='ocrx_word' id='word_1_196' title='bbox 1213 2921 1258 3009; x_wconf 79' lang='lat' dir='ltr'><strong>i),</strong></span> <span class='ocrx_word' id='word_1_197' title='bbox 1275 2921 1370 3005; x_wconf 92' lang='lat' dir='ltr'><strong>ipsius</strong></span> 
     </span>
     <span class='ocr_line' id='line_1_22' title="bbox 169 3027 1372 3112; baseline -0.005 -13"><span class='ocrx_word' id='word_1_198' title='bbox 169 3036 299 3099; x_wconf 87' lang='lat' dir='ltr'><strong>ecclesie</strong></span> <span class='ocrx_word' id='word_1_199' title='bbox 316 3033 473 3097; x_wconf 91' lang='lat' dir='ltr'><strong>menbrum</strong></span> <span class='ocrx_word' id='word_1_200' title='bbox 490 3052 550 3095; x_wconf 92' lang='lat' dir='ltr'><strong>non</strong></span> <span class='ocrx_word' id='word_1_201' title='bbox 568 3028 717 3100; x_wconf 80' lang='lat' dir='ltr'><strong>aristeae,</strong></span> <span class='ocrx_word' id='word_1_202' title='bbox 735 3028 807 3110; x_wconf 83' lang='lat' dir='ltr'><strong>eligi</strong></span> <span class='ocrx_word' id='word_1_203' title='bbox 824 3049 883 3091; x_wconf 94' lang='lat' dir='ltr'><strong>non</strong></span> <span class='ocrx_word' id='word_1_204' title='bbox 901 3027 1043 3101; x_wconf 87' lang='lat' dir='ltr'><strong>debebat,</strong></span> <span class='ocrx_word' id='word_1_205' title='bbox 1061 3030 1116 3091; x_wconf 91' lang='lat' dir='ltr'><strong>sed</strong></span> <span class='ocrx_word' id='word_1_206' title='bbox 1137 3030 1243 3112; x_wconf 89' lang='lat' dir='ltr'><strong>pocius</strong></span> <span class='ocrx_word' id='word_1_207' title='bbox 1266 3036 1372 3112; x_wconf 92' lang='lat' dir='ltr'><strong>postu·</strong></span> 
     </span>
     <span class='ocr_line' id='line_1_23' title="bbox 167 3137 1372 3224; baseline -0.002 -18"><span class='ocrx_word' id='word_1_208' title='bbox 167 3145 229 3207; x_wconf 89' lang='lat' dir='ltr'><strong>lari.</strong></span> <span class='ocrx_word' id='word_1_209' title='bbox 261 3145 309 3207; x_wconf 83' lang='lat' dir='ltr'><strong>Ex</strong></span> <span class='ocrx_word' id='word_1_210' title='bbox 335 3142 394 3206; x_wconf 92' lang='lat' dir='ltr'><strong>biis</strong></span> <span class='ocrx_word' id='word_1_211' title='bbox 421 3140 524 3223; x_wconf 84' lang='lat' dir='ltr'><strong>igitur</strong></span> <span class='ocrx_word' id='word_1_212' title='bbox 542 3146 573 3203; x_wconf 88' lang='lat' dir='ltr'><strong>et</strong></span> <span class='ocrx_word' id='word_1_213' title='bbox 601 3137 667 3201; x_wconf 88' lang='lat' dir='ltr'><strong>aliis</strong></span> <span class='ocrx_word' id='word_1_214' title='bbox 697 3137 797 3199; x_wconf 91' lang='lat' dir='ltr'><strong>causis</strong></span> <span class='ocrx_word' id='word_1_215' title='bbox 827 3137 1007 3200; x_wconf 88' lang='lat' dir='ltr'><strong>electionem</strong></span> <span class='ocrx_word' id='word_1_216' title='bbox 1034 3139 1308 3204; x_wconf 81' lang='lat' dir='ltr'><strong>Haldcrotatensia</strong></span> <span class='ocrx_word' id='word_1_217' title='bbox 1331 3137 1372 3224; x_wconf 72' lang='lat' dir='ltr'><strong>V)</strong></span> 
     </span>
     <span class='ocr_line' id='line_1_24' title="bbox 172 3245 1372 3337; baseline -0.008 -21"><span class='ocrx_word' id='word_1_218' title='bbox 172 3253 302 3316; x_wconf 88' lang='lat' dir='ltr'><strong>ecclesie</strong></span> <span class='ocrx_word' id='word_1_219' title='bbox 334 3251 422 3315; x_wconf 83' lang='lat' dir='ltr'><strong>deb.</strong></span> <span class='ocrx_word' id='word_1_220' title='bbox 455 3249 486 3334; x_wconf 82' lang='lat' dir='ltr'><strong>l)</strong></span> <span class='ocrx_word' id='word_1_221' title='bbox 511 3246 636 3318; x_wconf 89' lang='lat' dir='ltr'><strong>cassari,</strong></span> <span class='ocrx_word' id='word_1_222' title='bbox 666 3252 697 3310; x_wconf 91' lang='lat' dir='ltr'><strong>et</strong></span> <span class='ocrx_word' id='word_1_223' title='bbox 723 3246 754 3309; x_wconf 92' lang='lat' dir='ltr'><strong>in</strong></span> <span class='ocrx_word' id='word_1_224' title='bbox 780 3245 905 3309; x_wconf 84' lang='lat' dir='ltr'><strong>deriebo</strong></span> <span class='ocrx_word' id='word_1_225' title='bbox 934 3247 1045 3308; x_wconf 91' lang='lat' dir='ltr'><strong>factam</strong></span> <span class='ocrx_word' id='word_1_226' title='bbox 1077 3246 1114 3308; x_wconf 90' lang='lat' dir='ltr'><strong>de</strong></span> <span class='ocrx_word' id='word_1_227' title='bbox 1145 3248 1179 3310; x_wconf 91' lang='lat' dir='ltr'><strong>B.</strong></span> <span class='ocrx_word' id='word_1_228' title='bbox 1210 3248 1260 3337; x_wconf 81' lang='lat' dir='ltr'><strong>l),</strong></span> <span class='ocrx_word' id='word_1_229' title='bbox 1277 3248 1372 3330; x_wconf 91' lang='lat' dir='ltr'><strong>ipsius</strong></span> 
     </span>
     <span class='ocr_line' id='line_1_25' title="bbox 172 3355 1370 3449; baseline -0.003 -25"><span class='ocrx_word' id='word_1_230' title='bbox 172 3362 302 3424; x_wconf 89' lang='lat' dir='ltr'><strong>ecclesie</strong></span> <span class='ocrx_word' id='word_1_231' title='bbox 313 3358 480 3443; x_wconf 91' lang='lat' dir='ltr'><strong>preposito,</strong></span> <span class='ocrx_word' id='word_1_232' title='bbox 496 3363 638 3440; x_wconf 89' lang='lat' dir='ltr'><strong>tanquam</strong></span> <span class='ocrx_word' id='word_1_233' title='bbox 650 3356 698 3443; x_wconf 77' lang='lat' dir='ltr'><strong>m)</strong></span> <span class='ocrx_word' id='word_1_234' title='bbox 715 3355 891 3449; x_wconf 84' lang='lat' dir='ltr'><strong>canonicam</strong></span> <span class='ocrx_word' id='word_1_235' title='bbox 907 3355 1031 3436; x_wconf 90' lang='lat' dir='ltr'><strong>petebat</strong></span> <span class='ocrx_word' id='word_1_236' title='bbox 1047 3356 1175 3445; x_wconf 90' lang='lat' dir='ltr'><strong>sollicite</strong></span> <span class='ocrx_word' id='word_1_237' title='bbox 1193 3356 1370 3421; x_wconf 88' lang='lat' dir='ltr'><strong>confirmari.</strong></span> 
     </span>
     <span class='ocr_line' id='line_1_26' title="bbox 172 3464 1372 3554; baseline -0.003 -20"><span class='ocrx_word' id='word_1_238' title='bbox 172 3470 231 3534; x_wconf 90' lang='lat' dir='ltr'><strong>Nos</strong></span> <span class='ocrx_word' id='word_1_239' title='bbox 248 3471 343 3554; x_wconf 82' lang='lat' dir='ltr'><strong>igitur</strong></span> <span class='ocrx_word' id='word_1_240' title='bbox 357 3468 483 3551; x_wconf 90' lang='lat' dir='ltr'><strong>provida</strong></span> <span class='ocrx_word' id='word_1_241' title='bbox 499 3465 722 3530; x_wconf 89' lang='lat' dir='ltr'><strong>deliberacione</strong></span> <span class='ocrx_word' id='word_1_242' title='bbox 735 3464 775 3552; x_wconf 68' lang='grc' dir='ltr'><strong>π)</strong></span> <span class='ocrx_word' id='word_1_243' title='bbox 792 3470 974 3546; x_wconf 88' lang='lat' dir='ltr'><strong>pensantes,</strong></span> <span class='ocrx_word' id='word_1_244' title='bbox 992 3466 1071 3549; x_wconf 84' lang='lat' dir='ltr'><strong>quod</strong></span> <span class='ocrx_word' id='word_1_245' title='bbox 1089 3466 1219 3529; x_wconf 86' lang='lat' dir='ltr'><strong>ccclesia</strong></span> <span class='ocrx_word' id='word_1_246' title='bbox 1236 3468 1372 3533; x_wconf 82' lang='lat' dir='ltr'><strong>Helber·</strong></span> 
     </span>
     <span class='ocr_line' id='line_1_27' title="bbox 173 3573 1369 3661; baseline -0.003 -19"><span class='ocrx_word' id='word_1_247' title='bbox 173 3581 324 3646; x_wconf 82' lang='lat' dir='ltr'><strong>atatease&#39;s</strong></span> <span class='ocrx_word' id='word_1_248' title='bbox 339 3583 463 3661; x_wconf 91' lang='lat' dir='ltr'><strong>propter</strong></span> <span class='ocrx_word' id='word_1_249' title='bbox 479 3576 624 3657; x_wconf 84' lang='lat' dir='ltr'><strong>allegatas</strong></span> <span class='ocrx_word' id='word_1_250' title='bbox 642 3593 750 3636; x_wconf 89' lang='lat' dir='ltr'><strong>causas</strong></span> <span class='ocrx_word' id='word_1_251' title='bbox 770 3573 902 3654; x_wconf 84' lang='lat' dir='ltr'><strong>eligendi</strong></span> <span class='ocrx_word' id='word_1_252' title='bbox 920 3578 951 3637; x_wconf 92' lang='lat' dir='ltr'><strong>et</strong></span> <span class='ocrx_word' id='word_1_253' title='bbox 966 3575 1055 3639; x_wconf 93' lang='lat' dir='ltr'><strong>modo</strong></span> <span class='ocrx_word' id='word_1_254' title='bbox 1073 3575 1131 3638; x_wconf 93' lang='lat' dir='ltr'><strong>sibi</strong></span> <span class='ocrx_word' id='word_1_255' title='bbox 1148 3574 1282 3659; x_wconf 85' lang='lat' dir='ltr'><strong>quolibet</strong></span> <span class='ocrx_word' id='word_1_256' title='bbox 1296 3595 1369 3657; x_wconf 92' lang='lat' dir='ltr'><strong>pro-</strong></span> 
     </span>
     <span class='ocr_line' id='line_1_28' title="bbox 174 3669 1372 3772; baseline 0 -23"><span class='ocrx_word' id='word_1_257' title='bbox 174 3688 293 3752; x_wconf 88' lang='lat' dir='ltr'><strong>videndi</strong></span> <span class='ocrx_word' id='word_1_258' title='bbox 317 3709 351 3750; x_wconf 90' lang='lat' dir='ltr'><strong>se</strong></span> <span class='ocrx_word' id='word_1_259' title='bbox 367 3686 539 3769; x_wconf 85' lang='lat' dir='ltr'><strong>privaverat</strong></span> <span class='ocrx_word' id='word_1_260' title='bbox 554 3683 613 3745; x_wconf 90' lang='lat' dir='ltr'><strong>ista</strong></span> <span class='ocrx_word' id='word_1_261' title='bbox 628 3682 707 3769; x_wconf 87' lang='lat' dir='ltr'><strong>vice,</strong></span> <span class='ocrx_word' id='word_1_262' title='bbox 727 3669 956 3747; x_wconf 84' lang='lat' dir='ltr'><strong>considerantes</strong></span> <span class='ocrx_word' id='word_1_263' title='bbox 974 3684 1071 3748; x_wconf 91' lang='lat' dir='ltr'><strong>eciam</strong></span> <span class='ocrx_word' id='word_1_264' title='bbox 1087 3685 1168 3767; x_wconf 90' lang='lat' dir='ltr'><strong>quod</strong></span> <span class='ocrx_word' id='word_1_265' title='bbox 1185 3685 1315 3749; x_wconf 89' lang='lat' dir='ltr'><strong>ecelesia</strong></span> <span class='ocrx_word' id='word_1_266' title='bbox 1333 3685 1372 3772; x_wconf 83' lang='lat'><strong>0)</strong></span> 
     </span>
     <span class='ocr_line' id='line_1_29' title="bbox 174 3791 1374 3880; baseline -0.001 -21"><span class='ocrx_word' id='word_1_267' title='bbox 174 3795 312 3869; x_wconf 86' lang='lat' dir='ltr'><strong>Jericbo,</strong></span> <span class='ocrx_word' id='word_1_268' title='bbox 329 3815 387 3880; x_wconf 89' lang='lat' dir='ltr'><strong>que</strong></span> <span class='ocrx_word' id='word_1_269' title='bbox 405 3816 465 3858; x_wconf 93' lang='lat' dir='ltr'><strong>non</strong></span> <span class='ocrx_word' id='word_1_270' title='bbox 480 3791 654 3876; x_wconf 89' lang='lat' dir='ltr'><strong>principalis</strong></span> <span class='ocrx_word' id='word_1_271' title='bbox 670 3791 712 3878; x_wconf 74' lang='lat' dir='ltr'><strong>p)</strong></span> <span class='ocrx_word' id='word_1_272' title='bbox 728 3798 826 3858; x_wconf 89' lang='lat' dir='ltr'><strong>mater</strong></span> <span class='ocrx_word' id='word_1_273' title='bbox 841 3791 932 3855; x_wconf 92' lang='lat' dir='ltr'><strong>immo</strong></span> <span class='ocrx_word' id='word_1_274' title='bbox 957 3792 1087 3856; x_wconf 87' lang='lat' dir='ltr'><strong>ecclesie</strong></span> <span class='ocrx_word' id='word_1_275' title='bbox 1104 3795 1374 3859; x_wconf 82' lang='lat' dir='ltr'><strong>Hclderstatcaeis</strong></span> 
     </span>
     <span class='ocr_line' id='line_1_30' title="bbox 177 3890 1375 3986; baseline 0.001 -20"><span class='ocrx_word' id='word_1_276' title='bbox 177 3905 354 3969; x_wconf 87' lang='lat' dir='ltr'><strong>secundaria</strong></span> <span class='ocrx_word' id='word_1_277' title='bbox 384 3902 550 3973; x_wconf 88' lang='lat' dir='ltr'><strong>iudicatur,</strong></span> <span class='ocrx_word' id='word_1_278' title='bbox 578 3900 651 3963; x_wconf 88' lang='lat' dir='ltr'><strong>licet</strong></span> <span class='ocrx_word' id='word_1_279' title='bbox 678 3920 747 3964; x_wconf 89' lang='lat' dir='ltr'><strong>esse</strong></span> <span class='ocrx_word' id='word_1_280' title='bbox 775 3901 873 3984; x_wconf 88' lang='lat' dir='ltr'><strong>possit</strong></span> <span class='ocrx_word' id='word_1_281' title='bbox 901 3902 979 3985; x_wconf 84' lang='lat' dir='ltr'><strong>quod</strong></span> <span class='ocrx_word' id='word_1_282' title='bbox 1007 3890 1136 3966; x_wconf 87' lang='lat' dir='ltr'><strong>haberet</strong></span> <span class='ocrx_word' id='word_1_283' title='bbox 1163 3908 1305 3986; x_wconf 89' lang='lat' dir='ltr'><strong>quantum</strong></span> <span class='ocrx_word' id='word_1_284' title='bbox 1337 3905 1375 3967; x_wconf 92' lang='lat' dir='ltr'><strong>ad</strong></span> 
     </span>
     <span class='ocr_line' id='line_1_31' title="bbox 179 4010 1374 4098; baseline 0 -22"><span class='ocrx_word' id='word_1_285' title='bbox 179 4015 353 4080; x_wconf 91' lang='lat' dir='ltr'><strong>electionem</strong></span> <span class='ocrx_word' id='word_1_286' title='bbox 367 4033 434 4078; x_wconf 92' lang='lat' dir='ltr'><strong>cum</strong></span> <span class='ocrx_word' id='word_1_287' title='bbox 445 4011 571 4075; x_wconf 89' lang='lat' dir='ltr'><strong>matrice</strong></span> <span class='ocrx_word' id='word_1_288' title='bbox 584 4010 715 4074; x_wconf 88' lang='lat' dir='ltr'><strong>ecclesia</strong></span> <span class='ocrx_word' id='word_1_289' title='bbox 728 4011 767 4098; x_wconf 75' lang='lat' dir='ltr'><strong>a)</strong></span> <span class='ocrx_word' id='word_1_290' title='bbox 781 4012 887 4075; x_wconf 89' lang='lat' dir='ltr'><strong>eadem</strong></span> <span class='ocrx_word' id='word_1_291' title='bbox 900 4012 987 4074; x_wconf 93' lang='lat' dir='ltr'><strong>modo</strong></span> <span class='ocrx_word' id='word_1_292' title='bbox 1002 4010 1135 4095; x_wconf 89' lang='lat' dir='ltr'><strong>quolibet</strong></span> <span class='ocrx_word' id='word_1_293' title='bbox 1146 4011 1192 4074; x_wconf 90' lang='lat' dir='ltr'><strong>ius</strong></span> <span class='ocrx_word' id='word_1_294' title='bbox 1206 4030 1374 4086; x_wconf 90' lang='lat' dir='ltr'><strong>commune,</strong></span> 
     </span>
     <span class='ocr_line' id='line_1_32' title="bbox 179 4121 1377 4205; baseline 0 -19"><span class='ocrx_word' id='word_1_295' title='bbox 179 4130 363 4188; x_wconf 88' lang='lat' dir='ltr'><strong>nontamen</strong></span> <span class='ocrx_word' id='word_1_296' title='bbox 389 4126 494 4205; x_wconf 88' lang='lat' dir='ltr'><strong>posset</strong></span> <span class='ocrx_word' id='word_1_297' title='bbox 522 4121 708 4203; x_wconf 88' lang='lat' dir='ltr'><strong>aliquatenus</strong></span> <span class='ocrx_word' id='word_1_298' title='bbox 742 4141 799 4183; x_wconf 92' lang='lat' dir='ltr'><strong>nec</strong></span> <span class='ocrx_word' id='word_1_299' title='bbox 833 4121 960 4185; x_wconf 90' lang='lat' dir='ltr'><strong>haberet</strong></span> <span class='ocrx_word' id='word_1_300' title='bbox 991 4122 1056 4183; x_wconf 93' lang='lat' dir='ltr'><strong>sine</strong></span> <span class='ocrx_word' id='word_1_301' title='bbox 1087 4121 1212 4185; x_wconf 88' lang='lat' dir='ltr'><strong>matrice</strong></span> <span class='ocrx_word' id='word_1_302' title='bbox 1245 4123 1377 4186; x_wconf 86' lang='lat' dir='ltr'><strong>ecclesia</strong></span> 
     </span>
     <span class='ocr_line' id='line_1_33' title="bbox 182 4231 1376 4321; baseline 0.003 -26"><span class='ocrx_word' id='word_1_303' title='bbox 182 4232 276 4298; x_wconf 89' lang='lat' dir='ltr'><strong>eidem</strong></span> <span class='ocrx_word' id='word_1_304' title='bbox 288 4233 376 4296; x_wconf 93' lang='lat' dir='ltr'><strong>modo</strong></span> <span class='ocrx_word' id='word_1_305' title='bbox 389 4232 524 4314; x_wconf 92' lang='lat' dir='ltr'><strong>quolibet</strong></span> <span class='ocrx_word' id='word_1_306' title='bbox 538 4231 715 4321; x_wconf 89' lang='lat' dir='ltr'><strong>providere:</strong></span> <span class='ocrx_word' id='word_1_307' title='bbox 734 4232 771 4294; x_wconf 92' lang='lat' dir='ltr'><strong>de</strong></span> <span class='ocrx_word' id='word_1_308' title='bbox 788 4238 904 4296; x_wconf 89' lang='lat' dir='ltr'><strong>maturo</strong></span> <span class='ocrx_word' id='word_1_309' title='bbox 921 4234 1047 4297; x_wconf 87' lang='lat' dir='ltr'><strong>fratrum</strong></span> <span class='ocrx_word' id='word_1_310' title='bbox 1062 4238 1232 4297; x_wconf 91' lang='lat' dir='ltr'><strong>nostrorum</strong></span> <span class='ocrx_word' id='word_1_311' title='bbox 1250 4234 1376 4298; x_wconf 88' lang='lat' dir='ltr'><strong>consilio</strong></span> 
     </span>
    </p>
   </div>
   <div class='ocr_carea' id='block_1_3' title="bbox 183 4393 1403 4740">
    <p class='ocr_par' dir='ltr' id='par_1_3' title="bbox 183 4393 1403 4740">
     <span class='ocr_line' id='line_1_34' title="bbox 269 4393 1373 4467; baseline -0.001 -15"><span class='ocrx_word' id='word_1_312' title='bbox 269 4395 425 4467; x_wconf 82' lang='lat' dir='ltr'><strong>a).papalis</strong></span> <span class='ocrx_word' id='word_1_313' title='bbox 439 4395 508 4449; x_wconf 84' lang='lat' dir='ltr'><strong>feblt</strong></span> <span class='ocrx_word' id='word_1_314' title='bbox 522 4394 550 4447; x_wconf 88' lang='lat' dir='ltr'><strong>V.</strong></span> <span class='ocrx_word' id='word_1_315' title='bbox 565 4394 632 4448; x_wconf 86' lang='lat' dir='ltr'><strong>[list.</strong></span> <span class='ocrx_word' id='word_1_316' title='bbox 652 4396 694 4448; x_wconf 79' lang='lat' dir='ltr'><strong>lx,</strong></span> <span class='ocrx_word' id='word_1_317' title='bbox 710 4393 739 4447; x_wconf 91' lang='lat' dir='ltr'><strong>V.</strong></span> <span class='ocrx_word' id='word_1_318' title='bbox 761 4424 789 4432; x_wconf 88' lang='lat'>—</span> <span class='ocrx_word' id='word_1_319' title='bbox 807 4394 838 4462; x_wconf 84' lang='lat' dir='ltr'><strong>b)</strong></span> <span class='ocrx_word' id='word_1_320' title='bbox 853 4394 1022 4448; x_wconf 78' lang='lat' dir='ltr'><strong>llcstacensis</strong></span> <span class='ocrx_word' id='word_1_321' title='bbox 1036 4396 1066 4449; x_wconf 96' lang='lat' dir='ltr'><strong>V.</strong></span> <span class='ocrx_word' id='word_1_322' title='bbox 1084 4425 1110 4433; x_wconf 91' lang='lat'>-</span> <span class='ocrx_word' id='word_1_323' title='bbox 1128 4397 1160 4465; x_wconf 86' lang='lat' dir='ltr'><strong>c)</strong></span> <span class='ocrx_word' id='word_1_324' title='bbox 1173 4396 1287 4451; x_wconf 87' lang='lat' dir='ltr'><strong>sollicite</strong></span> <span class='ocrx_word' id='word_1_325' title='bbox 1299 4398 1327 4451; x_wconf 88' lang='grc' dir='ltr'><strong>Ζ.</strong></span> <span class='ocrx_word' id='word_1_326' title='bbox 1345 4426 1373 4436; x_wconf 84' lang='grc'><strong>-</strong></span> 
     </span>
     <span class='ocr_line' id='line_1_35' title="bbox 183 4483 1372 4558; baseline 0.002 -19"><span class='ocrx_word' id='word_1_327' title='bbox 183 4487 216 4558; x_wconf 87' lang='lat' dir='ltr'><strong>d)</strong></span> <span class='ocrx_word' id='word_1_328' title='bbox 229 4490 258 4543; x_wconf 85' lang='lat' dir='ltr'><strong>R.</strong></span> <span class='ocrx_word' id='word_1_329' title='bbox 272 4489 300 4542; x_wconf 82' lang='lat' dir='ltr'><strong>Z.</strong></span> <span class='ocrx_word' id='word_1_330' title='bbox 311 4486 381 4556; x_wconf 87' lang='lat' dir='ltr'><strong>-e)</strong></span> <span class='ocrx_word' id='word_1_331' title='bbox 402 4487 431 4540; x_wconf 89' lang='lat' dir='ltr'><strong>R.</strong></span> <span class='ocrx_word' id='word_1_332' title='bbox 450 4483 559 4555; x_wconf 83' lang='lat' dir='ltr'>Z.-f)</span> <span class='ocrx_word' id='word_1_333' title='bbox 581 4503 631 4557; x_wconf 89' lang='lat' dir='ltr'><strong>pro</strong></span> <span class='ocrx_word' id='word_1_334' title='bbox 641 4486 670 4539; x_wconf 94' lang='lat' dir='ltr'><strong>V.</strong></span> <span class='ocrx_word' id='word_1_335' title='bbox 686 4516 718 4524; x_wconf 89' lang='lat'>-</span> <span class='ocrx_word' id='word_1_336' title='bbox 731 4487 766 4555; x_wconf 77' lang='lat' dir='ltr'><strong>p)</strong></span> <span class='ocrx_word' id='word_1_337' title='bbox 782 4484 886 4539; x_wconf 85' lang='lat' dir='ltr'><strong>Rudolfi</strong></span> <span class='ocrx_word' id='word_1_338' title='bbox 900 4486 928 4538; x_wconf 88' lang='lat' dir='ltr'><strong>Z.</strong></span> <span class='ocrx_word' id='word_1_339' title='bbox 939 4516 967 4524; x_wconf 94' lang='lat'><em>-</em></span> <span class='ocrx_word' id='word_1_340' title='bbox 977 4483 1011 4554; x_wconf 80' lang='lat' dir='ltr'><strong>l)</strong></span> <span class='ocrx_word' id='word_1_341' title='bbox 1026 4485 1115 4542; x_wconf 79' lang='lat' dir='ltr'><strong>iritum</strong></span> <span class='ocrx_word' id='word_1_342' title='bbox 1128 4488 1157 4540; x_wconf 88' lang='lat' dir='ltr'><strong>V.</strong></span> <span class='ocrx_word' id='word_1_343' title='bbox 1175 4516 1203 4526; x_wconf 88' lang='lat'>-</span> <span class='ocrx_word' id='word_1_344' title='bbox 1219 4487 1287 4558; x_wconf 83' lang='lat' dir='ltr'><strong>i)R.</strong></span> <span class='ocrx_word' id='word_1_345' title='bbox 1302 4488 1329 4542; x_wconf 86' lang='lat' dir='ltr'><strong>Z.</strong></span> <span class='ocrx_word' id='word_1_346' title='bbox 1344 4517 1372 4526; x_wconf 92' lang='lat'><em>-</em></span> 
     </span>
     <span class='ocr_line' id='line_1_36' title="bbox 185 4577 1376 4647; baseline 0.002 -18"><span class='ocrx_word' id='word_1_347' title='bbox 185 4577 214 4644; x_wconf 86' lang='lat' dir='ltr'><strong>l)</strong></span> <span class='ocrx_word' id='word_1_348' title='bbox 227 4578 401 4638; x_wconf 83' lang='lat' dir='ltr'><strong>llalstatensis</strong></span> <span class='ocrx_word' id='word_1_349' title='bbox 411 4577 441 4630; x_wconf 98' lang='lat' dir='ltr'><strong>V.</strong></span> <span class='ocrx_word' id='word_1_350' title='bbox 455 4606 485 4623; x_wconf 59' lang='grc' dir='ltr'><strong>-ψ</strong></span> <span class='ocrx_word' id='word_1_351' title='bbox 501 4577 526 4645; x_wconf 81' lang='lat'><strong>1)</strong></span> <span class='ocrx_word' id='word_1_352' title='bbox 541 4577 609 4629; x_wconf 79' lang='lat' dir='ltr'><strong>aud.</strong></span> <span class='ocrx_word' id='word_1_353' title='bbox 622 4578 649 4629; x_wconf 91' lang='lat' dir='ltr'><strong>Z.</strong></span> <span class='ocrx_word' id='word_1_354' title='bbox 664 4606 690 4614; x_wconf 87' lang='lat'><em>-</em></span> <span class='ocrx_word' id='word_1_355' title='bbox 705 4577 745 4646; x_wconf 87' lang='lat' dir='ltr'><strong>m)</strong></span> <span class='ocrx_word' id='word_1_356' title='bbox 759 4580 858 4630; x_wconf 83' lang='lat' dir='ltr'><strong>tantam</strong></span> <span class='ocrx_word' id='word_1_357' title='bbox 868 4577 899 4629; x_wconf 87' lang='lat' dir='ltr'><strong>V.</strong></span> <span class='ocrx_word' id='word_1_358' title='bbox 912 4607 945 4616; x_wconf 93' lang='lat'><em>-</em></span> <span class='ocrx_word' id='word_1_359' title='bbox 955 4577 989 4645; x_wconf 83' lang='lat' dir='ltr'><strong>a)</strong></span> <span class='ocrx_word' id='word_1_360' title='bbox 1003 4577 1203 4631; x_wconf 84' lang='lat' dir='ltr'><strong>considerantes</strong></span> <span class='ocrx_word' id='word_1_361' title='bbox 1216 4579 1255 4633; x_wconf 93' lang='lat' dir='ltr'><strong>vel</strong></span> <span class='ocrx_word' id='word_1_362' title='bbox 1269 4594 1286 4647; x_wconf 96' lang='lat' dir='ltr'><strong>p</strong></span> <span class='ocrx_word' id='word_1_363' title='bbox 1300 4579 1326 4631; x_wconf 85' lang='lat' dir='ltr'><strong>Z.</strong></span> <span class='ocrx_word' id='word_1_364' title='bbox 1340 4608 1376 4617; x_wconf 88' lang='lat'>-</span> 
     </span>
     <span class='ocr_line' id='line_1_37' title="bbox 185 4667 1403 4740; baseline 0.003 -22"><span class='ocrx_word' id='word_1_365' title='bbox 185 4669 214 4739; x_wconf 88' lang='lat' dir='ltr'><strong>o)</strong></span> <span class='ocrx_word' id='word_1_366' title='bbox 229 4671 252 4724; x_wconf 90' lang='lat' dir='ltr'><strong>in</strong></span> <span class='ocrx_word' id='word_1_367' title='bbox 265 4671 320 4724; x_wconf 85' lang='lat' dir='ltr'><strong>Jer.</strong></span> <span class='ocrx_word' id='word_1_368' title='bbox 335 4669 362 4721; x_wconf 90' lang='grc' dir='ltr'><strong>Ζ.</strong></span> <span class='ocrx_word' id='word_1_369' title='bbox 377 4698 411 4706; x_wconf 94' lang='lat'><em>-</em></span> <span class='ocrx_word' id='word_1_370' title='bbox 422 4669 458 4739; x_wconf 84' lang='lat' dir='ltr'><strong>p)</strong></span> <span class='ocrx_word' id='word_1_371' title='bbox 472 4667 659 4738; x_wconf 86' lang='lat' dir='ltr'><strong>principaliter</strong></span> <span class='ocrx_word' id='word_1_372' title='bbox 673 4668 702 4721; x_wconf 92' lang='lat' dir='ltr'><strong>V.</strong></span> <span class='ocrx_word' id='word_1_373' title='bbox 725 4698 747 4707; x_wconf 49' lang='grc' dir='ltr'><strong>π</strong></span> <span class='ocrx_word' id='word_1_374' title='bbox 765 4670 801 4740; x_wconf 81' lang='lat' dir='ltr'><strong>q)</strong></span> <span class='ocrx_word' id='word_1_375' title='bbox 818 4668 935 4722; x_wconf 86' lang='lat' dir='ltr'><strong>ecclesie</strong></span> <span class='ocrx_word' id='word_1_376' title='bbox 948 4670 978 4723; x_wconf 86' lang='lat' dir='ltr'><strong>V.</strong></span> <span class='ocrx_word' id='word_1_377' title='bbox 1401 4672 1403 4677; x_wconf 75' lang='grc'>’</span> 
     </span>
    </p>
   </div>
   <div class='ocr_carea' id='block_1_4' title="bbox 0 0 1621 5392">
    <p class='ocr_par' dir='ltr' id='par_1_4' title="bbox 0 0 1621 5392">
     <span class='ocr_line' id='line_1_38' title="bbox 0 0 1621 5392; baseline 0 0"><span class='ocrx_word' id='word_1_378' title='bbox 0 0 1621 5392; x_wconf 95' lang='lat' dir='ltr'><strong> </strong></span> 
     </span>
    </p>
   </div>
  </div>
 </body>
</html>
