3209 5392
815 677 877 747 21.

617 851 727 917 lllvltes
743 853 774 918 ll.
791 854 986 920 hononorem
1000 859 1072 938 regi.

803 1014 883 1068 1275.

245 1155 312 1211 Eine
336 1154 518 1220 Beiehaetadt,
542 1158 586 1212 die
608 1141 688 1231 Iunge
708 1167 788 1214 enter
807 1159 930 1232 frender
941 1161 1101 1234 Hmeehaft
1121 1181 1252 1237 peweeen,
1275 1163 1445 1237 degielter'ch

461 1258 546 1304 unter
560 1249 605 1304 die
621 1250 775 1306 Oderhoheit
786 1253 844 1307 und
855 1254 908 1307 den
921 1250 1018 1308 Sedete
1036 1256 1085 1308 des
1099 1255 1218 1311 h'nieere.

330 1393 445 1448 Gerhert
456 1396 482 1456 2,
496 1395 514 1448 7
527 1397 578 1450 uod
591 1397 734 1460 Bodmann,
747 1415 773 1468 p.
786 1398 822 1452 23
837 1400 1015 1454 ahweiehend.

333 1540 391 1622 Qui
404 1550 552 1627 vergente
564 1546 800 1630 mundivespere
813 1550 844 1611 in
857 1548 967 1612 diehus
983 1549 1227 1614 nostrisllomani
1240 1549 1447 1613 monarchiam

242 1649 378 1733 imperii,
407 1652 466 1717 iam
490 1656 582 1718 veluti
606 1655 636 1717 in
652 1646 789 1738 'pedihus
814 1656 955 1721 fictilibus
983 1658 1192 1732 fluctuantem,
1221 1650 1312 1723 au'reo
1341 1661 1444 1742 capite

243 1759 410 1833 decoravit,
435 1783 509 1846 rege
524 1763 666 1828 videlieet
680 1764 795 1829 honore
813 1771 843 1829 et
859 1767 954 1849 gloria
972 1766 1125 1839 decorato,
1148 1788 1201 1830 rex
1216 1788 1333 1851 regum,
1357 1769 1443 1833 dives

239 1869 269 1931 in
307 1889 427 1943 omnes,
460 1871 511 1954 qui
540 1892 607 1935 eum
635 1875 717 1937 unxit
744 1894 798 1957 pre
826 1875 1024 1958 participibus
1053 1877 1115 1937 suis
1133 1878 1280 1959 ,argentei
1307 1878 1442 1961 pectoris

193 2006 195 2009 ·
238 1979 405 2061 prudencia
430 1980 598 2044 Salemonis
622 1989 713 2066 atque
738 1983 861 2055 divitiis,
886 1985 977 2056 ferro,
1003 1985 1119 2048 scilieet
1143 1985 1305 2049 victoriose
1328 1986 1442 2050 milicie

239 2089 351 2170 gladio,
372 2111 423 2154 ere
448 2091 669 2164 nichilominus,
682 2092 714 2154 id
731 2098 779 2156 est
795 2091 926 2155 omnium
942 2093 1086 2157 virtutum
1102 2094 1257 2178 preconio,
1273 2095 1304 2157 in
1321 2115 1440 2158 omnem

237 2203 348 2261 terram
377 2206 408 2263 et
434 2201 464 2264 in
491 2199 567 2264 fines
595 2200 677 2264 orbis
705 2206 785 2264 terre
814 2203 912 2284 ipsum
936 2201 994 2264 sihi
1024 2202 1055 2265 in
1078 2203 1287 2285 predestinato
1310 2204 1438 2286 imperio

239 2306 377 2370 stabilem
411 2309 503 2372 faciat
535 2316 565 2373 et
595 2330 651 2392 per
681 2311 783 2374 secula
816 2311 998 2392 gloriosum!
1034 2312 1111 2374 Hinc
1142 2317 1243 2376 vestre
1273 2314 1439 2395 imperialis

239 2416 420 2480 excellencie
438 2417 625 2499 dignitatem,
650 2425 791 2503 tanquam
809 2419 846 2482 ad
871 2421 1012 2483 thronum
1030 2420 1127 2502 glorie
1145 2421 1338 2493 accedentes,
1363 2423 1440 2485 eivi-

238 2531 347 2597 tatem,
376 2545 493 2590 omnem
522 2527 725 2592 substanciam
754 2534 784 2593 et
812 2549 960 2613 personas
988 2535 1107 2593 nostras
1138 2527 1324 2593 confidenter
1350 2531 1438 2594 vohis

239 2634 411 2706 offerimus,
441 2638 517 2699 certi
544 2637 623 2719 quod
652 2658 708 2720 per
734 2657 788 2700 vos
817 2643 848 2700 et
875 2638 905 2700 in
929 2638 1016 2702 vohis
1033 2639 1166 2721 graciam
1194 2639 1380 2704 inveniamus
1409 2641 1441 2704 in

237 2744 346 2807 auxilio
372 2751 534 2827 oportuno,
562 2747 613 2829 qui
641 2746 752 2810 dudum
768 2745 807 2809 ab
832 2746 937 2810 alienis
961 2749 1108 2829 possessi,
1139 2748 1256 2812 diucius
1280 2748 1390 2813 fuimus
1407 2751 1441 2813 in

238 2853 350 2915 misera
367 2854 521 2917 servitute.
555 2853 761 2937 Quapropter,
779 2874 959 2938 quesumus,
976 2854 1113 2920 firmetur
1129 2857 1295 2922 clemencia
1311 2858 1438 2924 thronus

237 2962 320 3044 regis
338 2967 379 3033 et,
404 2963 471 3025 dum
497 2962 535 3024 de
560 2961 665 3025 alienis
690 2963 727 3026 ad
752 2964 917 3048 proprium,
942 2964 979 3027 de
1004 2965 1104 3029 multis
1123 2966 1162 3028 ad
1179 2987 1270 3030 unum
1287 2967 1439 3032 dominum

238 3072 453 3143 convertimur,
468 3077 498 3134 et
515 3090 583 3133 eum
598 3071 687 3134 modo
704 3073 877 3157 temporalis
895 3078 997 3137 nostra
1016 3075 1055 3137 sit
1072 3075 1156 3138 salus
1172 3075 1204 3137 in
1221 3096 1310 3139 manu
1326 3083 1439 3151 vestra,

238 3178 374 3243 domine!
408 3178 486 3242 oculi
513 3185 612 3242 vestre
642 3181 764 3262 pietatis
789 3182 834 3243 sic
859 3201 914 3245 nos
938 3183 1121 3265 respiciant,
1151 3190 1184 3246 ut
1208 3187 1275 3267 regi
1299 3191 1438 3250 nontam

237 3307 356 3360 secure,
381 3307 470 3370 quam
493 3272 639 3350 letissime
662 3289 827 3351 serviamus
839 3288 876 3375 1).
911 3289 991 3352 Sane
1016 3291 1095 3373 quod
1119 3292 1198 3354 hanc
1215 3293 1437 3374 professionem

238 3397 340 3460 dehite
365 3396 517 3459 servitutis
542 3415 578 3458 ac
601 3394 764 3468 fidelitatis,
790 3416 807 3458 a
831 3397 948 3460 nunciis
973 3404 1073 3461 vestre
1097 3399 1262 3464 maiestatis
1287 3403 1439 3486 requisiti,

237 3527 296 3569 non
312 3506 451 3576 fecimus,
469 3526 527 3568 non
541 3503 621 3566 aliud
636 3503 729 3568 fuerit
742 3505 899 3568 dilacionis
915 3506 1047 3579 occasio,
1065 3506 1122 3569 nisi
1137 3509 1217 3590 quod
1230 3508 1438 3574 affectavimus

237 3636 292 3678 nos
309 3615 508 3697 personaliter
530 3620 632 3677 vestre
657 3615 833 3696 conspectui
857 3613 1086 3698 magnificencie
1110 3623 1297 3699 presentare.
1326 3619 1438 3683 Verum

237 3726 348 3789 latores
360 3702 564 3807 presencium,
582 3743 657 3806 quos
676 3725 714 3787 ad
730 3724 788 3787 hoc
805 3730 930 3807 propter
947 3747 1031 3790 suam
1046 3726 1238 3791 honestatem
1251 3749 1287 3791 ex
1300 3729 1438 3792 omnihus

238 3834 325 3898 nohis
340 3833 496 3914 elegimus,
513 3833 731 3896 transmisimus
745 3833 783 3896 ad
804 3840 906 3896 nostre
924 3834 1090 3916 legacionis
1108 3835 1282 3917 mysterium
1294 3838 1324 3899 in
1336 3845 1439 3901 vestra

117 3972 198 4012 rum
207 3973 229 4012 n,
238 3943 383 4025 imperiali
409 3944 492 4005 curia
516 3940 795 4026 prosequedumr),
823 3947 920 4004 ratum
945 3947 975 4004 et
1003 3948 1121 4023 gratum
1149 3943 1281 4008 habituri
1297 3947 1437 4030 quitquid

237 4072 292 4133 per
305 4052 426 4117 eosdem
440 4070 542 4113 coram
555 4055 656 4114 vestra
668 4050 827 4113 maiestate
842 4051 1028 4132 propositum
1044 4052 1135 4115 suerit
1152 4053 1200 4116 vel
1207 4057 1242 4135 a)
1261 4060 1434 4118 tractatum.

328 4181 362 4249 a)
379 4182 405 4230 et
418 4179 445 4231 Z.

241 4317 562 4328 -—-—----

266 4400 288 4459 ¹)
306 4399 362 4444 Hier
385 4399 497 4444 sehliesst
517 4399 569 4444 eine
589 4399 661 4443 unteu
680 4399 731 4444 Fol.
754 4397 793 4451 52,
815 4410 852 4442 no.
876 4398 1030 4456 sstolgende‚
1050 4398 1097 4444 fast
1117 4398 1227 4444 wdrttieh
1246 4399 1437 4459 glciehlnutende

300 4483 403 4534 Formel,
421 4483 511 4528 welche
528 4483 641 4539 florigena
658 4482 696 4527 die
717 4481 955 4542 llinleitungsworter
977 4482 1116 4528 Benedictio
1136 4484 1231 4529 claritas
1242 4485 1289 4528 ete.
1304 4516 1309 4527 .
1323 4516 1328 4527 .
1343 4516 1348 4528 .
1362 4497 1433 4529 seeu-

304 4566 390 4620 lorum,
407 4566 447 4610 die
464 4566 514 4612 sich
531 4566 570 4610 hei
588 4566 691 4611 Ger-bert
708 4566 753 4611 und
771 4565 892 4610 Bodmenn
909 4564 998 4621 finden,
1016 4565 1063 4612 het.

267 4645 289 4706 ²)
307 4647 350 4690 llle
375 4659 422 4691 nun
447 4647 576 4705 folgenden
595 4649 677 4694 Worte
701 4647 779 4693 fehlen
806 4646 844 4692 bei
871 4648 974 4693 Gerhert
998 4648 1045 4692 und
1074 4648 1200 4693 Bodmann.
1227 4648 1290 4693 Statt
1307 4647 1436 4693 dereelheu

303 4730 378 4774 heisst
399 4744 424 4775 es
440 4729 513 4773 'dorm
544 4730 577 4774 hd
600 4730 646 4773 hoe
668 4743 734 4786 quam
757 4730 879 4786 plurimum
904 4729 1044 4788 indigemus,
1068 4731 1094 4774 ut
1118 4743 1162 4788 pro
1187 4729 1254 4775 nobie
1271 4732 1370 4776 recitata
1385 4727 1432 4774 fide
