3209 5392
1294 536 1342 612 tl

251 723 413 807 Perpetua
441 726 487 782 est
513 720 579 790 illa,
609 738 666 801 que
693 719 752 781 hoc
769 719 913 781 uocabulo
939 722 1122 798 „perpetuo“
1146 720 1348 797 perpetuatur,
1449 758 1450 763 η

157 831 348 915 temporalia
371 833 418 890 θεῖ
438 828 503 899 illa,
526 848 584 911 que
607 827 654 891 sui
674 827 782 891 valoris
805 832 921 908 tempus
950 825 1083 888 continet
1111 823 1348 894 determinatum,

161 938 354 1002 revocabilis
371 942 417 998 θεῖ
441 936 500 1008 illa,
524 956 582 1019 que
599 941 715 1018 tempus
732 936 961 998 determinatum
980 955 1039 996 non
1067 932 1215 1002 continet,
1242 931 1297 993 sed
1315 951 1350 992 ex

157 1045 257 1107 dantis
281 1044 470 1126 beneplacito
498 1052 666 1118 revocatur,
684 1050 715 1108 et
730 1045 771 1106 ibi
788 1045 826 1106 de
848 1044 948 1105 valore
965 1041 1106 1124 temporis
1124 1041 1214 1104 nichil
1231 1039 1349 1102 dicitur.

247 1153 310 1215 Hee
341 1157 410 1215 sunt
438 1154 475 1215 de
503 1154 697 1236 indulgentiis
725 1153 830 1234 regule
858 1153 1026 1234 generales,
1059 1151 1156 1213 Primo
1186 1149 1351 1220 sciendum,

159 1261 242 1344 quod
275 1262 370 1325 omnis
401 1262 586 1343 indulgentia
618 1263 708 1326 debet
744 1262 930 1344 prohemium
967 1261 1121 1323 continere
1159 1256 1354 1340 subsequenti

159 1371 286 1434 materie
324 1391 504 1437 consonum:
545 1372 629 1434 verbi
646 1372 759 1454 gratia,
793 1371 819 1432 si
837 1370 985 1432 scribatur
1000 1370 1038 1431 ad
1054 1367 1283 1430 veneracionem
1299 1365 1354 1427 ali-

163 1477 250 1540 cuius
262 1472 392 1543 martiris
401 1481 446 1541 vel
462 1480 645 1543 confessoris
658 1481 705 1542 vel
717 1479 814 1542 sancti
829 1472 997 1550 cuiuslibet,
1005 1472 1185 1562 premittitur
1192 1475 1276 1560 aJde
1290 1470 1354 1537 cius
1364 1486 1408 1528 Μ
1417 1485 1441 1525 1⁶
1452 1499 1471 1524 ι-

160 1587 250 1649 laude
268 1593 298 1650 et
314 1589 409 1669 gloria
425 1588 486 1650 sic:
514 1589 586 1670 „qui
608 1595 654 1651 est
675 1568 832 1650 laudabilis
856 1595 886 1651 et
908 1587 1056 1668 gloriosus
1077 1586 1109 1647 in
1132 1586 1244 1648 sanctis
1261 1584 1354 1646 suis“.

160 1694 279 1759 Deinde
297 1697 468 1760 exhortacio
481 1698 518 1759 ad
531 1697 647 1769 tideles,
660 1702 691 1759 ut
703 1698 741 1759 ad
754 1697 820 1758 talis
834 1695 872 1780 b)
890 1695 985 1758 sancti
997 1675 1163 1776 patrocinia
1180 1693 1358 1756 conveniant

158 1804 211 1867 tali
228 1805 289 1876 die,
306 1811 336 1867 et
351 1810 458 1886 postea
474 1805 665 1886 subiungitur
681 1807 796 1868 fructus
813 1803 924 1866 laboris
947 1824 1001 1865 seu
1029 1803 1209 1873 elemosine,
1226 1821 1283 1884 que
1301 1801 1358 1864 erit

158 1913 227 1996 ipsa
242 1913 437 1994 indulgentia.
454 1928 499 1961 '-
515 1915 589 1976 ltem
606 1913 631 1975 si
648 1913 790 1976 scribitur
806 1934 860 1995 pro
876 1908 974 1994 aliqua
997 1912 1144 1984 ecclesia,
1166 1900 1357 1983 scribendum

159 2027 209 2084 est
224 2027 322 2083 utrum
340 2022 376 2083 de
402 2042 477 2084 novo
501 2026 621 2103 surgat,
641 2022 696 2083 ¹vel
719 2022 758 2084 sit
780 2021 955 2104 antiquitate
979 2021 1092 2093 diruta,
1120 2021 1167 2082 vel
1190 2019 1356 2086 combusta,

162 2130 232 2213 quia
250 2129 415 2192 secundum
426 2130 485 2192 hoc
499 2130 573 2192 alius
591 2130 628 2217 ο)
645 2131 750 2193 modus
769 2131 834 2194 erit.
852 2131 934 2201 Item,
952 2129 1077 2217 sieutd)
1094 2130 1275 2198 dictumest,
1292 2149 1358 2190 om-

159 2240 207 2301 nis
220 2237 410 2319 indulgencia
423 2239 612 2311 revocabilis,
620 2238 790 2326 temporalis
807 2239 853 2300 vel
869 2246 1022 2320 perpetua.
1042 2239 1075 2302 Si
1092 2243 1139 2300 θεῖ
1150 2242 1293 2319 perpetua
1308 2236 1356 2323 e),

159 2355 232 2411 tuuc
249 2345 315 2409 finis
329 2353 376 2409 est
392 2347 602 2430 „presentibus
619 2353 763 2429 perpetuo
779 2348 932 2411 valituris“
941 2369 951 2419 ;
969 2347 994 2409 si
1012 2354 1058 2410 est
1073 2346 1256 2428 temporalis,
1273 2344 1355 2424 linis:

163 2455 373 2537 „presentibus
390 2476 444 2537 per
459 2455 611 2519 biennium
626 2457 793 2528 valituris&
812 2457 838 2518 si
855 2462 902 2519 θεῖ
917 2456 1105 2527 revocabilis,
1124 2456 1161 2517 de
1177 2455 1276 2518 valore
1292 2454 1355 2516 eius

160 2565 254 2630 nichil
271 2564 461 2627 diceturldst
477 2570 576 2627 autem
589 2571 620 2628 θῖ
632 2565 711 2631 aliud
727 2585 822 2646 genus
839 2565 1099 2647 indulgentiarum,
1114 2565 1193 2647 quod
1207 2563 1261 2627 soli
1278 2583 1355 2645 pape

63 2721 70 2737 .
160 2674 319 2745 convenit,
343 2674 422 2757 quod
438 2674 495 2736 alio
513 2674 631 2737 nomine
648 2675 840 2756 prerogativa
861 2674 964 2737 vocari
985 2678 1103 2756 potest,
1125 2673 1266 2737 videlicet
1288 2692 1354 2735 cum

156 2804 236 2866 papa
252 2781 433 2865 pontificalia
449 2782 577 2863 insignia
593 2783 729 2865 indulget
745 2783 832 2845 alicui
850 2782 950 2846 abbati
966 2783 1013 2846 vel
1032 2782 1069 2869 f]
1085 2782 1237 2865 preposito
1255 2781 1355 2860 eccle,

159 2892 296 2962 sasaim,
311 2892 391 2974 quod
402 2892 584 2973 permittitur
598 2892 641 2953 eis
654 2893 683 2954 in
697 2893 796 2954 insulis
810 2893 856 2954 vel
869 2893 899 2954 in
912 2892 977 2954 aliis
989 2893 1123 2955 vestibus
1136 2890 1353 2983 pontificalibus

157 3000 324 3063 celebrare.
358 3000 396 3062 ut
410 3000 468 3062 hee
484 3000 675 3082 indulgencie
692 3002 754 3063 sive
771 3002 962 3083 prerogativa
974 3002 1145 3091 'secundum
1160 3020 1354 3083 personarum

157 3115 188 3172 et
211 3108 410 3171 ecclesiarum
432 3108 609 3189 dignitatem
630 3116 756 3191 possunt
778 3130 795 3172 a
818 3111 949 3173 discreto
979 3111 1094 3174 notario
1111 3109 1241 3174 formari.
1265 3109 1305 3172 Ut
1326 3109 1352 3170 si
1463 3168 1465 3172 ,

77 3280 83 3291 ,
157 3218 248 3281 alicui
270 3217 362 3279 insula
385 3219 575 3290 conceditur,
600 3238 657 3300 que
679 3219 798 3301 proprie
822 3225 868 3282 est
890 3219 996 3301 capitis
1019 3226 1150 3290 ornatus,
1166 3218 1352 3301 prohemium

158 3327 313 3389 materiam
330 3346 414 3388 suam
429 3326 551 3390 habebit
567 3326 604 3390 ab
622 3347 674 3399 θος
699 3327 782 3390 verbi
805 3329 918 3409 gratia:
950 3329 1020 3412 „qui
1043 3336 1090 3393 est
1112 3333 1201 3411 caput
1223 3326 1352 3390 ecclesie

160 3445 191 3498 et
219 3455 331 3499 corona
349 3436 558 3498 certantium&
589 3436 628 3499 Et
649 3435 676 3497 si
693 3437 824 3499 sandalia
842 3439 1057 3510 conceduntur,
1075 3458 1132 3521 que
1148 3436 1268 3520 proprie
1285 3444 1353 3501 sunt
1410 3456 1414 3465 ⁴

159 3545 270 3627 pedum
287 3544 426 3625 insignia,
443 3544 628 3626 prohemium
644 3545 797 3608 materiam
814 3566 898 3608 suam
913 3546 1036 3611 habebit
1052 3567 1069 3610 a
1089 3547 1233 3629 pedibus;
1269 3546 1354 3609 uerbi

125 3712 132 3719 Ἀ
161 3653 276 3732 gratim
311 3650 481 3738 „Quamry
508 3654 641 3736 speciosi
668 3655 761 3736 pedes
793 3656 1070 3736 ewangelizantium
1096 3675 1218 3737 pacem,
1252 3674 1354 3717 ewan-

161 3760 353 3842 gelizantium
369 3761 480 3834 bona“,
502 3761 529 3848 1)
548 3767 580 3825 ut
596 3762 708 3824 similia
718 3763 862 3825 similibus
880 3764 1090 3845 congaudeant
1112 3770 1142 3826 θῖ
1158 3764 1351 3826 concordent.

162 3870 196 3933 Si
234 3876 335 3932 autem
362 3870 467 3952 aliquis
495 3872 660 3933 secundum
696 3892 781 3933 usum
814 3872 1023 3935 modernorum
1057 3871 1223 3934 huiusmodi
1257 3871 1355 3934 indul-

162 3977 281 4058 gentias
298 3980 387 4040 vellet
407 3978 564 4060 privilegia
586 3982 747 4061 appellare,
771 4001 831 4043 non
852 3987 1010 4062 peccaret,
1038 3980 1190 4063 pulchrius
1207 3985 1307 4043 tamen
1324 3987 1354 4043 et

162 4088 261 4150 verius
279 4086 481 4168 indulgentias
497 4088 686 4171 appellamus.

254 4266 288 4336 a)
307 4267 477 4334 promittetur
496 4268 523 4319 Z.
544 4299 574 4308 -
597 4267 628 4336 b)
648 4285 663 4320 a
682 4268 728 4320 tali
746 4269 775 4322 V.
800 4297 828 4306 —
852 4267 883 4336 r)
899 4269 966 4322 alius
980 4273 1007 4323 ct
1024 4269 1090 4322 alius
1103 4270 1131 4340 Z..
1147 4298 1174 4307 -
1191 4268 1225 4338 d)
1242 4269 1264 4322 εἰ
1277 4270 1306 4323 V.
1319 4299 1355 4310 -κ

165 4357 196 4426 e)
211 4375 232 4410 a.
247 4375 271 4412 e.
287 4375 315 4427 p.
328 4355 396 4409 lcblt
408 4356 437 4408 V.
456 4387 484 4396 -
498 4355 530 4426 f)
544 4357 585 4410 rel
600 4356 658 4411 aliie
676 4357 786 4427 prelatis
804 4358 994 4414 ecclesiasticis
1012 4358 1084 4428 quod
1103 4359 1130 4412 Z.
1153 4360 1181 4398 -‘
1202 4361 1236 4431 p)
1250 4360 1355 4432 pulchri

165 4464 246 4518 super
278 4452 380 4502 montes
398 4448 483 4518 pedes
503 4448 531 4500 Z.

167 4619 489 4632 fi--u-—n—u—

200 4754 222 4813 ¹)
234 4758 276 4814 up.
289 4757 354 4803 Pauli
366 4759 393 4802 ad
406 4757 470 4803 hom.
483 4758 521 4811 10,
534 4764 568 4804 1³.
