3209 5392
287 507 368 580 ’142

288 688 393 748 rerunt
414 684 611 758 manducare,
637 685 685 749 rel
705 706 820 770 ponere
841 687 1041 752 morticinium
1064 707 1152 752 escas
1173 686 1339 752 volatilibus
1359 687 1411 751 celi
1430 693 1457 752 et

288 800 370 858 terre
386 792 493 858 bestiis
510 813 617 859 onmes
634 794 709 860 cius.
1006 801 1008 806 ’

382 902 535 968 Attendite
551 903 644 987 igitur
660 910 691 968 et
705 905 806 970 ridete
822 906 849 969 si
862 911 910 971 est
926 905 1010 971 dolor
1022 905 1127 971 similis
1140 907 1220 972 sicut
1235 906 1318 971 dolor
1333 905 1460 979 ecclesie,

288 1014 373 1076 cuius
399 1010 493 1087 tilios,
520 1012 610 1077 immo
632 1033 759 1098 sponsos
786 1020 921 1082 machot
946 1016 1027 1081 sicut
1047 1036 1121 1081 oves
1143 1016 1304 1082 occisionis
1325 1016 1413 1101 iniqui
1432 1022 1459 1080 et

288 1122 373 1186 velud
390 1122 500 1206 inpune
516 1123 682 1207 inpugnant
698 1125 873 1207 sauguinem
888 1125 1082 1209 prelatorum.
1117 1126 1151 1190 Si
1167 1146 1241 1209 ergo
1258 1125 1290 1189 in
1310 1124 1394 1189 viridi
1408 1126 1459 1190 bec

286 1238 478 1316 presumunt,
508 1233 539 1298 iu
569 1232 654 1297 crido
685 1233 757 1318 quid
786 1234 921 1299 lenient?
952 1234 986 1299 si
1017 1233 1047 1298 in
1078 1234 1173 1298 virum
1204 1240 1288 1300 tanta
1319 1233 1471 1300 nobilitate·

284 1341 493 1425 conspicuum,
526 1346 607 1406 tanta
636 1340 784 1425 preditum
813 1342 975 1425 dignitate,
1006 1350 1090 1408 tantu
1118 1348 1253 1407 ornatum
1277 1343 1407 1407 sciencia
1434 1350 1460 1407 et

198 1524 199 1527 Ἴ
288 1450 443 1534 elegancin
457 1450 673 1535 prepollentem
689 1451 789 1515 scelus
812 1457 872 1515 tum
900 1452 1114 1537 nequissimum
1143 1451 1372 1526 commiserunt,
1399 1452 1460 1536 quid

288 1560 450 1624 credentur
473 1559 510 1623 de
534 1565 637 1628 cetero
659 1560 689 1624 iu
714 1559 845 1625 minores
867 1562 999 1644 prelatos
1022 1562 1153 1627 ecclesie
1175 1562 1384 1626 commissuri?
1405 1561 1460 1644 Quo

286 1668 435 1752 potencie,
452 1688 510 1753 que
526 1668 656 1742 iusticie,
673 1689 730 1753 que
747 1671 912 1736 auctoritas
928 1692 945 1734 a
962 1671 1072 1737 talibus
1089 1671 1127 1736 de
1143 1676 1246 1737 cetero
1261 1676 1328 1737 tutu
1344 1671 1418 1735 erit?

375 1779 485 1851 Porro,
513 1778 593 1862 quod
616 1779 749 1845 deterius
773 1787 821 1845 cst
837 1786 868 1844 et
884 1801 920 1844 ex
936 1802 972 1844 eo
988 1781 1114 1865 emplius
1130 1781 1366 1853 formidandum,
1393 1780 1461 1863 quod

283 1889 424 1956 videlicet
435 1890 493 1954 iem
507 1891 623 1954 vicibus
638 1892 775 1975 repetitis
791 1892 1003 1956 ministeriales
1019 1891 1136 1976 imperii
1144 1898 1205 1957 tum
1220 1892 1341 1956 inmane
1357 1891 1462 1957 facinus

285 2005 507 2084 perpetrarunt,
523 1999 561 2063 ed
577 2001 824 2085 consequentium
840 2000 969 2066 trahitur
985 2001 1084 2066 scelus
1100 2002 1173 2066 illud
1190 2008 1221 2066 et
1234 2007 1320 2066 tante
1336 2000 1463 2083 maligni·

210 2090 214 2100 ⁸
286 2109 356 2175 tntis
373 2110 538 2194 exemplum
555 2109 592 2173 orl
615 2110 689 2174 ulios
712 2110 866 2175 derivetur
882 2110 931 2195 δ).
965 2112 1011 2175 No
1035 2117 1135 2176 nutem
1157 2111 1310 2195 inpunitus
1326 2111 1463 2175 scelerum

285 2220 432 2304 aliquibus
461 2219 616 2284 undeciens
643 2218 753 2285 tribuet
781 2219 991 2305 delinquendi,
1019 2242 1056 2285 ex
1076 2228 1162 2304 parte
1186 2222 1400 2305 omnipotentis
1415 2218 1467 2284 [lei

283 2329 565 2395 anathematizemus
579 2329 658 2402 illos,
674 2330 725 2413 qui
740 2329 910 2413 predictum
926 2330 1168 2395 ecclesiasticum
1184 2331 1364 2396 occiderunt
1380 2330 1423 2414 ε).

374 2546 565 2621 Ergtuznngeu
579 2547 810 2620 rurbuppenberg
819 2548 1042 2619 llnmburglscbes
1055 2548 1271 2603 Urtundenbucb
1285 2547 1464 2613 ltus-29⁷:
1581 2591 1582 2596 κ

280 2638 447 2698 innocentius
468 2656 511 2734 eo.
524 2655 545 2693 s.
558 2657 580 2693 s.
601 2639 627 2693 d.
649 2656 724 2694 reon.
748 2638 868 2696 frutribb.
887 2640 1023 2696 bremensi
1041 2641 1171 2711 archiep„
1198 2640 1379 2711 suffraganeis
1398 2639 1459 2699 eins,
1581 2629 1582 2652 ³

286 2729 393 2785 dilectis
404 2730 468 2785 filiis
481 2730 537 2785 suis
550 2731 700 2794 abbatibus,
714 2730 850 2803 prioribus
863 2738 890 2786 et
902 2731 962 2787 aliis
976 2731 1149 2788 ecclesiarum
1162 2732 1273 2805 prelutis
1291 2733 1320 2786 in
1333 2728 1461 2787 bremensi

285 2821 420 2892 provincio
435 2820 586 2877 constitutis
600 2841 620 2875 s.
636 2826 700 2877 etu-
715 2823 740 2875 b.

375 2911 408 2985 α)
419 2914 643 2969 sunotememoric
656 2914 688 2970 A.
703 2914 859 2969 lrcodieusis
866 2912 987 2987 episcopi
996 2913 1010 2982 t
1012 2915 1233 2971 Albrscstiscb.
1244 2914 1382 2969 onustior
1393 2911 1463 2975 slot

282 3005 554 3079 Nontlermordet).
566 3036 594 3047 -
610 3004 645 3078 β)
652 3008 721 3062 lilrlt'¹
736 3025 744 3062 t
759 3006 869 3079 0.-γ)
889 3008 1032 3079 imperialis
1040 3008 1099 3061 uulc
1107 3008 1302 3063 cancellarium.
1313 3004 1382 3072 -bl
1399 3004 1466 3059 Prius

286 3097 354 3153 erim
377 3099 441 3153 ouo
465 3098 498 3152 tle
520 3097 676 3154 Barchisteu
698 3096 850 3171 predictum
864 3098 1040 3154 boodleusom
1062 3099 1144 3170 emin
1159 3098 1238 3153 exilio
1253 3096 1369 3169 positum
1389 3097 1464 3150 intor-
1580 3085 1583 3214 ⁴

282 3189 346 3243 tecit
362 3197 389 3243 ot
409 3206 477 3244 nunc
501 3205 635 3262 seqoucrs
654 3190 742 3259 ipsius
762 3196 862 3244 tuntum
882 3189 1037 3261 episcopum
1058 3195 1111 3244 tarn
1130 3189 1273 3244 enormiter
1293 3187 1463 3244 trucidarunt.

285 3280 331 3335 Sic
352 3287 446 3350 mogon
464 3281 538 3335 nis-bt
557 3283 613 3337 lrlos
627 3281 677 3336 den
692 3280 888 3342 Gemordoten,
912 3282 1029 3337 sonderu
1044 3282 1086 3337 ilrr
1099 3268 1207 3351 sigerico
1222 3279 1358 3335 Gescbiolr
1370 3276 1461 3333 bewoi·

287 3390 346 3426 uon.
373 3375 422 3436 Er,
436 3371 483 3425 der
496 3374 592 3443 Pepst,
608 3371 697 3427 werde
710 3372 793 3427 selbot
806 3371 854 3426 mit
867 3372 915 3427 der
928 3369 1030 3427 Gelnhr
1048 3372 1138 3426 seinos
1150 3373 1254 3427 chons
1273 3367 1462 3437 schonungslos

283 3478 371 3535 gegen
384 3461 434 3515 rien
443 3463 550 3520 Mordsr
563 3464 714 3519 verlohren.
726 3463 816 3518 Nolite
828 3462 1104 3534 igitur-oporteret.
1119 3462 1248 3535 -r)l)es
1257 3462 1387 3539 luntbem
1400 3457 1462 3514 wiri

283 3553 352 3609 eucb
374 3555 437 3609 iiber
460 3556 510 3609 ullo
529 3554 738 3627 ltlitschuldigen
760 3554 996 3627 nusgesproclrou¹
1019 3555 1076 3609 ilrre
1095 3554 1199 3608 Liudcr
1221 3555 1330 3608 werdon
1349 3553 1394 3606 mit
1410 3551 1463 3605 dem

284 3643 412 3700 lntcrdiet
424 3646 517 3717 belegt
523 3664 532 3709 3
555 3645 598 3700 dic
612 3644 821 3719 vorlondignrg
844 3645 934 3701 dieses
946 3644 1067 3701 Urtbsilr
1084 3644 1149 3701 wiri
1168 3644 1307 3705 botellos,
1331 3642 1461 3713 recogno

284 3736 490 3805 Untcrsucbuug
508 3734 675 3806 aogcordnet
692 3743 720 3791 et
738 3752 830 3791 omnes
849 3735 910 3792 illos
922 3766 958 3780 -
972 3734 1098 3791 mundari.
1116 3736 1176 3790 [lut
1194 3734 1318 3795 Laterani
1338 3734 1393 3788 Vlll
1414 3729 1463 3786 uu.

285 3827 364 3882 Febr.
379 3824 553 3899 pontificatus
566 3827 649 3881 nostri
663 3844 731 3882 nuno
746 3825 846 3898 quinto.
