3209 5392
1263 424 1341 497 ooo

156 602 365 685 blasphemant
381 607 412 666 et
424 622 510 666 sacra
524 604 661 686 nequiter
673 610 859 668 execrantur.
879 603 966 666 Certe
979 607 1060 664 terra
1073 600 1220 684 quondam
1233 619 1339 684 repro-

156 710 316 782 missionis,
340 731 398 795 que
420 712 468 775 lac
491 718 521 776 et
543 714 600 775 mel
624 706 759 796 patribus
783 712 942 782 emanavit,
965 710 1049 773 nobis
1071 709 1110 771 fel
1133 708 1339 772 amaritudinis

155 822 215 885 lato
231 821 321 884 latice
339 839 398 884 non
415 820 523 883 desinit
541 824 713 904 propinare,
730 822 800 884 dum
818 820 954 884 Christus
978 839 995 882 a
1011 821 1132 901 propria
1148 818 1221 879 sede
1242 817 1341 898 repel-

152 930 237 1006 litur,
254 929 325 992 dum
342 930 513 993 Christiana
529 930 614 1002 tides,
632 936 772 1015 quantum
796 930 828 993 in
850 928 893 993 eis
917 934 974 1001 est,
998 927 1187 1008 extinguitur,
1211 927 1340 1008 dumque

156 1044 260 1103 nostre
286 1038 507 1121 redempcionis
534 1040 674 1121 insignia,
702 1041 782 1104 velut
809 1040 941 1123 quelibet
968 1038 1084 1102 abiecta
1115 1034 1256 1105 materia,
1286 1055 1340 1118 pro

155 1148 268 1211 nichilo
295 1152 490 1231 reputantur,
521 1148 653 1232 illudque
681 1148 861 1212 dominicum
887 1146 1077 1230 sepulchrum
1109 1148 1188 1207 iacet
1218 1163 1339 1225 prorsus

157 1257 370 1342 ingloriosum,
387 1257 466 1342 quod
487 1257 569 1320 Deus
592 1278 646 1340 per
669 1277 701 1320 os
725 1258 872 1340 prophete
893 1258 957 1320 fore
977 1255 1147 1337 predixerat
1168 1253 1337 1335 gloriosum.

157 1366 315 1430 Deducant
330 1367 424 1446 igitur
440 1367 518 1430 oculi
535 1367 628 1429 nostri
644 1367 783 1430 lacrimas
799 1387 854 1449 per
870 1367 948 1428 diem
965 1370 995 1427 et
1011 1369 1128 1427 noctem
1144 1368 1174 1426 et
1186 1382 1245 1425 non
1256 1367 1337 1425 tace-

159 1481 221 1562 ant,
238 1475 376 1560 quoniam
399 1476 582 1540 contricione
604 1496 713 1559 magna
735 1477 864 1540 contrita
886 1482 932 1540 est
954 1476 1048 1557 virgo,
1069 1471 1128 1536 tilia
1149 1472 1251 1557 populi
1271 1471 1339 1542 mei,

156 1586 245 1669 plaga
261 1584 392 1667 pessima
408 1585 609 1648 vehementer.
635 1587 744 1649 Verum
768 1606 849 1650 mare
877 1591 976 1651 vestre
1004 1581 1209 1646 amaritudinis
1231 1600 1286 1643 nec
1310 1581 1339 1643 in

155 1694 214 1756 boc
230 1693 388 1756 terminum
406 1714 492 1756 suum
509 1694 674 1766 constituit,
692 1694 745 1757 sed
763 1696 895 1759 extendit
911 1695 941 1757 in
957 1693 1052 1757 lacius
1069 1690 1171 1754 diluvii
1188 1689 1340 1753 exundan-

155 1803 203 1866 tis.
221 1801 421 1866 Namcivitas
433 1804 526 1873 Acon,
543 1804 574 1866 in
591 1824 648 1888 qua
665 1803 823 1867 multitudo
839 1806 1046 1886 religiosorum
1063 1800 1188 1863 collecta
1204 1799 1340 1882 patriam,

154 1911 248 1995 signis
275 1918 380 1974 nostre
412 1912 612 1994 redemptoris
640 1912 787 1994 insignem
816 1918 846 1975 et
869 1912 990 1995 gloriosi
1012 1910 1092 1993 regis
1120 1910 1215 1992 tytulo
1244 1908 1340 1990 insig-

154 2022 258 2096 nitam,
278 2021 369 2084 velud
382 2021 420 2083 de
432 2022 565 2105 proximo
582 2021 732 2104 aspiciens
749 2026 779 2083 et
796 2021 940 2093 salutans,
957 2020 1053 2083 vicino
1070 2020 1134 2081 eius
1146 2017 1340 2081 recreabatur
1453 2082 1455 2087 ,

153 2129 263 2200 odore,
293 2149 412 2212 queque
441 2130 497 2193 fuit
525 2130 732 2194 nichilominus
757 2130 829 2194 urbs
852 2129 1048 2199 fortitudinis,
1078 2127 1151 2200 biis,
1175 2128 1225 2209 qui
1246 2127 1339 2210 prelia
1358 2159 1464 2200 nvom,

154 2240 273 2303 Domini
291 2238 481 2309 exercebant,
499 2239 737 2302 consolationem
755 2240 820 2324 spei
835 2239 934 2301 adhuc
951 2258 1007 2301 non
1024 2237 1169 2301 modicam
1186 2235 1339 2299 ministra·

152 2347 204 2411 bat
220 2347 361 2411 desolatis
379 2348 482 2412 solatio
496 2353 575 2411 terre
588 2353 702 2419 sancte,
717 2347 943 2431 expectantibus
960 2345 1099 2410 fidelibus
1112 2366 1179 2409 cum
1188 2345 1337 2408 desiderio

155 2461 185 2521 et
197 2457 316 2528 ardore,
331 2456 498 2540 siquando,
511 2457 772 2528 faventeDomioo,
785 2460 867 2521 facto
874 2456 1007 2538 generali
1019 2454 1159 2540 passagio
1167 2454 1336 2518 Christiana

154 2566 263 2630 milicia
279 2569 309 2630 in
328 2587 362 2629 ea
381 2587 413 2628 se
430 2566 575 2648 colligens
599 2572 630 2629 et
652 2587 687 2629 ex
708 2586 743 2631 ea
766 2566 921 2649 gressibus
942 2564 1142 2648 progressivis
1165 2564 1336 2627 successive

151 2676 348 2759 progrediens
377 2680 486 2738 terram
514 2676 743 2740 desiderabilem
759 2696 941 2759 recuperare
958 2694 1025 2738 cum
1047 2675 1143 2757 gloria
1163 2679 1335 2738 mereretur.

155 2785 217 2848 Sed
233 2786 310 2848 beu!
328 2804 439 2848 corona
455 2784 520 2869 spei
536 2785 658 2858 corruit,
676 2786 787 2848 doloris
805 2785 915 2849 crescit
927 2804 1028 2855 causa,
1041 2785 1170 2865 gemitus
1182 2783 1337 2866 geminan-

149 2902 209 2966 tur,
225 2899 315 2974 capta
335 2893 452 2957 scilieet
469 2892 507 2955 ab
522 2892 658 2956 hostibus
675 2900 706 2958 et
722 2915 826 2958 eversa
845 2894 965 2958 civitate
981 2894 1127 2976 predicta,
1145 2894 1338 2976 quemadmo-

151 3004 221 3067 dum
237 3002 351 3085 scripta
368 3006 469 3065 vestra
487 3002 715 3067 lamentabiliter
731 3008 952 3086 expresserunt,
968 3003 1083 3086 sicque,
1101 3004 1191 3065 archa
1209 3003 1265 3066 Dei
1284 3025 1339 3087 per

150 3112 292 3176 diluvium
316 3109 532 3193 quodammodo
557 3111 715 3184 suffocata,
738 3114 907 3177 columbina
929 3113 1060 3177 bdelium
1082 3112 1255 3197 simplicitas
1278 3131 1346 3176 non·

149 3221 279 3292 invenit,
295 3219 345 3283 ubi
362 3241 417 3304 pes
435 3222 478 3306 a)
501 3223 565 3284 eius
587 3222 617 3282 in
639 3223 689 3286 illo
712 3224 802 3288 maris
825 3224 910 3287 litore
932 3224 1111 3305 requiescat.
1141 3223 1227 3285 Nunc
1245 3221 1337 3304 igitur

149 3336 231 3395 tanto
248 3329 389 3394 devocius
406 3351 596 3395 recurramus
612 3331 651 3395 ad
668 3334 800 3396 divinum
818 3332 964 3403 auxilium,
983 3338 1092 3417 quanto
1115 3334 1249 3398 videmus
1274 3335 1335 3398 evi-

150 3440 275 3505 dencius
305 3441 385 3503 omni
413 3461 466 3504 nos
494 3441 538 3504 rei
566 3461 601 3504 ac
624 3442 688 3526 spei
712 3442 839 3505 humane
861 3442 985 3506 comodo
1009 3442 1179 3513 destitutos,
1202 3444 1335 3506 levantes

149 3569 256 3613 manus
273 3549 311 3612 ad
330 3548 426 3613 celum
443 3570 511 3614 oum
523 3552 626 3634 Moyse
637 3551 740 3614 ,lesum
753 3551 947 3615 dormientem
965 3572 1032 3615 curn
1048 3552 1189 3636 apostolis
1203 3552 1333 3615 suscite-

149 3678 231 3731 mus,
247 3656 313 3723 illos
334 3657 561 3732 nichilominus,
577 3660 628 3742 qui
644 3667 826 3742 aeceperunt
841 3661 930 3744 gladii
944 3667 1135 3745 potestatem,
1148 3660 1337 3745 predicacio-
1410 3724 1412 3727 ,
1431 3652 1435 3660 ’

150 3767 238 3831 nibus
256 3767 446 3838 inducentes,
467 3773 500 3832 ut
523 3788 591 3833 cum
614 3769 784 3833 fortissimis
808 3766 980 3833 blacbhbeis
996 3790 1050 3851 pro
1067 3771 1200 3852 paternis
1218 3771 1336 3852 legibus

150 3876 264 3940 animas
288 3897 436 3960 exponere
460 3896 519 3940 non
542 3879 718 3949 formident,
743 3881 811 3963 quia
829 3879 860 3942 in
883 3878 940 3940 boc
965 3879 1116 3943 oontluctu
1139 3881 1258 3945 amabili
1280 3903 1336 3945 neo

150 3988 246 4051 victor
260 4008 317 4051 nec
333 3988 429 4052 victus
446 3987 586 4051 mercede
602 3988 796 4052 frustrabitur
802 4010 812 4062 ;
829 4008 898 4051 nam
914 3989 970 4052 etsi
986 3989 1109 4052 vincens
1126 3995 1172 4052 est
1188 3991 1336 4078 triumpho

149 4095 278 4169 felicior,
294 4097 391 4162 vietus
408 4104 508 4160 tamen
524 4096 656 4162 velocius
671 4097 810 4180 prevenit
827 4102 859 4161 et
874 4096 961 4161 citius
978 4098 1112 4182 pervenit
1128 4100 1166 4161 ad
1182 4119 1333 4168 coronam.

223 4279 256 4348 o)
271 4279 319 4332 hm
333 4278 438 4334 Raude:
453 4278 523 4333 aliua
534 4296 598 4350 opos
612 4280 641 4333 V.

222 4793 316 4840 llontos.
331 4794 400 4840 aoth.
413 4796 441 4841 ll.
454 4796 496 4841 Bd.
510 4797 575 4842 XXV.
