3209 5392
233 483 307 557 172

226 655 398 739 potentibus
413 653 509 737 ipsius
524 654 625 726 urbis,
653 669 728 737 quos
744 651 919 716 habundare
936 652 1007 714 nulli
1024 650 1146 715 dubium
1174 656 1239 722 est,
1266 651 1412 713 maliciose

228 779 313 827 suam
343 759 582 825 habundanciam
614 759 835 823 occultantibus
866 763 898 821 et
928 775 1116 840 nequaquam
1142 755 1318 822 timentibus
1344 757 1412 820 illud

229 871 385 933 incurrere
406 858 599 931 maledictum
622 884 680 949 quo
701 864 828 930 dicitur:
859 865 1057 939 „maledictus
1079 864 1175 927 omnis
1191 865 1244 946 qui
1259 861 1414 926 abscondit

227 979 419 1048 tomentum,
435 974 608 1038 benedictio
624 978 725 1038 autern
742 991 834 1055 super
850 972 948 1054 capud
964 973 1197 1043 nendencium“,
1214 989 1272 1035 nec
1288 967 1414 1054 denique

227 1082 471 1153 abondantibus,
510 1081 591 1163 quod
628 1080 826 1143 necessitates
864 1078 1034 1144 huiusmodi
1065 1080 1251 1143 habundanti
1282 1069 1416 1141 tribuunt

227 1190 373 1272 grandem
396 1187 552 1253 materiam
582 1187 714 1250 diluendi
745 1192 874 1268 peccata
905 1194 936 1250 et
966 1186 1098 1250 divinam
1129 1184 1262 1267 graciam
1294 1186 1417 1249 ulterius

226 1296 428 1378 promerendi.
461 1296 596 1376 Urgente
623 1294 716 1375 igitur
735 1293 909 1362 victualium
934 1291 1034 1375 inopia
1050 1294 1174 1356 conlinit
1189 1294 1228 1356 ad
1246 1312 1302 1358 nos
1318 1291 1417 1375 populi

227 1404 383 1468 multitudo
402 1420 470 1465 eum
487 1400 685 1471 clamoribus,
714 1418 803 1482 quern
820 1401 885 1464 sine
901 1401 1033 1466 lacrimis
1050 1401 1155 1463 audire
1172 1419 1231 1463 non
1247 1417 1417 1481 possumus,

227 1511 371 1574 alimenta
392 1505 511 1572 scilicet
533 1508 749 1589 deposcentem
756 1525 766 1577 ς
795 1527 854 1569 non
875 1507 964 1569 aliter
986 1525 1074 1589 quam
1092 1505 1117 1568 si
1132 1506 1250 1588 lapides
1266 1508 1418 1571 valeanus

229 1619 261 1680 in
275 1635 384 1700 panem
412 1621 590 1679 conuertere
606 1621 638 1677 et
654 1616 684 1678 in
701 1616 829 1677 farinam
857 1613 1012 1696 pulverem
1039 1620 1249 1678 transmutare.
1283 1613 1317 1678 in
1333 1616 1419 1679 huius

227 1726 321 1806 igitur
350 1722 542 1786 necessitatis
569 1722 695 1786 articulo
710 1722 750 1786 ad
772 1728 803 1785 te
827 1721 962 1785 dommus
989 1719 1168 1786 fiducialiter
1194 1721 1419 1794 recurrendum,

227 1832 397 1899 recolentes
413 1832 494 1914 quod
510 1829 607 1894 felicis
634 1830 859 1894 recordacionis
887 1827 1008 1912 quidam
1036 1829 1288 1911 predecessorum
1305 1834 1419 1893 nosos-

230 1960 296 2004 rum
324 1942 364 2021 α)
397 1939 521 2002 Romani
548 1937 723 2019 pontifices,
757 1938 796 2002 ad
824 1938 927 2003 inclite
953 1937 1178 2002 recordacionis
1200 1953 1291 2018 reges
1311 1938 1420 2019 sycilie

226 2047 461 2130 predecessores
489 2051 557 2110 tuos
578 2047 609 2108 in
631 2065 705 2109 casu
734 2045 822 2111 simili
849 2046 985 2109 habuere
1012 2061 1170 2108 recursum
1192 2049 1223 2107 et
1245 2063 1301 2107 eos
1319 2045 1351 2107 in
1365 2045 1421 2107 hac

225 2160 310 2237 parte
340 2154 493 2225 liberales,
526 2158 616 2235 prout
645 2152 779 2234 regalem
810 2150 913 2216 decuit
942 2151 1200 2225 munificenciam‚
1232 2154 1420 2216 inrencnmt.

227 2262 314 2343 Quod
329 2264 432 2344 utiquc
449 2261 548 2323 eclam
563 2260 602 2323 de
618 2264 670 2326 bra
682 2259 862 2324 liberalitate
878 2281 896 2323 a
912 2259 1001 2323 nobis
1014 2275 1074 2322 non
1089 2259 1213 2341 indigne
1224 2260 1421 2341 presumitur,

227 2389 294 2432 cum
321 2389 381 2431 non
408 2368 554 2431 minorem
582 2367 620 2429 ad
646 2372 679 2432 te
713 2366 877 2430 habeamus
906 2367 1042 2431 caritatis
1069 2373 1242 2450 respectum
1270 2385 1361 2450 quam
1384 2367 1422 2431 ad

226 2474 380 2556 predictos
407 2492 498 2554 reges
523 2473 657 2535 habuere
683 2473 842 2555 pontifices
870 2474 1031 2545 antedicti,
1063 2494 1119 2536 nee
1148 2475 1295 2537 minorem
1329 2494 1418 2557 quam

229 2584 330 2644 fuerat
352 2580 517 2643 eorundem
533 2600 638 2662 regum
659 2582 698 2644 ad
720 2581 787 2643 illos
810 2587 890 2643 mam
913 2581 952 2643 ad
973 2601 1029 2643 nos
1045 2580 1283 2643 benivolenciam
1301 2582 1423 2645 estime-

227 2709 302 2752 mus.
335 2688 520 2768 Imperialem
541 2687 640 2770 itaque
661 2687 871 2751 liberalitatem
894 2689 973 2749 omni
997 2707 1057 2770 qua
1078 2706 1239 2767 possumus
1261 2687 1421 2751 affectione

228 2796 436 2879 deposcimus,
468 2798 615 2876 quatenus
642 2794 810 2877 prudenter
837 2794 996 2856 attendens
1025 2793 1258 2876 oportunitatem
1287 2796 1422 2875 graciam

225 2902 415 2986 promerendi
427 2902 567 2970 divinam
581 2901 781 2984 populumque
789 2902 954 2964 Romanum
970 2901 1008 2962 ad
1024 2919 1157 2963 amorem
1174 2906 1204 2963 et
1221 2900 1419 2964 devocionem

230 3019 314 3075 tuam
336 3009 437 3071 arcius
455 3007 606 3089 obligandi
630 3027 699 3070 esse
715 3028 734 3070 a
749 3008 876 3071 Domino
893 3005 947 3070 tibi
971 3007 1087 3079 datam,
1110 3027 1198 3089 quam
1219 3013 1280 3070 tam
1296 3009 1425 3072 libenter

228 3138 317 3202 quam
327 3117 471 3198 hylariter
483 3116 673 3197 amplectaris
686 3115 953 3198 exemploloseph,
967 3116 1018 3198 qui
1029 3117 1212 3182 necessitate
1224 3117 1290 3196 pari
1306 3123 1422 3197 patrem

228 3227 349 3309 pavisse
365 3225 476 3288 dicitur
489 3228 579 3307 atque
596 3227 723 3297 batres,
751 3230 784 3288 ut
807 3243 862 3287 nos
885 3231 916 3287 et
938 3225 1017 3287 idem
1041 3225 1188 3305 populus,
1216 3226 1267 3306 qui
1284 3226 1367 3288 sicut
1382 3227 1421 3290 ad

226 3341 341 3414 patrem
358 3333 525 3396 esurientes
541 3331 609 3405 lilii,
633 3334 672 3396 ad
687 3352 742 3395 nos
760 3333 909 3401 clamant,
931 3331 1050 3396 articuli
1066 3331 1237 3398 huiusmodi
1260 3335 1418 3415 augustias

227 3461 282 3522 per
296 3439 436 3504 auxilium
458 3446 542 3505 tuum
564 3441 691 3506 eradere
713 3440 866 3506 valeamus
883 3445 913 3504 et
929 3444 1093 3521 generacio
1110 3440 1167 3508 bec
1184 3459 1277 3521 opera
1296 3440 1337 3527 β)
1354 3442 1421 3510 lau-

230 3547 281 3614 det
296 3555 327 3610 et
344 3552 459 3612 eructet
474 3548 506 3610 in
521 3549 623 3612 secula
638 3554 689 3611 tue
705 3549 880 3614 memoriam
895 3547 1044 3629 largitatis
1061 3544 1100 3632 γ)
1128 3547 1156 3634 ).

316 3725 511 3794 Erganzungen
521 3742 570 3778 aus
579 3724 740 3779 liuill-Brdlr.
751 3725 852 3786 timii.
863 3756 891 3764 -
902 3724 936 3795 α)
948 3722 1035 3778 felicis
1048 3723 1248 3778 recordacionis
1263 3697 1414 3779 dlexander

228 3814 374 3867 albucius.
394 3841 421 3853 ·—
437 3811 472 3885 β)
485 3817 541 3871 turn.
554 3843 588 3853 —
601 3814 634 3884 a)
653 3815 689 3867 Er
704 3820 782 3883 mdge
802 3815 859 3868 sich
874 3815 960 3868 durch
973 3809 1139 3881 Gewthrung
1158 3813 1206 3867 der
1219 3814 1289 3867 Bitte
1304 3813 1338 3867 im
1352 3814 1417 3866 Ver·

226 3907 320 3956 nauca
340 3903 389 3957 des
411 3905 525 3973 repetes
548 3903 687 3959 erhalten:
710 3919 808 3974 preces
822 3934 850 3944 -
867 3905 1011 3975 repulsam.
1036 3931 1067 3943 -
1091 3905 1145 3957 Das
1168 3904 1261 3957 moon
1285 3904 1415 3958 testimari

226 3990 387 4050 liuill-Brdb·
399 3993 416 4046 l.
428 4008 452 4046 c.
463 3992 510 4048 mit
519 3994 604 4050 hecht
615 3995 683 4050 nach
694 3990 742 4048 der
752 3993 900 4050 Nacbricbt
912 3994 946 4048 im
960 3991 1110 4048 chronicon
1123 3993 1172 4048 des
1184 3992 1333 4048 Riecardus
1343 3993 1377 4050 de
1390 3992 1417 4045 S.

227 4081 355 4137 Germano
374 4082 408 4136 ad
425 4101 449 4138 a.
464 4083 543 4140 1227.
567 4084 697 4138 Houcmus
714 4101 784 4158 papa
802 4100 868 4138 suos
887 4083 921 4137 ad
934 4084 1122 4153 imperatorem
1135 4082 1161 4138 iu
1175 4082 1295 4138 Siciliam
1308 4082 1418 4138 nuncies

227 4170 316 4233 mittit,
329 4176 358 4226 ut
371 4173 420 4226 sibi
435 4177 462 4227 et
476 4172 593 4228 Romane
614 4174 688 4227 curie
700 4174 727 4226 in
744 4174 901 4227 victualibus
922 4174 1090 4235 subvenirem
1110 4174 1153 4241 qui
1166 4188 1216 4242 per
1229 4172 1368 4228 Hernicum
1382 4169 1414 4225 de

227 4259 315 4312 Merra
328 4263 480 4331 magistrum
494 4262 666 4317 iusticiarium
679 4263 730 4316 hoc
743 4260 801 4315 fieri
815 4261 929 4316 mandat.

230 4412 554 4428 Ἥ-

261 4507 284 4567 ¹)
301 4509 379 4555 l’selrn
398 4509 452 4566 lli,
464 4513 487 4555 7.
