3209 5392
1299 480 1364 544 loo

170 663 346 744 erigendum
366 662 403 747 ¹).
434 661 491 743 Qui
515 680 583 724 cum
611 660 649 722 ab
673 662 758 722 annis
781 660 895 721 teneris
918 661 1016 724 Deum
1038 667 1143 725 tencre
1160 660 1203 745 a)
1227 660 1369 742 diligens,

171 771 320 834 catholice
343 769 414 833 fidei
437 770 546 841 robur,
574 770 655 843 velut
679 773 709 830 in
733 769 798 850 ipsa
821 767 879 830 fide
902 768 1061 842 fundatus,
1090 775 1194 834 tenere
1219 771 1372 833 curaverit

173 884 204 941 et
230 879 446 942 exaltacionem
480 878 583 940 matris
614 878 743 940 ecclesie
771 897 808 939 ac
836 877 976 960 equitatis
1011 879 1160 943 tramitem
1189 883 1219 940 et
1252 879 1372 942 iusticie

172 987 292 1049 sublimi
318 1006 438 1068 semper
462 986 626 1048 devocione
649 986 740 1049 fuerit
761 987 946 1069 amplexatus
954 1007 963 1056 ;
995 993 1078 1049 tenet
1099 986 1229 1049 fidelium
1253 987 1375 1049 univer-

172 1095 243 1157 salis
268 1095 386 1177 opinio,
409 1094 507 1178 quod,
530 1099 685 1176 prestante
707 1095 775 1165 illo,
793 1116 848 1178 per
865 1115 953 1179 quem
969 1115 1058 1178 reges
1083 1101 1228 1178 regnant,
1256 1096 1373 1179 inipso

172 1202 381 1283 gloriabuntur
409 1222 529 1275 omnes,
560 1203 611 1285 qui
638 1209 816 1266 reverentur
845 1203 1007 1267 ecclesiam
1031 1209 1061 1266 et
1088 1204 1236 1275 universi,
1266 1205 1315 1286 qui
1332 1202 1372 1285 b)

173 1311 300 1392 diligunt
319 1331 427 1373 nomeu
447 1312 521 1373 eius.
547 1311 622 1373 Cum
639 1312 732 1394 igitur
747 1312 803 1373 toti
820 1312 931 1375 mundo
948 1311 1110 1394 expediens
1123 1310 1271 1382 videatur,
1289 1316 1320 1373 ut
1334 1311 1372 1396 c)

173 1419 287 1500 lampas
304 1419 421 1502 imperii
439 1419 584 1502 deinceps
602 1439 661 1481 uon
679 1420 735 1483 suh
752 1421 852 1483 modio
870 1420 973 1492 lateat,
987 1420 1042 1482 sed
1055 1439 1147 1502 super
1160 1419 1373 1482 candelabrum

174 1528 290 1607 posita,
318 1526 393 1598 hiis,
422 1527 472 1610 qui
505 1547 600 1611 usque
632 1527 731 1592 adhuc
760 1529 791 1589 in
819 1528 953 1590 tenebris
987 1528 1193 1598 ambularunt,
1223 1528 1374 1609 copiosius

171 1637 340 1699 elucescat:
365 1635 518 1698 sanctitati
542 1642 642 1698 vestre
664 1636 865 1718 provolvimur
889 1635 1105 1719 supplicando,
1130 1641 1279 1718 quatenus
1303 1655 1374 1717 pre-

174 1744 285 1806 dictum
301 1763 416 1824 regem,
438 1763 493 1824 per
515 1744 712 1807 beatitudinis
737 1750 838 1808 vestre
863 1744 966 1807 literas
984 1744 1022 1806 ad
1039 1748 1168 1806 vestram
1185 1745 1374 1825 presenciam

174 1857 347 1922 evocatum,
373 1853 558 1935 compelletis
590 1854 627 1917 de
651 1855 788 1917 manibus
811 1855 920 1916 vestris
949 1855 1150 1918 sacrosanctis
1176 1873 1294 1916 sacrum
1317 1855 1373 1915 im-

174 1960 249 2043 perii
267 1961 425 2043 suscipere
441 1961 599 2043 dyadema,
617 1967 650 2025 ut
668 1964 766 2026 sciant
784 1968 815 2025 et
832 1962 1002 2045 intelligant
1020 1962 1163 2033 universi,
1184 1963 1263 2044 quod
1276 1963 1376 2044 posuit

174 2089 228 2130 ros
252 2069 282 2129 in
306 2069 402 2131 lucem
424 2069 568 2132 Dominus
599 2077 628 2133 et
656 2092 711 2153 per
738 2077 799 2135 tam
823 2075 927 2134 sancte
951 2070 1150 2134 delibucionis
1178 2071 1376 2134 ministerium

175 2178 313 2239 universo
331 2177 395 2240 orbi
411 2198 469 2261 pax
486 2184 516 2241 et
532 2181 732 2262 tranquillitas
749 2185 938 2262 procuretur.

279 2341 311 2404 a)
332 2346 424 2394 tenere
444 2341 465 2393 V
484 2343 535 2394 und
554 2344 572 2393 Z
591 2343 661 2396 doch
682 2345 748 2396 wohl
762 2346 806 2398 fiir
816 2344 918 2397 timere.
933 2373 965 2381 -
976 2343 1008 2410 b]
1022 2341 1069 2396 das
1084 2343 1209 2413 folgende
1224 2343 1315 2401 Stiielr,
1336 2344 1376 2395 bis

176 2447 233 2482 zum
247 2430 368 2488 Scbluss,
382 2431 454 2484 steht
468 2431 493 2483 in
507 2432 536 2484 V.
549 2435 597 2484 aul
607 2434 690 2484 ciuem
704 2434 770 2486 Rest
783 2432 831 2485 des
845 2434 940 2486 achteu
955 2433 1055 2486 Blattes
1069 2432 1326 2497 desQuaternionen
1343 2463 1372 2470 —

177 2521 209 2587 c)
224 2523 253 2573 ut
266 2521 332 2573 ieldt
345 2520 374 2572 V.

213 2775 238 2838 ¹)
258 2784 303 2826 Das
326 2782 396 2826 weist
419 2783 460 2827 auf
482 2784 519 2828 die
538 2785 591 2828 Zeit
610 2786 669 2828 nach
689 2785 731 2827 der
754 2786 930 2842 Anerkeunung
953 2785 1060 2829 Rudolf's
1084 2786 1177 2829 Seitens
1200 2786 1311 2844 Gregor's
1340 2785 1377 2837 Χ.,

256 2874 316 2916 uaclr
329 2873 369 2915 26.
384 2872 522 2930 September
536 2873 607 2925 1274,
621 2876 669 2917 hin.
