3209 5392
871 680 933 754 31.

708 855 787 938 laps
803 854 1000 917 Romanam
1016 855 1089 933 regi.

617 1010 697 1070 tuac.
713 1011 765 1068 nn
778 1010 822 1066 bb
836 1010 907 1081 apud
920 1016 1042 1068 meh·
1057 1014 1173 1067 rm

298 1154 486 1210 lanceatam.
508 1153 668 1208 abesseadet
692 1152 752 1207 ἄση(
770 1152 873 1222 Ia'dnipe
890 1149 1183 1208 calaritanensem
1205 1152 1262 1206 υἱον
1280 1153 1397 1224 paldone
1409 1154 1496 1225 Binyc

298 1243 389 1315 sape
406 1244 489 1300 ciuem
507 1243 648 1314 Smercpd,
672 1239 782 1313 sapsas,
808 1242 912 1295 &aaut
927 1243 986 1295 aad
1004 1242 1090 1313 Topos
1108 1242 1165 1295 and
1180 1240 1283 1295 abacta
1294 1242 1340 1298 dic
1352 1243 1497 1311 manaseds

665 1331 823 1401 dederim
836 1329 926 1385 aanor
940 1328 1117 1388 (lesemdan.

385 1474 524 1537 Bocbmer,
537 1473 604 1545 lieg.
618 1471 672 1527 inu.
686 1473 739 1536 111„
753 1487 795 1526 ao.
811 1471 838 1526 c.

385 1619 465 1686 Inter
491 1622 627 1683 terrenas
657 1636 741 1699 open,
770 1633 844 1700 quas
874 1615 1007 1682 mortalis
1035 1615 1139 1682 oculus
1167 1616 1373 1698 concupiscit,
1404 1620 1492 1702 quasi

296 1725 411 1794 rariora
433 1723 587 1788 desiderat
607 1742 712 1788 auum
733 1721 867 1787 abacum
890 1725 921 1785 et
940 1721 1058 1806 lapides
1079 1723 1245 1804 preciosos.
1277 1722 1367 1788 nicet
1393 1728 1495 1789 autern

296 1831 356 1898 biis
378 1830 494 1896 diviciis
517 1830 699 1896 excellencia
725 1829 838 1912 regalis
865 1827 1036 1901 habundet,
1064 1828 1096 1892 in
1123 1829 1244 1910 signum
1270 1828 1445 1896 dilectionis
1461 1836 1493 1896 ct

293 1937 483 2030 prerogativa
512 1936 729 2020 quodammodo
756 1934 798 2021 a)
826 1935 986 2017 singularis
1003 1940 1131 2019 quatum
1146 1936 1251 2002 anulos
1278 1957 1390 2002 amcos
1419 1957 1489 2008 cum

295 2045 423 2114 tetidem
448 2044 601 2129 lapidibus
626 2043 774 2125 preciosis
796 2048 848 2108 tue
878 2044 1079 2126 magnitudini
1106 2043 1307 2117 destinamus,
1335 2045 1494 2129 inquibus

296 2153 434 2236 profecto
451 2158 482 2216 te
497 2152 632 2215 volumus
648 2150 775 2235 mystice
792 2150 961 2232 intelligere
984 2152 1122 2223 sormam,
1143 2151 1311 2223 materiam,
1333 2171 1493 2218 numerum
1510 2133 1516 2146 ⁸

238 2295 241 2301 ¹
296 2261 475 2328 evectores.
508 2258 687 2326 Rotuuditas
708 2257 800 2340 igitur
822 2258 978 2323 anulorum
1000 2258 1164 2326 eorundem
1188 2258 1379 2323 eternitatem
1396 2260 1494 2342 signi-

295 2366 378 2439 ficat.
400 2386 460 2449 quc
477 2371 562 2428 caret
576 2363 723 2446 principio
747 2370 839 2450 atque
855 2364 931 2435 fine;
960 2384 996 2427 ex
1012 2365 1108 2432 forma
1130 2369 1232 2428 autem
1246 2365 1416 2432 anullorum
1433 2386 1490 2452 que

295 2471 496 2554 corruptibilis
520 2477 567 2536 est
583 2476 614 2534 et
628 2476 729 2552 potest
745 2492 780 2533 ex
797 2471 955 2538 contrariis
980 2471 1174 2555 qualitatibus
1191 2471 1348 2542 inmutari,
1374 2474 1491 2556 regalis

297 2579 389 2646 debet
404 2579 561 2646 advertere
576 2578 758 2664 prudencia,
786 2578 867 2659 quod
889 2579 918 2639 ei
940 2578 977 2643 de
994 2576 1124 2642 terrenis
1145 2577 1185 2640 ad
1201 2577 1327 2643 celestia
1343 2585 1376 2644 et
1390 2584 1491 2646 trans·

296 2686 418 2754 iendum
445 2685 486 2750 sit
506 2684 545 2750 de
560 2684 772 2770 temporalibus
790 2685 828 2748 ad
852 2690 967 2748 eterna.
999 2683 1214 2768 Quaternarius
1237 2690 1337 2754 auten
1352 2705 1494 2754 wmarus

298 2797 347 2856 est
373 2791 620 2878 quadripartitam
647 2791 853 2857 constanciam
884 2793 994 2856 menda
1025 2791 1197 2863 insinuans,
1229 2810 1287 2876 que
1315 2812 1374 2858 nec
1403 2793 1495 2860 debet

299 2900 425 2982 deprimi
441 2899 472 2961 in
488 2899 624 2960 adversis
640 2916 698 2959 nec
714 2897 745 2960 in
760 2898 915 2979 prosperis
929 2897 1049 2990 elevari.
1068 2897 1158 2980 Quod,
1170 2898 1282 2979 regalis
1298 2899 1495 2980 providencia

298 3012 368 3070 tunc
386 3005 552 3068 efficaciter
568 3003 753 3086 adimplebit,
771 3023 839 3067 cum
856 3010 984 3086 quatuor
998 3003 1160 3068 virtutibus
1177 3003 1382 3067 cardinalibus
1399 3008 1491 3071 suerit

297 3113 446 3184 ordinata,
463 3112 493 3174 id
510 3117 558 3174 est
573 3110 703 3181 iusticia,
719 3110 907 3183 fortitudine,
919 3110 1088 3192 prudencia
1104 3117 1135 3176 et
1150 3113 1376 3194 temperancia:
1393 3114 1492 3195 primo

297 3219 467 3300 intelligens
484 3218 650 3291 iusticiam,
673 3236 763 3302 quam
779 3236 923 3282 exerceas
938 3217 970 3280 in
986 3216 1122 3290 iudiciis,
1151 3218 1374 3293 fortitudinem,
1400 3239 1491 3304 quam

299 3325 442 3405 exbibens
471 3325 503 3392 in
533 3323 686 3400 adversis,
729 3324 927 3406 prudenciam
958 3343 1048 3406 (μμη
1079 3325 1223 3392 observes
1250 3326 1290 3412 a]
1317 3327 1349 3390 in
1382 3327 1493 3402 dubiis,

298 3430 529 3514 temperandam
552 3449 642 3515 quam
656 3432 688 3495 in
702 3430 858 3512 prosperis
881 3451 942 3496 aon
964 3431 1108 3496 dimittas.
1140 3433 1198 3495 Per
1218 3434 1376 3497 materiam
1392 3441 1493 3500 auam

298 3540 479 3610 anullorurn,
502 3559 562 3622 que
584 3545 631 3601 est
647 3556 752 3600 auram
775 3538 934 3620 optimum,
962 3538 1145 3621 sapienciam
1166 3540 1288 3621 accipe,
1318 3540 1391 3625 quia
1414 3544 1494 3605 sicut

233 3681 236 3685 ·
297 3669 402 3713 aurum
429 3643 566 3710 omnibus
593 3645 737 3716 metallis,
770 3645 816 3708 sic
850 3645 1004 3727 sapiencia
1038 3644 1175 3709 omnibus
1207 3646 1294 3709 bonis
1324 3649 1491 3724 antecellit,

298 3757 450 3838 nichilque
475 3772 580 3833 regem
608 3756 728 3833 oportet
754 3751 852 3833 magis
876 3770 964 3833 quam
992 3752 1178 3833 sapienciam
1204 3754 1382 3835 possidere,
1412 3754 1493 3838 quod

300 3865 440 3928 Salomon
461 3860 574 3931 innuit,
597 3860 648 3941 qui
671 3858 764 3921 solam
786 3858 970 3941 sapiencian
985 3879 1004 3923 a
1018 3860 1084 3926 Dea
1099 3860 1280 3940 postulavit,
1302 3867 1336 3923 ut
1349 3862 1491 3943 populum

299 3971 357 4034 sibi
370 3968 561 4033 commissum
574 3986 609 4028 eo
622 3964 770 4029 salubrius
784 3965 968 4045 gubernaret
983 3964 1021 4051 ¹).
1034 3966 1152 4029 Deinde
1163 3967 1275 4050 regalis
1288 3966 1493 4049 intelligencia

298 4078 456 4160 mysticum
493 4091 675 4155 gemmarum
713 4071 845 4135 colorem
881 4071 1035 4135 intellecto
1072 4072 1199 4154 mystico
1232 4073 1488 4155 comprehendat:

300 4183 451 4264 smaragdi
482 4182 582 4262 itaque
614 4178 748 4241 viriditas
779 4177 870 4240 fidem
900 4178 1047 4250 insinuat,
1080 4178 1194 4261 saphiri
1225 4180 1374 4243 serenitas
1407 4199 1490 4262 spem

301 4288 459 4371 significat,
483 4284 600 4367 granati
616 4284 822 4348 rubicunditas
840 4285 995 4349 caritatem
1012 4292 1211 4368 representat,
1240 4286 1352 4370 topazii
1368 4286 1488 4351 claritas

391 4467 424 4535 c)
441 4462 571 4533 quomodo
585 4461 614 4515 V.
629 4490 661 4498 -
676 4461 709 4527 b)
724 4462 781 4514 obs.
796 4462 846 4516 auf
856 4462 949 4515 Rasur.

304 4597 624 4615 --·““·“.-““-““-

333 4691 357 4748 1)
375 4689 462 4745 Regum
480 4680 518 4731 lli,
531 4677 557 4731 3,
567 4676 590 4722 9.
