3209 5392
230 493 307 565 268

228 667 266 730 ab
284 667 394 729 ellectu
411 664 597 746 cognominis
614 684 674 727 non
690 664 856 735 discordat,
872 663 911 726 ad
928 661 1097 725 sanctitatis
1113 664 1213 722 vestre
1235 657 1426 742 presenciam

227 773 407 837 fiducialiter
429 772 565 836 duximus
595 772 807 836 destinandum
841 792 895 834 seu
917 771 1011 834 eciam
1033 767 1284 851 promittendum,
1312 764 1425 828 humil-

226 883 297 944 lima
318 899 443 963 precum
465 879 614 943 instancia
630 880 843 962 deposcentes,
868 883 1015 961 quatenus
1032 896 1125 958 super
1145 875 1218 946 hiis,
1240 892 1298 955 que
1314 870 1424 935 restris

227 988 349 1054 auribus
381 987 497 1051 duxerit
527 987 723 1060 inculcanda,
761 988 891 1052 libenter
922 986 1028 1050 eadem
1059 985 1163 1048 audire
1196 982 1359 1063 dignemini
1391 987 1421 1045 et

228 1095 423 1159 exaudicione
439 1094 571 1175 gratuita
587 1095 796 1158 favorabiliter
811 1096 980 1176 prevenire.

800 1335 863 1404 53.

577 1512 637 1575 len
653 1487 848 1574 llonanorhn
865 1511 896 1576 ll.
913 1485 1071 1574 lodicibus.

227 1671 315 1741 Koniy
338 1673 445 1744 liudolf
464 1671 572 1741 fordert
596 1670 676 1725 einen
700 1672 791 1725 aeiner
815 1671 945 1732 Getreaert
970 1668 1029 1739 cof,
1055 1669 1131 1723 erineo
1156 1668 1337 1739 albaeripae,
1361 1684 1421 1721 oer-

227 1761 432 1818 hreehert’oehen
448 1759 735 1818 Oieterzieneermonch
746 1760 881 1831 pefaoqcn
893 1779 926 1814 zu
939 1758 1062 1823 achmete,
1081 1758 1165 1813 demit
1182 1777 1212 1813 er
1225 1757 1271 1812 die
1282 1757 1421 1812 vmdierrte

677 1850 772 1920 Strcfe
785 1852 871 1904 devort
884 1857 968 1921 trapa.

318 1996 458 2057 Bodmann‚
472 2013 499 2066 p.
515 1995 575 2050 179.

317 2141 393 2221 Quia
421 2141 658 2203 facinorosorum
685 2141 837 2221 inpunitas
859 2140 937 2202 riam
960 2140 1135 2223 frequenter
1158 2139 1254 2220 aperit
1278 2136 1416 2219 reprobis

224 2249 372 2311 deteriora
388 2246 537 2332 prioribus
556 2247 776 2310 committendi:
806 2269 878 2319 noS,
896 2246 1003 2330 quibus
1027 2268 1043 2309 a
1066 2246 1130 2308 Deo
1154 2246 1272 2327 gladius
1294 2251 1414 2327 tempo-

229 2357 301 2420 ralis
331 2361 378 2418 est
405 2356 538 2418 creditus
567 2355 605 2417 ad
632 2353 752 2418 laudem
777 2355 925 2418 bonorum
954 2363 985 2418 et
1017 2356 1180 2419 vindictam
1207 2354 1415 2437 reproborum,

225 2464 360 2525 volentes
383 2483 418 2524 ex
440 2461 538 2523 officio
562 2461 717 2542 dignitatis
747 2468 899 2547 assumpte
923 2465 1139 2526 sceleratorum
1161 2462 1309 2525 maliciam
1332 2463 1418 2524 cohi-

227 2571 317 2635 bere:
345 2570 479 2633 fidelitati
502 2577 602 2634 vestre
623 2570 743 2652 precise
765 2571 951 2642 mandamus,
976 2577 1122 2654 quatenus
1145 2571 1183 2633 ad
1208 2571 1417 2633 detencionem

231 2684 260 2741 et
283 2680 458 2762 capcionem
475 2681 530 2749 N.,
558 2679 607 2762 qui
637 2678 673 2740 de
703 2678 806 2741 ordine
831 2677 1086 2761 cysterciensium
1103 2678 1143 2762 a)
1170 2680 1258 2741 velud
1286 2685 1424 2760 apostata

230 2789 339 2852 dicitur
367 2787 474 2851 exiisse
503 2794 533 2852 et
561 2809 616 2871 per
643 2787 868 2868 ingratitudinis
898 2788 1077 2852 detestabile
1107 2788 1216 2850 vicium
1239 2788 1269 2848 in
1293 2788 1422 2851 eundern

230 2896 383 2968 ordinem,
415 2896 500 2959 cuius
523 2895 666 2960 uberibus
692 2895 838 2959 deliciose
872 2896 969 2958 extitit
996 2897 1160 2968 educatus,
1192 2896 1343 2959 hostiliter
1358 2901 1419 2958 tarn

230 3005 376 3068 incendiis
406 3024 493 3087 quam
521 3005 635 3086 rapinis
670 3004 834 3067 crudeliter
870 3004 1070 3076 debachatur,
1105 3004 1281 3067 omnimodis
1314 3003 1421 3067 studiis

229 3119 259 3175 et
287 3114 368 3176 curis
397 3113 563 3175 efficaciter
589 3113 771 3182 intendatis,
799 3113 948 3176 servaturi
974 3114 1090 3196 ipsum,
1118 3120 1151 3177 ut
1178 3115 1258 3177 iuxta
1286 3114 1421 3177 multitu-

234 3222 331 3283 dinem
348 3227 542 3302 peccatorum
559 3221 742 3302 condignam
759 3227 789 3284 et
806 3221 938 3285 debitam
954 3243 1063 3304 penam
1079 3224 1177 3285 valeat
1193 3229 1357 3304 reportare.

787 3427 850 3499 54.

598 3605 658 3666 Rex
674 3604 872 3694 homanorum
888 3605 919 3667 Ν.
937 3607 1049 3685 regine.

781 3761 861 3817 1276.

226 3888 317 3960 Kdnr'q
329 3889 434 3959 liudolf
451 3886 567 3943 schreibt
588 3890 637 3941 der
661 3889 752 3943 Wr’twe
770 3890 818 3942 deo
831 3888 932 3959 Konipc
946 3888 1061 3959 Stephon
1083 3908 1132 3944 von
1151 3891 1270 3961 Unparn,
1295 3909 1325 3943 er
1346 3891 1421 3944 welle

229 3995 320 4049 weyers
338 3980 388 4032 cler
411 3996 461 4031 oon
480 3975 524 4031 ihr
544 3975 726 4033 mamnechten
745 3977 879 4031 eheliehen
902 3978 1066 4050 Verbinduap
1088 3978 1161 4033 ihrer
1180 3979 1282 4035 Sohnee
1298 3981 1420 4033 Andreas

222 4066 268 4120 mit
288 4066 378 4121 aelner
399 4066 509 4120 Tochter
532 4066 674 4120 Clementia
693 4065 741 4119 mit
759 4066 851 4120 scineae
875 4068 989 4120 Furaten
1009 4067 1068 4121 airh
1081 4067 1215 4135 beratheri,
1230 4087 1273 4124 um
1287 4071 1359 4123 donn
1372 4070 1419 4124 die

432 4157 485 4212 ihm
499 4177 529 4212 ao
543 4157 706 4212 erwrtnschte
721 4156 809 4211 Saehe
822 4161 879 4211 tum
890 4157 1037 4212 Aheehhrsa
1046 4179 1077 4213 aa
1092 4160 1209 4232 bringeri.

320 4304 445 4374 Palaclry,
460 4303 677 4364 Formeloueher,
691 4320 718 4371 p.
732 4300 794 4365 319,
808 4320 832 4354 n.
848 4301 909 4355 114.
923 4300 1070 4364 Burmann,
1081 4322 1108 4374 p.
1124 4304 1167 4358 50.

316 4449 593 4531 Congratulacionis
607 4448 703 4511 amice
715 4448 874 4531 placiditas
887 4450 981 4512 literis
994 4451 1114 4522 vestris,
1132 4472 1205 4535 quas
1220 4471 1317 4533 nuper
1328 4454 1413 4515 valde

224 4563 380 4643 gratanter
399 4558 583 4640 accepimus
603 4578 694 4639 super
711 4558 870 4620 fortunatis
890 4564 919 4621 et
930 4560 1084 4641 prosperis
1098 4567 1199 4624 nostre
1220 4563 1257 4645 l)
1274 4564 1417 4627 sublima-

316 4687 350 4754 e)
367 4687 439 4740 sealt
452 4684 681 4755 Cystercicnsiurn,
694 4686 805 4741 fratrum
819 4688 849 4740 N.
863 4686 1005 4742 Rodmann.
1022 4721 1052 4733 -
1068 4687 1099 4757 h)
1114 4694 1203 4744 vestre
1217 4691 1245 4744 ll.
