3209 5392
748 844 812 917 46.

568 1016 734 1103 Imperator
750 1024 868 1086 domino
886 1037 970 1104 pape.

651 1179 722 1232 12⁷4
735 1179 800 1233 odcr
815 1178 894 1232 1275.

187 1359 218 1413 K.
232 1358 336 1429 liudolf
345 1360 437 1428 aeardet
449 1360 507 1412 dean
523 1361 605 1430 Popet
624 1355 725 1431 Grepor
743 1361 774 1412 X.
794 1361 871 1414 eirea
885 1361 969 1413 Botere
985 1361 1042 1414 aad
1060 1359 1133 1414 distet
1147 1355 1204 1423 iba,
1223 1360 1372 1415 deoraetbeo

182 1451 210 1503 ia
233 1452 307 1516 dem,
330 1467 386 1503 roas
403 1467 434 1503 er
449 1449 499 1517 fiir
523 1451 574 1501 dac
585 1448 667 1502 Reoelr
685 1448 783 1503 carcobl
800 1451 841 1501 ala
860 1449 928 1503 auch
945 1449 974 1502 in
990 1451 1107 1504 anderen
1128 1451 1370 1522 Angelepeaheiten

521 1548 662 1612 vertrayen
675 1541 772 1600 werde,
791 1540 880 1594 Gebdr
891 1548 924 1594 zu
935 1541 1027 1612 gabea.

231 1712 234 1717 ·
271 1683 386 1737 Gerbert
400 1684 423 1743 l,
439 1681 482 1736 16.

269 1830 397 1895 Plurima
414 1828 589 1895 beatissime
604 1838 702 1913 pater,
715 1832 890 1913 interpretis
908 1833 1056 1915 scripture
1072 1834 1248 1905 ministerio,
1266 1835 1372 1918 quibus

178 1939 312 2021 paternis
329 1938 503 2020 aspectibus
520 1937 616 2004 filialis
634 1946 681 2002 est
696 1947 908 2021 representata
920 1941 1057 2013 devocio,
1075 1941 1112 2004 de
1128 1943 1224 2006 nostri
1240 1945 1373 2025 pectoris

177 2049 291 2112 calamo
326 2047 472 2110 hactenus
508 2048 688 2110 effluxerunt
720 2048 837 2112 interne
876 2049 984 2112 mentis
1023 2049 1180 2121 allectum,
1221 2070 1308 2133 quem
1336 2051 1374 2113 ad

176 2159 399 2220 sacrosanctam
428 2155 590 2218 Romanam
619 2156 797 2228 ecclesiam,
830 2164 956 2222 matrem
983 2164 1134 2229 nostram,
1162 2159 1375 2222 invariabiliter

179 2264 330 2344 gerimus,
357 2262 564 2345 imperfectius
592 2264 763 2328 indicassis
796 2271 827 2328 et
849 2266 1086 2328 insufficiendus
1109 2267 1150 2350 a)
1174 2266 1376 2347 exprimaucia

180 2376 279 2433 votum
296 2376 439 2434 nostrum.
466 2369 542 2451 Quia
557 2370 650 2451 igitur
666 2372 825 2454 aliquando
843 2374 882 2459 b)
899 2373 1073 2436 absencium
1090 2372 1241 2435 desideria
1257 2373 1375 2454 plenius

177 2484 208 2541 et
218 2478 334 2560 planius
342 2479 409 2541 vive
415 2479 500 2575 vocis
510 2480 631 2542 oraculo
646 2481 841 2561 explicantur,
855 2501 945 2564 quam
958 2482 1156 2545 adnotacione
1168 2481 1260 2544 tacita
1272 2481 1376 2544 litera·

179 2606 262 2648 rum:
280 2607 366 2658 ecce,
384 2586 465 2669 quod
477 2586 682 2650 honorabilem
694 2588 790 2650 uirum
803 2588 852 2659 Ν..
865 2589 958 2656 multa
969 2589 1157 2652 virtuositate
1171 2588 1377 2669 conspicuum,
1402 2639 1404 2642 ,

179 2693 311 2758 moribus
329 2699 360 2757 et
376 2693 509 2756 sciencia
525 2694 685 2775 preditum,
707 2694 794 2758 nobis
818 2716 872 2758 sue
894 2696 1053 2778 probitatis
1076 2695 1192 2758 meritis
1208 2700 1377 2778 acceptum,

181 2802 267 2866 vobis
284 2801 379 2863 eciam
393 2806 424 2862 et
440 2801 570 2863 ecclesie
582 2802 716 2864 Romane
731 2803 881 2874 devotum,
899 2805 937 2866 ad
952 2803 1148 2867 beatitudinis
1163 2809 1265 2866 vestre
1282 2804 1377 2884 pedes

179 2909 358 2973 fiducialiter
375 2909 569 2980 destinamus,
582 2915 713 2982 vestram
724 2911 916 2975 sanctitatem
931 2917 1087 2993 rogantes,
1104 2917 1250 2993 quatenus
1267 2911 1377 2991 ipsum,

183 3037 271 3100 quem
292 3037 395 3080 rerum
417 3017 646 3098 predecessoris
671 3020 716 3080 sui
745 3018 802 3080 iam
827 3019 977 3082 credimus
999 3038 1055 3100 per
1069 3017 1227 3081 laudabilis
1249 3017 1377 3080 actionis

181 3126 311 3207 insignia
327 3130 510 3189 sectatorem
523 3131 555 3189 et
566 3127 662 3189 eciam
679 3146 900 3198 successorem,
916 3127 1028 3190 habere
1046 3126 1210 3207 dignemini
1225 3125 1378 3208 propicia·

183 3234 287 3306 cione,
313 3252 372 3315 qua
395 3233 549 3303 convenit,
581 3233 826 3324 recommissum,
858 3234 956 3296 eidem
979 3215 1071 3315 super
1092 3233 1250 3316 principali
1274 3237 1376 3297 nostro

187 3348 219 3405 et
239 3341 355 3423 imperii
379 3341 523 3422 negocio,
540 3361 597 3403 nec
620 3362 679 3405 non
702 3360 792 3423 super
814 3342 880 3405 aliis
904 3343 1105 3423 peticionibus
1127 3355 1204 3424 eque
1237 3341 1275 3428 c)
1291 3342 1377 3404 iustis

186 3470 261 3533 quas
284 3456 384 3513 vestre
407 3450 560 3514 sanctitati
582 3451 761 3531 porrexerit,
777 3451 919 3531 graciose
937 3451 1141 3514 exaudicionis
1159 3456 1190 3513 et
1206 3450 1377 3514 favorabilis

102 3627 107 3632 ,
187 3557 354 3621 audicionis
370 3557 512 3620 allectum
528 3557 688 3639 benignius
704 3558 870 3640 impensuri.

275 3720 313 3773 lla
331 3720 465 3774 zwischen
479 3721 510 3772 li.
526 3720 626 3774 liudolf
642 3721 694 3773 und
710 3719 814 3791 Gregor
827 3722 857 3773 ll.
878 3719 918 3773 ein
941 3718 1077 3774 lebbafter
1099 3717 1250 3773 briellicher
1261 3718 1382 3773 Verhehr

183 3810 385 3883 statlgefunden
404 3812 452 3864 hat
469 3811 521 3864 und
542 3810 591 3865 aui
606 3811 682 3863 einen
702 3811 813 3864 solehen
835 3811 870 3863 im
884 3810 1020 3880 Eingange
1040 3826 1151 3863 unsarea
1163 3809 1267 3863 Brisfes
1285 3810 1380 3879 hinga-

183 3903 281 3955 wicaen
300 3900 378 3961 wird,
404 3918 435 3953 ao
456 3902 525 3954 kann
543 3915 603 3953 man
622 3902 781 3964 annahman,
810 3901 933 3954 darselba
953 3899 992 3952 sei
1011 3916 1042 3951 an
1063 3897 1169 3964 Gregor
1189 3901 1219 3951 X.
1239 3900 1380 3969 gerichtct.

185 3992 248 4045 Dies
267 3994 484 4061 vorausgasetzt,
507 3992 583 4044 vaist
601 3990 649 4043 der
666 3990 819 4045 Ausdruclr:
846 4008 946 4060 „super
964 3989 1106 4060 principali
1125 3990 1217 4042 nostro
1237 3991 1265 4041 ot
1277 3988 1381 4058 imperii

184 4081 316 4149 negocio“
335 4081 405 4134 noch
418 4081 468 4134 auf
483 4080 526 4134 die
540 4080 597 4135 Zeit
616 4079 663 4133 dar
680 4081 812 4134 nviaehen
827 4081 885 4134 dem
898 4083 997 4150 Papstc
1011 4078 1064 4131 und
1078 4078 1172 4132 Aliana
1185 4094 1237 4131 van
1251 4077 1379 4133 Cartilian

184 4187 278 4239 wagan
297 4171 345 4225 dea
364 4172 506 4224 batntaren
525 4169 767 4237 Ver'zicblleiatuug
786 4170 834 4222 auf
852 4170 900 4223 das
920 4168 1006 4222 Rcicb
1025 4168 1221 4222 aehrvebenden
1241 4167 1381 4221 Varhand-

186 4261 283 4325 langen
304 4261 362 4319 hin,
381 4260 438 4313 also
459 4276 505 4313 vor
518 4260 577 4313 dem
590 4259 651 4313 Juui
666 4260 745 4312 lars.
761 4258 866 4328 (Vargl.
880 4259 1020 4319 Boehmer,
1032 4258 1098 4328 Reg.
1113 4256 1195 4324 Greg.
1210 4257 1240 4311 x.
1254 4274 1296 4312 uo.
1310 4256 1381 4328 221)

187 4352 241 4404 und
260 4350 308 4404 des
326 4350 428 4420 Konigs
448 4350 635 4421 Abgesandtor
658 4358 727 4402 ware
748 4353 823 4403 einer
844 4350 891 4403 der
910 4349 966 4403 drci
986 4348 1242 4417 Bevollmtchtigten
1260 4348 1382 4403 liudolfo

190 4443 233 4495 bei
251 4442 357 4511 Gregor
377 4443 421 4494 X.:
442 4440 505 4496 Otto
526 4443 624 4509 Propat
642 4457 691 4492 von
709 4443 749 4494 St.
770 4440 857 4493 Guido
876 4441 901 4492 in
923 4440 1019 4509 Speier
1036 4438 1104 4493 oder
1122 4439 1245 4493 Heinrich
1258 4456 1307 4493 von
1322 4439 1383 4511 lsup

187 4532 300 4585 Bischol
310 4549 359 4585 von
373 4532 449 4585 Basel
464 4531 530 4585 oder
542 4531 669 4584 Heinrich
683 4529 723 4590 lt,
735 4530 849 4583 Biachof
861 4545 911 4582 vou
925 4528 1037 4588 Tricut,
1085 4602 1087 4606 y

281 4641 315 4708 a)
333 4639 514 4693 insulicienter
526 4641 553 4691 Z.
568 4669 601 4678 -
616 4639 647 4706 b)
664 4637 768 4692 aliunde
781 4638 808 4691 Z.
827 4667 856 4676 -
872 4636 903 4704 c)
917 4640 998 4705 atque
1014 4635 1054 4690 V.r
1146 4695 1151 4700 ¹

1110 4724 1166 4777 lt·
