3209 5392
1250 512 1323 583 371

99 778 102 785 Ι
131 695 287 778 delegatas
304 703 335 759 et
346 715 401 779 per
411 697 508 760 virum
523 698 678 779 providum
695 696 882 780 capellanum
897 697 981 755 tunm
998 690 1129 754 discrete
1145 687 1326 771 propositas,

132 804 336 868 condecenter
357 805 548 878 admisimus,
576 810 607 868 et
628 804 803 869 absenciam
823 808 905 867 tunm
927 799 965 863 ad
981 817 1108 883 presens
1125 797 1445 880 equanimiterrotlte

132 918 355 996 supportamus,
376 914 554 978 mandantes
576 914 691 997 pariter
713 919 743 977 et
759 913 905 981 volentes,
929 913 1077 994 qnatenus
1092 906 1178 979 olias,
1196 926 1265 970 cnm
1288 909 1328 971 ad

130 1021 246 1085 curiam
258 1028 392 1086 nostram
404 1023 577 1087 necessario
589 1030 620 1085 te
636 1022 738 1087 vocari
755 1019 939 1101 contingerit
955 1020 1009 1106 n),
1027 1018 1064 1081 ad
1082 1016 1209 1085 eandem
1224 1016 1328 1080 venias

130 1128 264 1194 indilate.

222 1291 297 1348 Oben
315 1311 342 1364 p.
360 1294 424 1353 240,
442 1310 485 1346 no.
504 1292 541 1346 30
559 1294 595 1346 ist
613 1293 654 1346 ein
676 1291 858 1361 koniglicbes,
880 1308 913 1347 nn
931 1293 1009 1346 einen
1026 1287 1139 1344 Bischol
1157 1288 1325 1361 gericbtetes

130 1381 436 1450 llinladungsscbrciben
456 1398 514 1437 zum
535 1382 707 1451 Ndrnberger
724 1382 885 1454 Reichstngc
907 1380 996 1452 (12⁷4
1015 1381 1080 1435 llov.
1109 1378 1244 1452 11-19.)
1264 1379 1327 1434 mit·

131 1471 253 1538 getbcilt.
278 1474 314 1527 Es
332 1473 369 1527 ist
385 1473 513 1544 mdglicb,
531 1471 594 1528 dass
613 1489 695 1527 unser
711 1473 786 1527 Bricl
801 1490 835 1527 an
850 1472 933 1544 jenon
951 1469 1067 1532 Riscbol,
1088 1469 1139 1524 der
1161 1487 1192 1524 nu
1205 1470 1325 1526 komrncn

129 1563 285 1618 verbinderl
305 1580 375 1626 var,
400 1565 468 1618 nach
490 1563 549 1617 dem
567 1563 727 1634 Reicbstage
750 1563 869 1619 erlassen
892 1564 942 1626 ict3
966 1561 1035 1615 dann
1057 1559 1149 1614 virdo
1174 1577 1203 1615 er
1224 1561 1250 1614 in
1273 1561 1325 1616 den

130 1654 279 1709 November
292 1651 360 1706 oder
371 1654 522 1710 December
536 1653 608 1708 1274
622 1654 751 1724 gehdren.

701 1898 764 1967 22.

550 2076 610 2137 ben
626 2080 711 2157 rogat
726 2076 897 2153 religiosos.

691 2233 770 2287 1274.
855 2249 860 2257 ·

128 2380 216 2451 Kortia
232 2378 337 2449 liudolf
351 2379 425 2434 litter
444 2380 502 2434 cine
517 2379 655 2450 qciotlr'cbe
673 2376 870 2450 Korpcrocbnft
887 2396 931 2433 um
951 2380 1035 2433 deren
1055 2379 1175 2434 Fdrbr‘tte
1194 2380 1244 2451 fdr
1265 2380 1323 2435 oieb

130 2470 186 2523 und
208 2468 283 2524 aeine
310 2468 463 2531 Gemellis,
488 2470 572 2525 demit
593 2488 623 2524 er
648 2470 692 2523 die
717 2468 769 2523 itm
793 2469 840 2524 mit
858 2470 907 2523 der
929 2469 1126 2541 Kdoipcwdrdc
1147 2470 1323 2543 dbcrtrapene

426 2558 545 2615 ccbwere
556 2560 677 2631 Aufionde
689 2558 860 2631 acprocreicb
873 2559 1024 2630 ooliba-iope.

220 2704 344 2765 Gorbert,
360 2705 388 2766 1,
400 2704 442 2758 24.

215 2851 261 2914 dd
287 2851 441 2934 speculam
464 2851 621 2933 dignitatis
642 2852 727 2934 regie
751 2851 945 2916 ordinacione
970 2852 1069 2914 divina
1085 2852 1232 2932 provecti,
1250 2852 1319 2914 dum

123 2959 315 3043 inportabilia
337 2981 445 3032 onera,
480 2962 592 3025 nostris
615 2961 748 3024 humeris
777 2959 1007 3033 incurnbencia,
1037 2959 1198 3041 diligenter
1220 2964 1320 3023 atten-

124 3069 234 3141 dimus,
249 3070 318 3132 dum
334 3070 364 3134 in
384 3071 496 3135 trutina
518 3072 660 3135 continue
684 3069 897 3134 meditacionis
914 3068 1111 3152 appendimus
1128 3068 1317 3152 propriarum

122 3180 355 3244 imbecillitatem
368 3188 399 3244 et
414 3180 661 3245 insnllicienciam
681 3182 798 3253 vinium,
816 3187 847 3244 et
862 3179 996 3261 suscepti
1012 3179 1125 3244 laboris
1141 3180 1320 3262 inspicimus

123 3288 313 3371 gravitatem,
327 3289 503 3375 quodamb)
510 3289 647 3352 nimirum
660 3291 767 3352 timore
781 3295 811 3353 et
825 3294 954 3352 tremore
967 3294 1090 3369 stupere
1104 3288 1319 3371 compellimur,

123 3400 186 3481 qui,
203 3399 316 3479 gradm
332 3399 585 3481 preeminenciam
602 3406 632 3462 et
647 3404 841 3482 perspectam
864 3399 1005 3461 deorsum
1021 3397 1116 3461 abissi
1132 3397 1242 3461 faciem
1256 3399 1320 3463 lor-

120 3507 289 3580 midantes,
318 3527 355 3570 ne
382 3508 442 3571 loci
466 3509 507 3594 c)
526 3507 669 3571 terribilis
692 3508 840 3588 celsitudo
862 3508 906 3593 d)
922 3507 1097 3589 plerumque
1126 3526 1180 3569 nos
1196 3512 1320 3579 terreat,

123 3637 160 3678 ex
193 3614 303 3678 fiducia
337 3621 436 3678 tamen
471 3615 569 3678 divine
605 3616 770 3678 clemencie
808 3616 990 3685 relevamur,
1027 3621 1203 3697 sperantes,
1240 3617 1320 3699 quod

118 3724 211 3788 huius
226 3725 387 3807 procellosi
400 3730 430 3788 et
449 3726 580 3807 spaciosi
593 3726 684 3787 maris
701 3724 777 3787 illesi
794 3724 924 3787 transire
941 3724 1091 3806 possimus
1108 3725 1277 3807 angustias,
1295 3728 1320 3790 si

121 3833 228 3897 salutis
246 3838 276 3896 et
292 3834 396 3915 gracie
414 3833 500 3896 nobis
517 3834 684 3916 impetretis
709 3833 861 3905 auxilium,
878 3833 929 3915 qni
946 3832 1051 3895 celesti
1070 3853 1182 3915 sponso
1199 3835 1229 3898 in
1246 3856 1320 3900 con-

120 3945 255 4008 sciencie
283 3949 383 4007 vestre
399 3942 440 4027 o)
468 3943 584 4006 deliciis
612 3944 710 4006 locum
738 3943 876 4006 floridum
904 3943 1099 4025 preparastis.
1134 3943 1212 4024 Quid
1241 3946 1319 4008 enim

118 4051 206 4115 vobis
222 4072 239 4115 a
256 4051 369 4134 pietate
386 4051 486 4114 divina
502 4051 673 4133 negabitur,
698 4052 748 4135 qui
773 4070 893 4133 semper
914 4051 992 4113 illam
1015 4052 1188 4125 mereamini
1206 4051 1319 4117 habere

119 4160 287 4244 propiciam
309 4161 452 4224 virtutum
478 4161 609 4225 candore
632 4168 664 4224 et
685 4161 850 4243 flagrancio
875 4180 999 4243 operum
1029 4161 1208 4226 beatorum?
1240 4161 1319 4244 Quid

119 4270 199 4353 apud
216 4270 351 4352 reginam
368 4270 579 4352 prefulgidum,
592 4276 718 4334 matrem
733 4271 801 4342 Dei,
824 4275 926 4333 vestra
939 4288 999 4332 non
1019 4275 1159 4352 poterunt
1181 4271 1318 4337 obtinere

119 4379 280 4462 preconia,
309 4398 436 4462 qnorum
452 4379 568 4444 meritis
585 4381 679 4461 fulget
696 4381 844 4452 ecclesia,
868 4382 952 4461 viget
968 4379 1096 4443 mundns
1114 4380 1270 4463 exemplis,
1287 4388 1319 4445 et

117 4487 238 4570 prolicit
266 4488 373 4570 religio
402 4488 587 4553 christiana?
618 4488 696 4570 Quid
719 4490 769 4552 illa
792 4488 961 4553 clarissima
983 4488 1093 4552 civium
1109 4489 1193 4552 acies
1209 4510 1318 4573 super-

212 4669 247 4737 a)
257 4670 312 4721 sic!
325 4669 354 4722 v.
369 4687 393 4722 u.
409 4671 435 4722 Z.
443 4701 475 4709 -„
485 4671 516 4740 b)
530 4672 663 4740 quoddam
670 4673 699 4725 V.
716 4704 747 4711 -
762 4672 794 4737 c)
808 4669 859 4724 loci
871 4669 984 4724 forsitan
991 4671 1087 4723 n-rl
1082 4671 1103 4738 )
1118 4670 1228 4722 altitudo
1241 4671 1268 4724 Z.
1284 4699 1317 4709 -

118 4758 153 4826 e)
172 4761 263 4813 nostre
283 4759 310 4814 Z.

1043 4848 1100 4906 24·
