3209 5392
1285 543 1361 614 385

163 745 199 787 eo
215 723 414 806 largicionum
431 723 605 808 amplificati
622 725 778 789 beneficiis
796 732 826 788 et
844 725 990 788 bonerum
1006 718 1200 807 prerogativa
1217 718 1322 788 dotati,
1340 717 1382 781 siv

165 832 284 895 demum
312 831 343 893 in
370 834 421 893 tue
437 832 695 897 consideracionis
719 833 834 897 trutina
862 830 1059 917 appenderis,
1094 832 1240 912 quantum
1266 828 1367 890 locum

165 940 315 1004 discretus
333 939 378 1002 vir
392 940 428 1002 N.
447 940 504 1003 tibi
520 947 551 1005 et
567 943 697 1006 ecclesie
713 947 765 1006 tue
782 943 813 1005 in
830 941 915 1005 curia
931 945 1035 1004 nostra
1051 936 1184 1002 tenuerit
1200 936 1243 1023 a)
1260 935 1367 998 hacte-

167 1071 224 1113 nus
241 1054 272 1112 et
289 1048 388 1112 adhuc
404 1056 510 1114 tenere
525 1053 636 1135 poterit
653 1053 843 1123 infuturum,
860 1053 996 1135 profecto
1014 1069 1073 1110 non
1097 1046 1245 1128 ambiges,
1269 1063 1369 1126 neque

168 1158 326 1223 vacillabis
344 1161 376 1220 ut
393 1157 515 1231 dubius,
535 1161 609 1243 quin
626 1162 664 1223 ad
677 1161 901 1245 promocionem
919 1158 1014 1243 ipsius
1031 1178 1067 1219 ex
1083 1155 1220 1238 pluribus
1237 1152 1369 1216 racioni-

166 1269 224 1332 bus
241 1266 383 1330 tenearis.
417 1267 538 1331 Nullum
556 1273 657 1332 autem
673 1270 714 1353 d)
731 1269 919 1333 consuetudo
936 1265 1053 1350 imperii
1070 1266 1155 1334 latet,
1172 1263 1266 1346 quod,
1290 1262 1369 1339 sicut

166 1375 278 1439 nostris
295 1375 575 1460 predecessoribus,
596 1377 672 1441 diris
690 1377 730 1463 c)
744 1379 946 1442 Romanorum
962 1374 1098 1457 regibus,
1126 1371 1170 1436 sic
1194 1375 1224 1434 et
1247 1370 1334 1434 nobis
1353 1391 1370 1433 a

167 1484 354 1567 quibuslibet
380 1485 505 1569 prelatis
534 1486 751 1551 ecclesiasticis
781 1488 870 1550 unius
898 1504 1026 1568 persone
1055 1481 1186 1567 provisio
1213 1479 1368 1543 debeatur.

166 1594 294 1676 Propter
300 1593 380 1676 quod
391 1595 598 1657 necessarium
608 1616 676 1659 esse
688 1615 747 1658 non
757 1596 920 1665 credimus,
929 1593 1010 1677 quod
1022 1593 1060 1655 ad
1070 1589 1318 1676 recepcionemet
1328 1588 1370 1672 d)

170 1701 372 1789 provisionem
389 1702 483 1786 ipsius
499 1704 536 1766 N.
555 1704 653 1768 intua
670 1704 800 1793 ecclesia
817 1703 981 1768 auctoritas
1005 1701 1171 1784 apostolica
1187 1698 1370 1782 requiratur,

174 1836 209 1878 eo
234 1810 315 1897 quod
338 1812 445 1876 eadem
466 1819 519 1876 tua
542 1815 673 1878 ecclesia
689 1815 727 1878 ab
744 1815 864 1878 eclesiis
882 1814 948 1877 aliis
971 1812 1057 1894 regni
1081 1811 1192 1880 nostri,
1221 1829 1280 1892 que
1301 1809 1372 1876 illis,

98 1932 101 1939 ⁴
173 1943 227 2006 pro
245 1922 355 2006 quibus
371 1921 531 2004 primarias
546 1943 655 2007 preces
668 1929 787 1988 nostras
801 1924 976 1994 obtulimus,
990 1941 1126 2003 congrua
1137 1918 1373 2004 promptitudine

169 2030 367 2116 providerunt
383 2036 414 2094 et
429 2031 590 2115 provident
607 2034 805 2102 incessanter,
822 2033 854 2094 in
877 2030 1087 2094 condicionum
1112 2029 1289 2113 disparitate
1314 2048 1374 2089 non

127 2154 128 2157 ’
172 2140 324 2221 discrepet
341 2160 397 2203 nec
415 2141 618 2223 exempcionis
635 2140 762 2203 alicuius
779 2140 938 2222 privilegio
955 2140 1107 2203 fulciatur.
1127 2137 1202 2200 llinc
1220 2142 1276 2207 est,
1294 2137 1376 2220 quod

173 2249 367 2313 serenitatem
383 2248 424 2335 e)
440 2253 524 2310 tuam
541 2269 577 2310 cx
597 2247 636 2335 f)
659 2248 769 2312 affectu
787 2247 961 2331 plenissimo
985 2246 1122 2310 duximus
1150 2244 1374 2316 exhortandam,

173 2362 322 2441 quatenus
340 2356 396 2419 iuri
414 2362 516 2420 nostro
535 2362 564 2420 et
581 2357 699 2440 imperii
715 2377 882 2421 consonum
900 2356 1082 2442 prestiturus
1099 2357 1287 2441 applausum,
1304 2377 1375 2440 pre-

175 2467 289 2531 dictum
304 2467 341 2529 N.
360 2487 415 2550 per
443 2470 561 2530 nostras
589 2467 692 2530 literas
720 2466 851 2549 recipias
880 2466 910 2528 in
933 2466 1112 2528 canonicum
1135 2465 1218 2528 etin
1241 2465 1493 2537 sratrem,ru.srs.

175 2576 360 2658 prebendam
377 2576 543 2638 secundnm
561 2597 614 2639 sue
631 2577 820 2658 recepcionis
838 2576 972 2637 ordinem
988 2581 1191 2658 recepturum.
1216 2574 1279 2637 Hoc
1298 2573 1377 2635 enim

154 2760 157 2765 ,
177 2708 236 2749 non
248 2684 449 2769 preindicabit
467 2685 597 2749 ecclesie
614 2685 768 2748 antedicte
786 2704 842 2748 nec
849 2684 895 2772 p)
912 2682 1176 2769 receptisosliciet,
1191 2683 1378 2748 sedecacer-

179 2794 264 2859 babit
284 2795 363 2876 apud
381 2794 424 2879 la)
442 2816 496 2856 nos
514 2800 543 2857 et
559 2794 615 2856 tibi
632 2799 662 2856 et
679 2794 778 2857 eidem
792 2794 873 2875 apud
886 2814 941 2856 uos
954 2793 1215 2876 favorisetgracie
1227 2799 1378 2861 cumulum

179 2911 210 2968 et
224 2904 371 2967 uberioris
388 2903 593 2966 beneticencie
610 2904 698 2986 copia
714 2902 943 2988 l'ecundabiti).

759 3109 821 3179 37.

494 3272 571 3352 l'cpc
590 3272 778 3347 regradetur
794 3270 858 3348 regl
875 3271 1080 3332 homanorum.

670 3429 741 3482 1276
754 3429 820 3482 oder
838 3428 913 3481 ¹277.

185 3580 270 3649 Kr'r'niq
290 3575 396 3646 liudolf
417 3578 500 3632 develet
517 3579 576 3630 dem
597 3575 667 3629 Adel
694 3574 883 3645 carparnafor
902 3574 1023 3628 diedone
1044 3576 1146 3646 Kr'r'm'pe
1168 3574 1314 3629 Lodislous
1337 3595 1387 3629 vove

197 3674 303 3742 bhrporn
324 3662 385 3723 urtd'
401 3671 497 3723 deseca
519 3668 633 3728 Broder,
660 3668 718 3720 dem
742 3668 844 3736 Heraop
866 3666 988 3720 Andreas
1010 3683 1059 3719 oon
1083 3667 1235 3733 Slaooniem
1252 3665 1387 3737 pewdbrte

314 3822 316 3824 ,
417 3762 622 3829 Untcrstdtzunp
635 3760 692 3812 und
705 3755 815 3812 erbietet
828 3757 887 3812 oieb
900 3777 931 3812 zu
948 3759 1164 3829 Gependr‘enoten.

281 3907 403 3967 Gerbert,
421 3905 446 3966 3,
462 3904 504 3957 ll.
518 3904 630 3964 Stobbc,
644 3921 688 3958 uo.
701 3902 763 3957 228.

283 4050 369 4132 Quod
391 4050 507 4114 illibate
530 4049 599 4113 fidei
622 4054 723 4113 vestre
747 4052 883 4133 rigorem
898 4050 937 4113 'et
961 4050 1055 4114 decus
1077 4052 1218 4137 potencie
1232 4053 1391 4114 naturales

184 4161 362 4232 illuminant,
387 4159 468 4242 quod
493 4159 677 4223 invariabilis
705 4159 796 4222 animi
813 4159 906 4223 vestri
922 4159 1103 4223 rutilancior
1118 4159 1234 4242 puritas
1250 4160 1292 4246 le)
1310 4161 1393 4227 scin·

183 4273 247 4334 tilla
276 4267 479 4353 resplenduit,
515 4267 625 4331 lucidis
658 4287 782 4353 operum
812 4269 999 4350 argumentis
1027 4270 1168 4354 apparuit
1196 4275 1226 4333 et
1255 4269 1387 4333 realibus

279 4400 316 4467 a)
331 4398 357 4449 te
371 4394 467 4448 meruit
479 4393 508 4446 V.
526 4425 558 4433 -
574 4394 682 4461 b)enim
696 4396 762 4449 latet
775 4395 869 4467 inperii
883 4395 1049 4451 consuetudo
1064 4396 1090 4448 Z.
1112 4428 1138 4434 -
1155 4395 1187 4464 c)
1198 4396 1394 4465 inperatoribus

190 4493 218 4542 et
231 4484 339 4555 regibus
351 4486 526 4540 Romanorum
538 4486 564 4538 Z.
577 4516 612 4524 -
626 4486 661 4555 d)
680 4503 727 4540 seu
741 4488 768 4539 Z.
783 4517 818 4526 -
829 4487 859 4555 e)
873 4485 1053 4540 sinceritatem
1065 4488 1091 4540 Z.
1108 4517 1140 4525 -
1152 4486 1186 4558 f)
1195 4502 1227 4540 ex
1240 4487 1306 4540 fehlt
1319 4487 1347 4539 Z.
1363 4517 1394 4526 -

184 4581 219 4652 9)
234 4594 283 4631 nec
296 4594 351 4631 rec.
366 4574 409 4628 off.
425 4575 494 4629 fehlt
507 4576 533 4628 Z.
551 4607 579 4614 -
594 4575 628 4645 b)
643 4577 714 4647 apud
729 4594 776 4631 nos
791 4577 861 4632 fehlt
873 4580 900 4631 Z.
923 4607 953 4617 -
966 4579 992 4647 a)
1014 4579 1095 4632 Gerb.
1110 4578 1158 4633 hut
1177 4578 1242 4647 folg.
1263 4578 1394 4631 Schluss-

186 4671 259 4723 salz:
271 4666 432 4734 Qnidautem
441 4681 524 4736 super
534 4666 584 4718 hoc
596 4665 928 4724 finalitertnoevoluntatis
938 4667 1123 4722 otintentionis
1133 4667 1259 4730 extiterit,
1268 4684 1316 4738 per
1327 4666 1396 4720 lato·

184 4779 238 4815 reru
247 4753 521 4831 praesentimnlucide
535 4753 610 4806 nobis
630 4757 700 4826 pund
719 4773 765 4809 ere
779 4776 830 4813 non
846 4760 1042 4828 omittas.-l)
1056 4759 1179 4829 puritatis
1192 4760 1221 4812 Z.
1234 4776 1258 4810 u.
1274 4758 1396 4812 Gerbert.

231 4863 325 4908 Fontes.
338 4858 407 4904 anth.
420 4855 446 4900 ll.
461 4854 500 4901 Bd.
514 4854 582 4906 XXV.
1144 4850 1178 4902 25
