3209 5392
264 598 342 672 354

363 772 452 839 Ergan
464 784 569 836 zungun
584 785 630 824 aus
644 768 703 821 dem
717 765 928 823 Urlrundenbueh
943 766 989 819 dcs
1000 765 1065 818 hist.
1076 765 1187 820 Vereins
1198 766 1240 820 tier
1252 765 1469 821 Niedrrsachsen

265 861 283 915 l.
297 879 322 916 c.
339 858 372 930 α)
403 858 534 914 liudolfus
553 860 583 912 11.
603 875 629 928 g.
648 860 721 912 Rom.
741 875 788 912 rex
811 873 896 928 semp.
916 872 975 926 nug.
998 856 1128 910 unincrsis
1146 856 1215 910 sueri
1233 856 1343 910 Romani
1366 856 1471 928 imperii

279 952 404 1006 fidelibus
422 949 593 1021 presencium
610 949 808 1020 inspectoribus
825 948 1018 1019 inperpetuum.
1037 977 1072 986 -
1090 945 1124 1018 β)
1144 946 1264 1002 coenobii
1291 947 1318 1000 in
1341 947 1471 1001 Walters·

263 1042 348 1096 riden.
370 1070 406 1080 -
422 1039 455 1110 a)
474 1041 575 1092 Testes
595 1038 673 1092 nutus
691 1039 731 1093 rei
751 1041 815 1092 sunt
835 1037 985 1091 Ludericus
1007 1036 1060 1090 dux
1077 1036 1202 1099 Barnrie,
1225 1053 1316 1092 comes
1337 1037 1473 1108 palatinus

267 1132 345 1193 lieni,
372 1130 508 1184 liudolfus
532 1128 655 1199 provisor
680 1127 833 1183 monasterii
853 1126 1080 1197 campidonensis,
1108 1127 1271 1184 Godetridus
1294 1127 1327 1180 de
1351 1127 1470 1199 Sygana,

265 1222 394 1275 ilenrieus
413 1220 447 1273 de
466 1219 591 1289 Vrihurg,
609 1220 685 1287 liugn
704 1218 738 1271 de
756 1218 951 1286 werdenberg,
969 1216 1095 1270 atherius
1118 1216 1152 1272 de
1167 1218 1330 1284 llolrenberg
1349 1218 1470 1281 comitor,

265 1311 418 1366 Fridericus
440 1313 467 1364 et
484 1308 621 1363 conradus
638 1307 772 1376 burgrarii
792 1307 825 1362 da
844 1304 1019 1369 dirimeret,
1042 1306 1229 1376 Engillrurdus
1248 1307 1281 1361 de
1300 1307 1469 1378 winsperch,

267 1403 405 1457 walterus
424 1401 457 1455 de
476 1399 596 1469 Clingin,
614 1399 744 1470 magister
763 1398 847 1452 Gotro
867 1401 895 1450 et
913 1398 1043 1468 magister
1067 1397 1205 1461 Andreas,
1225 1398 1309 1454 nostri
1327 1400 1422 1453 notarii
1442 1403 1470 1452 et

269 1509 347 1563 quam
369 1491 461 1561 plures
480 1491 532 1544 alii.
559 1491 651 1544 Datum
671 1492 813 1561 lingenoye
833 1505 900 1543 anno
920 1487 1052 1542 dominice
1069 1488 1267 1543 incarnacionis
1285 1487 1470 1543 M⁰CC⁰LXX⁰

274 1587 379 1654 quarto,
399 1582 470 1635 xvlt
494 1580 628 1634 Kalendas
653 1579 830 1650 Septembris,
860 1577 1004 1632 indictione
1028 1577 1162 1641 secunda,
1195 1579 1271 1649 regni
1297 1596 1358 1634 vero
1384 1579 1469 1632 nostri

271 1688 338 1726 anno
351 1672 446 1743 primo.
1269 1662 1278 1677 '

360 1762 484 1816 Dieselbe
505 1761 611 1815 Formel
632 1760 699 1831 licgt
718 1762 788 1815 auch
809 1761 859 1815 der
878 1780 927 1817 ron
945 1762 1033 1833 lldnig
1055 1761 1158 1817 liudolf
1173 1759 1221 1814 der
1233 1759 1471 1815 Gemeindelrirclne

272 1852 320 1906 dos
330 1851 423 1906 Stittes
432 1852 515 1904 Esses
527 1851 670 1906 ertheilten
680 1851 993 1921 Bestttigungsurtunde
1006 1852 1082 1924 (Det
1093 1851 1160 1906 corn
1172 1849 1216 1903 19.
1227 1850 1374 1904 November
1385 1849 1470 1917 1273)

270 1960 304 1997 ru
320 1943 437 1997 Grunds.
453 1943 480 1997 S.
488 1942 642 1996 Lucomblst
655 1942 868 1997 Urlundenbuclr
882 1944 925 1996 ltir
937 1944 981 1997 die
992 1944 1097 1998 Gesch.
1111 1943 1160 1996 des
1173 1942 1362 1998 Niederrheins
1371 1939 1398 2004 2,
1408 1940 1470 1995 513.

846 2128 882 2200 5.

577 2306 772 2369 Romanurn!
788 2325 842 2369 rer
858 2307 921 2387 regi
937 2307 1057 2373 ltrsnsle
1076 2302 1104 2389 ¹)
1121 2309 1179 2370 etc.

829 2465 909 2520 1275.

275 2607 373 2680 Konip
399 2609 505 2679 liudolf
522 2619 629 2681 vcrecpt
651 2612 709 2664 dem
732 2610 835 2682 Kdnr'ye
856 2610 1002 2665 ladislaus
1022 2628 1072 2666 oon
1094 2613 1199 2683 Uapora
1217 2610 1262 2665 die
1277 2609 1355 2672 Birta,
1375 2609 1475 2665 aeirem

442 2701 597 2754 Kdmmercr
608 2700 695 2772 cinips
706 2717 757 2755 oon
773 2702 873 2756 Otokor
885 2701 995 2756 desecte
1006 2702 1134 2757 Districtc
1144 2701 1315 2757 zusammen.

367 2839 588 2904 6515511223.
606 2840 756 2905 Bodmunn,
769 2859 796 2912 p.
813 2841 873 2895 139.
895 2842 1005 2904 Stobba,
1018 2861 1061 2897 no.
1075 2843 1119 2897 65.

367 2984 534 3069 Regalibus
551 2986 660 3050 vestris
676 2986 896 3079 literisnuper
912 2988 1034 3051 culmini
1051 2995 1153 3052 nostro
1167 2990 1303 3062 directis,
1317 2988 1477 3056 affectione

273 3092 409 3175 benigna
427 3093 560 3178 receptis
578 3099 618 3166 et,
635 3098 668 3157 ut
685 3094 797 3166 decuit,
816 3095 860 3158 eis
883 3096 970 3159 lectis
995 3105 1025 3161 et
1045 3098 1164 3182 plenius
1187 3100 1360 3169 intellectis,
1385 3120 1477 3184 super

275 3221 378 3264 earum
396 3201 476 3265 serie
493 3200 665 3264 celsitudini
682 3207 783 3265 vestre
807 3203 909 3267 taliter
932 3204 1070 3268 duximus
1094 3206 1357 3290 respondendum,
1383 3208 1475 3290 quod,
1536 3246 1541 3254 ·

276 3310 349 3373 licet
366 3311 405 3372 ad
422 3310 521 3373 omnia
539 3330 606 3372 esse
624 3309 749 3373 velimus
766 3312 906 3382 ultronei,
924 3332 982 3395 que
999 3317 1131 3377 vestrum
1155 3315 1326 3378 demulcere
1348 3323 1476 3398 possunt

276 3419 409 3482 animum
427 3423 458 3481 ct
474 3418 625 3489 affectum,
643 3419 762 3482 cilicet
779 3419 976 3504 spectabilem
992 3419 1098 3493 virum,
1116 3423 1315 3485 camerarium
1330 3429 1475 3495 restrum,

259 3526 339 3613 *suis
369 3526 461 3590 claris
496 3532 526 3588 et
553 3528 697 3591 virtuosis
721 3525 909 3610 exigentibus
937 3527 1064 3598 meritis,
1098 3531 1239 3611 graciose
1266 3529 1476 3596 benivolencie

276 3636 353 3699 uluis
374 3635 548 3719 patentibus
564 3636 777 3719 amplexemur,
801 3636 872 3719 quia
887 3641 989 3699 tamen
1005 3656 1059 3700 nos
1077 3638 1135 3719 ipsi
1151 3643 1181 3700 et
1198 3638 1300 3702 dilecti
1321 3639 1475 3725 principes

276 3743 375 3807 nostri
391 3744 428 3807 N.
448 3751 478 3806 et
493 3744 530 3807 N.
549 3742 579 3805 in
596 3742 777 3828 quidusdam
794 3744 896 3817 terris,
913 3765 989 3828 quas
1005 3745 1127 3809 inclitus
1150 3767 1214 3809 rex
1237 3748 1416 3811 Bohemie
1433 3749 1475 3836 a)

278 3871 433 3937 occupare
463 3851 646 3923 dinoscitur,
679 3872 733 3915 nos
762 3852 970 3916 contendimus
997 3853 1044 3917 ius
1072 3853 1186 3930 hahere
1204 3853 1252 3943 ²),
1284 3876 1343 3920 non
1376 3857 1477 3920 minus

372 4014 405 4081 a)
427 4013 552 4068 Bohemis
570 4032 611 4068 am
630 4014 723 4068 Raude
741 4014 773 4067 V.

282 4202 605 4218 ——-—-———-

306 4326 330 4385 1)
348 4328 419 4373 Dicae
436 4327 546 4382 Adresse‚
565 4327 603 4372 die
621 4330 648 4373 V.
666 4329 714 4374 und
734 4330 760 4373 Ζ.
779 4329 866 4387 huben,
882 4329 924 4384 ist,
942 4331 990 4376 mis
1008 4344 1050 4377 rus
1070 4332 1123 4377 dom
1141 4333 1233 4377 Inhults
1246 4333 1293 4378 und
1307 4346 1411 4380 unseren
1423 4336 1477 4382 An·

351 4418 497 4477 merkungen
509 4418 664 4477 hervorgoht,
679 4420 763 4466 fauet.

306 4503 331 4564 1)
349 4510 395 4552 Das
412 4508 493 4554 vaurde
511 4509 553 4552 aut
567 4510 619 4555 dem
632 4510 774 4570 lisichstage
792 4525 822 4556 ru
834 4510 961 4571 Ndrnlrerg
974 4508 1026 4569 (11.
1040 4512 1099 4558 Nor.
1115 4510 1199 4569 1271),
1219 4514 1280 4560 daun
1293 4515 1357 4560 wohl
1369 4502 1428 4561 rinch
1442 4532 1472 4563 zu

352 4596 479 4656 Winburg
491 4594 544 4653 (1³.
556 4600 607 4643 Jun.
623 4597 697 4656 1275)
710 4600 757 4645 und
770 4614 799 4645 uu
822 4600 947 4661 Augsburg
966 4597 1018 4657 (15.
1031 4601 1077 4646 alui
1090 4600 1164 4658 1275)
1183 4605 1387 4662 ausgssproclrsn.
1409 4608 1473 4652 Nacta

353 4687 433 4733 dieser
454 4689 507 4734 Zeit
528 4688 561 4733 ist
582 4689 661 4736 dieser
682 4691 749 4738 Brisf
769 4691 944 4752 gssotrrieben,
967 4693 1014 4738 den
1036 4692 1138 4740 Gerbert
1156 4695 1200 4740 mit
1218 4696 1294 4742 flecht
1314 4697 1339 4741 in
1358 4699 1400 4743 das
1418 4702 1478 4745 Juhr

356 4776 417 4823 1275
430 4780 501 4823 setzt.
