<?xml version="1.0" encoding="UTF-8"?>
<!DOCTYPE html PUBLIC "-//W3C//DTD XHTML 1.0 Transitional//EN"
    "http://www.w3.org/TR/xhtml1/DTD/xhtml1-transitional.dtd">
<html xmlns="http://www.w3.org/1999/xhtml" xml:lang="en" lang="en">
 <head>
  <title>
</title>
<meta http-equiv="Content-Type" content="text/html;charset=utf-8" />
  <meta name='ocr-system' content='tesseract 3.04.00' />
  <meta name='ocr-capabilities' content='ocr_page ocr_carea ocr_par ocr_line ocrx_word'/>
</head>
<body>
  <div class='ocr_page' id='page_1' title='image "./fontesrerumaust00unkngoog_0487.png"; bbox 0 0 3209 5392; ppageno 0'>
   <div class='ocr_carea' id='block_1_1' title="bbox 265 490 412 591">
    <p class='ocr_par' dir='ltr' id='par_1_1' title="bbox 265 490 412 591">
     <span class='ocr_line' id='line_1_1' title="bbox 265 490 412 591; baseline -0.007 0"><span class='ocrx_word' id='word_1_1' title='bbox 265 521 342 591; x_wconf 76' lang='lat' dir='ltr'><strong>roe</strong></span> <span class='ocrx_word' id='word_1_2' title='bbox 410 490 412 493; x_wconf 74' lang='grc'><strong>’</strong></span> 
     </span>
    </p>
   </div>
   <div class='ocr_carea' id='block_1_2' title="bbox 253 692 1496 1638">
    <p class='ocr_par' dir='ltr' id='par_1_2' title="bbox 253 692 1496 1638">
     <span class='ocr_line' id='line_1_2' title="bbox 347 692 1463 777; baseline 0.004 -22"><span class='ocrx_word' id='word_1_3' title='bbox 347 692 381 755; x_wconf 87' lang='lat' dir='ltr'><strong>Si</strong></span> <span class='ocrx_word' id='word_1_4' title='bbox 398 693 563 757; x_wconf 76' lang='lat' dir='ltr'><strong>naturalem</strong></span> <span class='ocrx_word' id='word_1_5' title='bbox 579 695 754 777; x_wconf 86' lang='lat' dir='ltr'><strong>instinctum</strong></span> <span class='ocrx_word' id='word_1_6' title='bbox 770 694 872 775; x_wconf 88' lang='lat' dir='ltr'><strong>placet</strong></span> <span class='ocrx_word' id='word_1_7' title='bbox 888 693 1040 766; x_wconf 89' lang='lat' dir='ltr'><strong>exaudire,</strong></span> <span class='ocrx_word' id='word_1_8' title='bbox 1054 694 1284 766; x_wconf 68' lang='lat' dir='ltr'><strong>nil&#39;naturalius,</strong></span> <span class='ocrx_word' id='word_1_9' title='bbox 1297 694 1338 757; x_wconf 95' lang='lat' dir='ltr'><strong>nil</strong></span> <span class='ocrx_word' id='word_1_10' title='bbox 1351 696 1463 759; x_wconf 87' lang='lat' dir='ltr'><strong>huma-</strong></span> 
     </span>
     <span class='ocr_line' id='line_1_3' title="bbox 256 799 1458 884; baseline 0.003 -22"><span class='ocrx_word' id='word_1_11' title='bbox 256 799 323 862; x_wconf 86' lang='lat' dir='ltr'>nius</span> <span class='ocrx_word' id='word_1_12' title='bbox 340 819 427 883; x_wconf 90' lang='lat' dir='ltr'><strong>quam</strong></span> <span class='ocrx_word' id='word_1_13' title='bbox 444 800 606 864; x_wconf 78' lang='lat' dir='ltr'><strong>humanam</strong></span> <span class='ocrx_word' id='word_1_14' title='bbox 629 799 832 881; x_wconf 86' lang='lat' dir='ltr'><strong>indigenciam</strong></span> <span class='ocrx_word' id='word_1_15' title='bbox 855 801 985 864; x_wconf 86' lang='lat' dir='ltr'><strong>humana</strong></span> <span class='ocrx_word' id='word_1_16' title='bbox 1009 801 1155 882; x_wconf 81' lang='lat' dir='ltr'><strong>dignitate</strong></span> <span class='ocrx_word' id='word_1_17' title='bbox 1184 801 1352 865; x_wconf 87' lang='lat' dir='ltr'><strong>sublevare.</strong></span> <span class='ocrx_word' id='word_1_18' title='bbox 1387 804 1458 884; x_wconf 82' lang='lat' dir='ltr'><strong>Ego</strong></span> 
     </span>
     <span class='ocr_line' id='line_1_4' title="bbox 256 907 1496 990; baseline 0.005 -22"><span class='ocrx_word' id='word_1_19' title='bbox 256 910 356 970; x_wconf 89' lang='lat' dir='ltr'><strong>autem</strong></span> <span class='ocrx_word' id='word_1_20' title='bbox 373 914 475 971; x_wconf 85' lang='lat' dir='ltr'><strong>vester</strong></span> <span class='ocrx_word' id='word_1_21' title='bbox 497 913 527 971; x_wconf 91' lang='lat' dir='ltr'><strong>et</strong></span> <span class='ocrx_word' id='word_1_22' title='bbox 550 911 719 972; x_wconf 88' lang='lat' dir='ltr'><strong>vestrorum</strong></span> <span class='ocrx_word' id='word_1_23' title='bbox 741 908 886 979; x_wconf 92' lang='lat' dir='ltr'><strong>devotus,</strong></span> <span class='ocrx_word' id='word_1_24' title='bbox 909 907 1122 971; x_wconf 74' lang='lat' dir='ltr'><strong>miserabiliter</strong></span> <span class='ocrx_word' id='word_1_25' title='bbox 1137 907 1279 990; x_wconf 86' lang='lat' dir='ltr'><strong>indigens</strong></span> <span class='ocrx_word' id='word_1_26' title='bbox 1296 913 1327 970; x_wconf 89' lang='lat' dir='ltr'><strong>et</strong></span> <span class='ocrx_word' id='word_1_27' title='bbox 1344 911 1459 974; x_wconf 89' lang='lat' dir='ltr'><strong>ceteris</strong></span> <span class='ocrx_word' id='word_1_28' title='bbox 1492 958 1496 963; x_wconf 86' lang='lat'>-</span> 
     </span>
     <span class='ocr_line' id='line_1_5' title="bbox 257 1012 1460 1098; baseline 0.007 -24"><span class='ocrx_word' id='word_1_29' title='bbox 257 1012 462 1096; x_wconf 74' lang='lat' dir='ltr'><strong>indigentibus</strong></span> <span class='ocrx_word' id='word_1_30' title='bbox 479 1013 680 1096; x_wconf 74' lang='lat' dir='ltr'><strong>indigemini,</strong></span> <span class='ocrx_word' id='word_1_31' title='bbox 697 1036 790 1098; x_wconf 88' lang='lat' dir='ltr'><strong>super</strong></span> <span class='ocrx_word' id='word_1_32' title='bbox 806 1033 894 1097; x_wconf 90' lang='lat' dir='ltr'><strong>quem</strong></span> <span class='ocrx_word' id='word_1_33' title='bbox 910 1035 1020 1097; x_wconf 89' lang='lat' dir='ltr'><strong>graves</strong></span> <span class='ocrx_word' id='word_1_34' title='bbox 1035 1014 1168 1088; x_wconf 86' lang='lat' dir='ltr'><strong>labores,</strong></span> <span class='ocrx_word' id='word_1_35' title='bbox 1184 1014 1325 1097; x_wconf 87' lang='lat' dir='ltr'><strong>graviora</strong></span> <span class='ocrx_word' id='word_1_36' title='bbox 1342 1016 1460 1090; x_wconf 87' lang='lat' dir='ltr'><strong>debita,</strong></span> 
     </span>
     <span class='ocr_line' id='line_1_6' title="bbox 259 1121 1457 1204; baseline 0.004 -21"><span class='ocrx_word' id='word_1_37' title='bbox 259 1121 435 1204; x_wconf 88' lang='lat' dir='ltr'><strong>gravissime</strong></span> <span class='ocrx_word' id='word_1_38' title='bbox 451 1124 576 1204; x_wconf 88' lang='lat' dir='ltr'><strong>penurie</strong></span> <span class='ocrx_word' id='word_1_39' title='bbox 592 1124 753 1187; x_wconf 83' lang='lat' dir='ltr'><strong>irruerunt.</strong></span> <span class='ocrx_word' id='word_1_40' title='bbox 773 1123 923 1203; x_wconf 79' lang='lat' dir='ltr'><strong>Quocirca</strong></span> <span class='ocrx_word' id='word_1_41' title='bbox 935 1127 1005 1184; x_wconf 90' lang='lat' dir='ltr'><strong>ante</strong></span> <span class='ocrx_word' id='word_1_42' title='bbox 1017 1121 1162 1185; x_wconf 86' lang='lat' dir='ltr'><strong>naturalis</strong></span> <span class='ocrx_word' id='word_1_43' title='bbox 1175 1122 1340 1186; x_wconf 89' lang='lat' dir='ltr'><strong>clemencie</strong></span> <span class='ocrx_word' id='word_1_44' title='bbox 1353 1131 1457 1188; x_wconf 83' lang='lat' dir='ltr'><strong>vestre</strong></span> 
     </span>
     <span class='ocr_line' id='line_1_7' title="bbox 258 1229 1460 1315; baseline 0.002 -22"><span class='ocrx_word' id='word_1_45' title='bbox 258 1234 454 1312; x_wconf 87' lang='lat' dir='ltr'><strong>conspectum</strong></span> <span class='ocrx_word' id='word_1_46' title='bbox 470 1230 595 1311; x_wconf 89' lang='lat' dir='ltr'><strong>procido</strong></span> <span class='ocrx_word' id='word_1_47' title='bbox 613 1236 644 1294; x_wconf 91' lang='lat' dir='ltr'><strong>et</strong></span> <span class='ocrx_word' id='word_1_48' title='bbox 666 1229 842 1311; x_wconf 90' lang='lat' dir='ltr'><strong>procumbo,</strong></span> <span class='ocrx_word' id='word_1_49' title='bbox 865 1249 974 1312; x_wconf 91' lang='lat' dir='ltr'><strong>preces</strong></span> <span class='ocrx_word' id='word_1_50' title='bbox 989 1229 1130 1313; x_wconf 89' lang='lat' dir='ltr'><strong>precibus</strong></span> <span class='ocrx_word' id='word_1_51' title='bbox 1146 1231 1353 1304; x_wconf 77' lang='lat' dir='ltr'><strong>accumulans,</strong></span> <span class='ocrx_word' id='word_1_52' title='bbox 1377 1251 1417 1315; x_wconf 94' lang='lat' dir='ltr'><strong>qu</strong></span> <span class='ocrx_word' id='word_1_53' title='bbox 1425 1252 1460 1295; x_wconf 93' lang='lat' dir='ltr'><strong>a·</strong></span> 
     </span>
     <span class='ocr_line' id='line_1_8' title="bbox 259 1335 1458 1409; baseline 0.003 -10"><span class='ocrx_word' id='word_1_54' title='bbox 259 1342 348 1402; x_wconf 87' lang='lat' dir='ltr'><strong>tenus</strong></span> <span class='ocrx_word' id='word_1_55' title='bbox 370 1337 479 1409; x_wconf 91' lang='lat' dir='ltr'><strong>micbi,</strong></span> <span class='ocrx_word' id='word_1_56' title='bbox 503 1335 668 1400; x_wconf 83' lang='lat' dir='ltr'><strong>miserabili</strong></span> <span class='ocrx_word' id='word_1_57' title='bbox 691 1336 803 1400; x_wconf 91' lang='lat' dir='ltr'><strong>clerico</strong></span> <span class='ocrx_word' id='word_1_58' title='bbox 826 1342 944 1409; x_wconf 90' lang='lat' dir='ltr'><strong>vestro,</strong></span> <span class='ocrx_word' id='word_1_59' title='bbox 967 1339 1112 1401; x_wconf 90' lang='lat' dir='ltr'><strong>naturalis</strong></span> <span class='ocrx_word' id='word_1_60' title='bbox 1134 1336 1260 1400; x_wconf 85' lang='lat' dir='ltr'><strong>allectus</strong></span> <span class='ocrx_word' id='word_1_61' title='bbox 1284 1337 1458 1403; x_wconf 84' lang='lat' dir='ltr'><strong>efficaciam</strong></span> 
     </span>
     <span class='ocr_line' id='line_1_9' title="bbox 257 1443 1459 1529; baseline 0 -18"><span class='ocrx_word' id='word_1_62' title='bbox 257 1466 313 1529; x_wconf 88' lang='lat' dir='ltr'><strong>pro</strong></span> <span class='ocrx_word' id='word_1_63' title='bbox 335 1445 468 1510; x_wconf 88' lang='lat' dir='ltr'><strong>subsidio</strong></span> <span class='ocrx_word' id='word_1_64' title='bbox 491 1443 671 1517; x_wconf 89' lang='lat' dir='ltr'><strong>declaretis,</strong></span> <span class='ocrx_word' id='word_1_65' title='bbox 694 1449 727 1506; x_wconf 93' lang='lat' dir='ltr'><strong>ut</strong></span> <span class='ocrx_word' id='word_1_66' title='bbox 750 1444 884 1509; x_wconf 90' lang='lat' dir='ltr'><strong>liberalis</strong></span> <span class='ocrx_word' id='word_1_67' title='bbox 905 1447 1074 1508; x_wconf 88' lang='lat' dir='ltr'><strong>humanitas</strong></span> <span class='ocrx_word' id='word_1_68' title='bbox 1096 1449 1213 1518; x_wconf 89' lang='lat' dir='ltr'><strong>vestra,</strong></span> <span class='ocrx_word' id='word_1_69' title='bbox 1237 1464 1328 1527; x_wconf 88' lang='lat' dir='ltr'><strong>quam</strong></span> <span class='ocrx_word' id='word_1_70' title='bbox 1349 1453 1459 1511; x_wconf 89' lang='lat' dir='ltr'><strong>natura</strong></span> 
     </span>
     <span class='ocr_line' id='line_1_10' title="bbox 253 1553 1220 1638; baseline -0.001 -21"><span class='ocrx_word' id='word_1_71' title='bbox 253 1553 435 1638; x_wconf 85' lang='lat' dir='ltr'><strong>preparavit,</strong></span> <span class='ocrx_word' id='word_1_72' title='bbox 454 1553 506 1615; x_wconf 92' lang='lat' dir='ltr'><strong>sed</strong></span> <span class='ocrx_word' id='word_1_73' title='bbox 525 1553 710 1616; x_wconf 89' lang='lat' dir='ltr'><strong>consuetudo</strong></span> <span class='ocrx_word' id='word_1_74' title='bbox 729 1553 868 1635; x_wconf 77' lang='lat' dir='ltr'><strong>per-lecit,</strong></span> <span class='ocrx_word' id='word_1_75' title='bbox 884 1555 984 1617; x_wconf 88' lang='lat' dir='ltr'><strong>luccat</strong></span> <span class='ocrx_word' id='word_1_76' title='bbox 1000 1575 1056 1636; x_wconf 88' lang='lat' dir='ltr'><strong>per</strong></span> <span class='ocrx_word' id='word_1_77' title='bbox 1070 1553 1220 1616; x_wconf 86' lang='lat' dir='ltr'><strong>ellectum.</strong></span> 
     </span>
    </p>
   </div>
   <div class='ocr_carea' id='block_1_3' title="bbox 843 1847 870 1887">
    <p class='ocr_par' dir='ltr' id='par_1_3' title="bbox 843 1847 870 1887">
     <span class='ocr_line' id='line_1_11' title="bbox 843 1847 870 1887; baseline -0.074 0"><span class='ocrx_word' id='word_1_78' title='bbox 843 1847 870 1887; x_wconf 69' lang='grc' dir='ltr'><strong>Τ.</strong></span> 
     </span>
    </p>
   </div>
   <div class='ocr_carea' id='block_1_4' title="bbox 634 1991 1072 2074">
    <p class='ocr_par' dir='ltr' id='par_1_4' title="bbox 634 1991 1072 2074">
     <span class='ocr_line' id='line_1_12' title="bbox 634 1991 1072 2074; baseline -0.007 -21"><span class='ocrx_word' id='word_1_79' title='bbox 634 1993 653 2053; x_wconf 80' lang='lat' dir='ltr'><strong>l</strong></span> <span class='ocrx_word' id='word_1_80' title='bbox 670 1992 850 2074; x_wconf 81' lang='lat' dir='ltr'><strong>proboelone</strong></span> <span class='ocrx_word' id='word_1_81' title='bbox 867 1991 1072 2054; x_wconf 79' lang='lat' dir='ltr'><strong>testlnrenlull.</strong></span> 
     </span>
    </p>
   </div>
   <div class='ocr_carea' id='block_1_5' title="bbox 248 2148 1455 3098">
    <p class='ocr_par' dir='ltr' id='par_1_5' title="bbox 250 2148 1451 2323">
     <span class='ocr_line' id='line_1_13' title="bbox 344 2148 1451 2234; baseline 0.003 -21"><span class='ocrx_word' id='word_1_82' title='bbox 344 2151 481 2232; x_wconf 87' lang='lat' dir='ltr'><strong>Sapienti</strong></span> <span class='ocrx_word' id='word_1_83' title='bbox 503 2151 566 2212; x_wconf 89' lang='lat' dir='ltr'><strong>viro</strong></span> <span class='ocrx_word' id='word_1_84' title='bbox 589 2155 619 2212; x_wconf 91' lang='lat' dir='ltr'><strong>et</strong></span> <span class='ocrx_word' id='word_1_85' title='bbox 641 2151 810 2232; x_wconf 87' lang='lat' dir='ltr'><strong>sapientum</strong></span> <span class='ocrx_word' id='word_1_86' title='bbox 832 2148 959 2232; x_wconf 88' lang='lat' dir='ltr'><strong>vestigia</strong></span> <span class='ocrx_word' id='word_1_87' title='bbox 980 2151 1173 2234; x_wconf 83' lang='lat' dir='ltr'><strong>prosequenti</strong></span> <span class='ocrx_word' id='word_1_88' title='bbox 1196 2149 1229 2213; x_wconf 83' lang='lat' dir='ltr'><strong>C.</strong></span> <span class='ocrx_word' id='word_1_89' title='bbox 1254 2158 1313 2214; x_wconf 89' lang='lat' dir='ltr'><strong>etc.</strong></span> <span class='ocrx_word' id='word_1_90' title='bbox 1331 2152 1367 2215; x_wconf 90' lang='lat' dir='ltr'><strong>H.</strong></span> <span class='ocrx_word' id='word_1_91' title='bbox 1386 2158 1451 2216; x_wconf 92' lang='lat' dir='ltr'><strong>etc.</strong></span> 
     </span>
     <span class='ocr_line' id='line_1_14' title="bbox 250 2258 964 2323; baseline 0.001 -3"><span class='ocrx_word' id='word_1_92' title='bbox 250 2258 383 2323; x_wconf 87' lang='lat' dir='ltr'><strong>salutem</strong></span> <span class='ocrx_word' id='word_1_93' title='bbox 399 2264 431 2322; x_wconf 90' lang='lat' dir='ltr'><strong>et</strong></span> <span class='ocrx_word' id='word_1_94' title='bbox 445 2258 567 2321; x_wconf 88' lang='lat' dir='ltr'><strong>honoris</strong></span> <span class='ocrx_word' id='word_1_95' title='bbox 585 2258 719 2321; x_wconf 92' lang='lat' dir='ltr'><strong>continui</strong></span> <span class='ocrx_word' id='word_1_96' title='bbox 736 2260 964 2321; x_wconf 89' lang='lat' dir='ltr'><strong>incrementum.</strong></span> 
     </span>
    </p>

    <p class='ocr_par' dir='ltr' id='par_1_6' title="bbox 248 2363 1455 3098">
     <span class='ocr_line' id='line_1_15' title="bbox 340 2363 1453 2430; baseline 0.001 -1"><span class='ocrx_word' id='word_1_97' title='bbox 340 2365 512 2429; x_wconf 89' lang='lat' dir='ltr'><strong>Secundum</strong></span> <span class='ocrx_word' id='word_1_98' title='bbox 524 2363 695 2427; x_wconf 83' lang='lat' dir='ltr'><strong>memoriale</strong></span> <span class='ocrx_word' id='word_1_99' title='bbox 712 2364 914 2427; x_wconf 87' lang='lat' dir='ltr'><strong>testimonium</strong></span> <span class='ocrx_word' id='word_1_100' title='bbox 926 2365 1107 2428; x_wconf 91' lang='lat' dir='ltr'><strong>venerabilis</strong></span> <span class='ocrx_word' id='word_1_101' title='bbox 1122 2366 1256 2428; x_wconf 87' lang='lat' dir='ltr'><strong>Senecc:</strong></span> <span class='ocrx_word' id='word_1_102' title='bbox 1270 2365 1453 2430; x_wconf 88' lang='lat' dir='ltr'><strong>beneficium</strong></span> 
     </span>
     <span class='ocr_line' id='line_1_16' title="bbox 256 2471 1455 2557; baseline 0.002 -20"><span class='ocrx_word' id='word_1_103' title='bbox 256 2481 286 2537; x_wconf 91' lang='lat' dir='ltr'><strong>et</strong></span> <span class='ocrx_word' id='word_1_104' title='bbox 301 2473 507 2536; x_wconf 91' lang='lat' dir='ltr'><strong>benivolencie</strong></span> <span class='ocrx_word' id='word_1_105' title='bbox 530 2474 620 2543; x_wconf 89' lang='lat' dir='ltr'><strong>actio,</strong></span> <span class='ocrx_word' id='word_1_106' title='bbox 643 2472 787 2555; x_wconf 86' lang='lat' dir='ltr'><strong>gaudium</strong></span> <span class='ocrx_word' id='word_1_107' title='bbox 810 2471 947 2555; x_wconf 79' lang='lat' dir='ltr'><strong>tribuens</strong></span> <span class='ocrx_word' id='word_1_108' title='bbox 969 2472 1188 2555; x_wconf 87' lang='lat' dir='ltr'><strong>tribuendoque</strong></span> <span class='ocrx_word' id='word_1_109' title='bbox 1212 2473 1345 2555; x_wconf 87' lang='lat' dir='ltr'><strong>capiens.</strong></span> <span class='ocrx_word' id='word_1_110' title='bbox 1372 2475 1455 2557; x_wconf 82' lang='lat' dir='ltr'><strong>Quid</strong></span> 
     </span>
     <span class='ocr_line' id='line_1_17' title="bbox 254 2579 1450 2664; baseline 0.003 -20"><span class='ocrx_word' id='word_1_111' title='bbox 254 2587 353 2645; x_wconf 91' lang='lat' dir='ltr'><strong>autem</strong></span> <span class='ocrx_word' id='word_1_112' title='bbox 384 2580 558 2650; x_wconf 92' lang='lat' dir='ltr'><strong>iocundius,</strong></span> <span class='ocrx_word' id='word_1_113' title='bbox 586 2579 657 2663; x_wconf 92' lang='lat' dir='ltr'><strong>quid</strong></span> <span class='ocrx_word' id='word_1_114' title='bbox 681 2579 874 2662; x_wconf 88' lang='lat' dir='ltr'><strong>appetibilius</strong></span> <span class='ocrx_word' id='word_1_115' title='bbox 897 2600 987 2663; x_wconf 90' lang='lat' dir='ltr'><strong>quam</strong></span> <span class='ocrx_word' id='word_1_116' title='bbox 1009 2579 1120 2663; x_wconf 86' lang='lat' dir='ltr'><strong>gaudia</strong></span> <span class='ocrx_word' id='word_1_117' title='bbox 1142 2585 1343 2664; x_wconf 84' lang='lat' dir='ltr'><strong>comparare?</strong></span> <span class='ocrx_word' id='word_1_118' title='bbox 1373 2583 1450 2647; x_wconf 86' lang='lat' dir='ltr'><strong>Cum</strong></span> 
     </span>
     <span class='ocr_line' id='line_1_18' title="bbox 248 2686 1450 2772; baseline 0.002 -20"><span class='ocrx_word' id='word_1_119' title='bbox 248 2691 342 2772; x_wconf 88' lang='lat' dir='ltr'><strong>igitur</strong></span> <span class='ocrx_word' id='word_1_120' title='bbox 364 2693 465 2751; x_wconf 85' lang='lat' dir='ltr'><strong>vester</strong></span> <span class='ocrx_word' id='word_1_121' title='bbox 489 2693 519 2750; x_wconf 92' lang='lat' dir='ltr'><strong>et</strong></span> <span class='ocrx_word' id='word_1_122' title='bbox 542 2693 708 2751; x_wconf 86' lang='lat' dir='ltr'><strong>vestrorum</strong></span> <span class='ocrx_word' id='word_1_123' title='bbox 732 2689 972 2771; x_wconf 90' lang='lat' dir='ltr'><strong>promptissimus</strong></span> <span class='ocrx_word' id='word_1_124' title='bbox 997 2707 1100 2751; x_wconf 89' lang='lat' dir='ltr'><strong>servus</strong></span> <span class='ocrx_word' id='word_1_125' title='bbox 1123 2686 1296 2760; x_wconf 86' lang='lat' dir='ltr'><strong>laboribus,</strong></span> <span class='ocrx_word' id='word_1_126' title='bbox 1324 2689 1450 2765; x_wconf 90' lang='lat' dir='ltr'><strong>debitis,</strong></span> 
     </span>
     <span class='ocr_line' id='line_1_19' title="bbox 249 2795 1450 2879; baseline 0.002 -19"><span class='ocrx_word' id='word_1_127' title='bbox 249 2797 421 2861; x_wconf 84' lang='lat' dir='ltr'><strong>cottidianis</strong></span> <span class='ocrx_word' id='word_1_128' title='bbox 443 2795 624 2877; x_wconf 90' lang='lat' dir='ltr'><strong>indigcnciis</strong></span> <span class='ocrx_word' id='word_1_129' title='bbox 648 2795 817 2860; x_wconf 88' lang='lat' dir='ltr'><strong>diutissime</strong></span> <span class='ocrx_word' id='word_1_130' title='bbox 836 2798 1013 2879; x_wconf 85' lang='lat' dir='ltr'><strong>perplexus,</strong></span> <span class='ocrx_word' id='word_1_131' title='bbox 1037 2796 1103 2857; x_wconf 91' lang='lat' dir='ltr'><strong>sine</strong></span> <span class='ocrx_word' id='word_1_132' title='bbox 1119 2800 1220 2858; x_wconf 92' lang='lat' dir='ltr'><strong>vestra</strong></span> <span class='ocrx_word' id='word_1_133' title='bbox 1236 2797 1450 2864; x_wconf 79' lang='lat' dir='ltr'><strong>consolacione</strong></span> 
     </span>
     <span class='ocr_line' id='line_1_20' title="bbox 249 2902 1452 2990; baseline 0.005 -23"><span class='ocrx_word' id='word_1_134' title='bbox 249 2903 385 2969; x_wconf 87' lang='lat' dir='ltr'><strong>letificari</strong></span> <span class='ocrx_word' id='word_1_135' title='bbox 414 2922 474 2967; x_wconf 89' lang='lat' dir='ltr'><strong>non</strong></span> <span class='ocrx_word' id='word_1_136' title='bbox 501 2903 630 2985; x_wconf 93' lang='lat' dir='ltr'><strong>possim:</strong></span> <span class='ocrx_word' id='word_1_137' title='bbox 655 2902 735 2966; x_wconf 89' lang='lat' dir='ltr'><strong>unde</strong></span> <span class='ocrx_word' id='word_1_138' title='bbox 761 2906 882 2990; x_wconf 88' lang='lat' dir='ltr'><strong>requiro</strong></span> <span class='ocrx_word' id='word_1_139' title='bbox 911 2902 1148 2967; x_wconf 85' lang='lat' dir='ltr'><strong>benivolenciam</strong></span> <span class='ocrx_word' id='word_1_140' title='bbox 1178 2910 1309 2968; x_wconf 89' lang='lat' dir='ltr'><strong>vestram</strong></span> <span class='ocrx_word' id='word_1_141' title='bbox 1337 2914 1452 2989; x_wconf 87' lang='lat' dir='ltr'><strong>quanto</strong></span> 
     </span>
     <span class='ocr_line' id='line_1_21' title="bbox 248 3010 1452 3098; baseline 0.002 -22"><span class='ocrx_word' id='word_1_142' title='bbox 248 3032 372 3096; x_wconf 91' lang='lat' dir='ltr'><strong>possum</strong></span> <span class='ocrx_word' id='word_1_143' title='bbox 390 3011 563 3075; x_wconf 85' lang='lat' dir='ltr'><strong>devocionis</strong></span> <span class='ocrx_word' id='word_1_144' title='bbox 583 3010 712 3084; x_wconf 83' lang='lat' dir='ltr'><strong>affectu,</strong></span> <span class='ocrx_word' id='word_1_145' title='bbox 737 3016 884 3096; x_wconf 92' lang='lat' dir='ltr'><strong>quatenus</strong></span> <span class='ocrx_word' id='word_1_146' title='bbox 903 3013 1057 3076; x_wconf 87' lang='lat' dir='ltr'><strong>illustretis</strong></span> <span class='ocrx_word' id='word_1_147' title='bbox 1075 3012 1184 3074; x_wconf 89' lang='lat' dir='ltr'><strong>facicm</strong></span> <span class='ocrx_word' id='word_1_148' title='bbox 1206 3017 1338 3075; x_wconf 88' lang='lat' dir='ltr'><strong>vestram</strong></span> <span class='ocrx_word' id='word_1_149' title='bbox 1358 3036 1452 3098; x_wconf 92' lang='lat' dir='ltr'><strong>super</strong></span> 
     </span>
    </p>
   </div>
   <div class='ocr_carea' id='block_1_6' title="bbox 248 3117 1453 3291">
    <p class='ocr_par' dir='ltr' id='par_1_7' title="bbox 248 3117 1453 3291">
     <span class='ocr_line' id='line_1_22' title="bbox 248 3117 1453 3203; baseline 0.003 -21"><span class='ocrx_word' id='word_1_150' title='bbox 248 3140 368 3184; x_wconf 89' lang='lat' dir='ltr'><strong>servum</strong></span> <span class='ocrx_word' id='word_1_151' title='bbox 391 3125 540 3190; x_wconf 88' lang='lat' dir='ltr'><strong>vestrum,</strong></span> <span class='ocrx_word' id='word_1_152' title='bbox 565 3118 690 3182; x_wconf 83' lang='lat' dir='ltr'><strong>maxime</strong></span> <span class='ocrx_word' id='word_1_153' title='bbox 714 3117 898 3182; x_wconf 87' lang='lat' dir='ltr'><strong>desolacioni</strong></span> <span class='ocrx_word' id='word_1_154' title='bbox 920 3139 987 3182; x_wconf 89' lang='lat' dir='ltr'><strong>mee</strong></span> <span class='ocrx_word' id='word_1_155' title='bbox 1009 3120 1169 3184; x_wconf 80' lang='lat' dir='ltr'><strong>maximum</strong></span> <span class='ocrx_word' id='word_1_156' title='bbox 1193 3120 1336 3203; x_wconf 88' lang='lat' dir='ltr'><strong>gaudium</strong></span> <span class='ocrx_word' id='word_1_157' title='bbox 1360 3123 1453 3186; x_wconf 91' lang='lat' dir='ltr'><strong>mini·</strong></span> 
     </span>
     <span class='ocr_line' id='line_1_23' title="bbox 249 3230 359 3291; baseline -0.018 0"><span class='ocrx_word' id='word_1_158' title='bbox 249 3230 359 3291; x_wconf 84' lang='lat' dir='ltr'><strong>stratis.</strong></span> 
     </span>
    </p>
   </div>
   <div class='ocr_carea' id='block_1_7' title="bbox 837 3428 860 3468">
    <p class='ocr_par' dir='ltr' id='par_1_8' title="bbox 837 3428 860 3468">
     <span class='ocr_line' id='line_1_24' title="bbox 837 3428 860 3468; baseline -0.13 0"><span class='ocrx_word' id='word_1_159' title='bbox 837 3428 860 3468; x_wconf 81' lang='lat'><strong>8.</strong></span> 
     </span>
    </p>
   </div>
   <div class='ocr_carea' id='block_1_8' title="bbox 605 3571 1091 3652">
    <p class='ocr_par' dir='ltr' id='par_1_9' title="bbox 605 3571 1091 3652">
     <span class='ocr_line' id='line_1_25' title="bbox 605 3571 1091 3652; baseline 0.004 -19"><span class='ocrx_word' id='word_1_160' title='bbox 605 3573 624 3633; x_wconf 81' lang='lat' dir='ltr'><strong>t</strong></span> <span class='ocrx_word' id='word_1_161' title='bbox 641 3571 824 3652; x_wconf 81' lang='lat' dir='ltr'><strong>prebuolone</strong></span> <span class='ocrx_word' id='word_1_162' title='bbox 841 3573 1091 3637; x_wconf 78' lang='lat' dir='ltr'><strong>consuetudinali.</strong></span> 
     </span>
    </p>
   </div>
   <div class='ocr_carea' id='block_1_9' title="bbox 200 3731 1448 4786">
    <p class='ocr_par' dir='ltr' id='par_1_10' title="bbox 200 3731 1448 3904">
     <span class='ocr_line' id='line_1_26' title="bbox 342 3731 1448 3814; baseline 0.001 -20"><span class='ocrx_word' id='word_1_163' title='bbox 342 3731 544 3794; x_wconf 89' lang='lat' dir='ltr'><strong>Dilectissimo</strong></span> <span class='ocrx_word' id='word_1_164' title='bbox 562 3731 681 3794; x_wconf 88' lang='lat' dir='ltr'><strong>domino</strong></span> <span class='ocrx_word' id='word_1_165' title='bbox 706 3749 761 3794; x_wconf 93' lang='lat' dir='ltr'><strong>suo</strong></span> <span class='ocrx_word' id='word_1_166' title='bbox 786 3736 817 3794; x_wconf 92' lang='lat' dir='ltr'><strong>et</strong></span> <span class='ocrx_word' id='word_1_167' title='bbox 839 3732 978 3814; x_wconf 88' lang='lat' dir='ltr'><strong>antiquas</strong></span> <span class='ocrx_word' id='word_1_168' title='bbox 1001 3732 1236 3796; x_wconf 89' lang='lat' dir='ltr'><strong>consuetudines</strong></span> <span class='ocrx_word' id='word_1_169' title='bbox 1264 3731 1391 3796; x_wconf 88' lang='lat' dir='ltr'><strong>imitanti</strong></span> <span class='ocrx_word' id='word_1_170' title='bbox 1415 3734 1448 3795; x_wconf 81' lang='lat' dir='ltr'><strong>C.</strong></span> 
     </span>
     <span class='ocr_line' id='line_1_27' title="bbox 200 3839 999 3904; baseline -0.001 -1"><span class='ocrx_word' id='word_1_171' title='bbox 200 3874 202 3877; x_wconf 95' lang='lat'>·</span> <span class='ocrx_word' id='word_1_172' title='bbox 252 3846 309 3903; x_wconf 91' lang='lat' dir='ltr'><strong>etc.</strong></span> <span class='ocrx_word' id='word_1_173' title='bbox 328 3841 363 3902; x_wconf 91' lang='lat' dir='ltr'><strong>H.</strong></span> <span class='ocrx_word' id='word_1_174' title='bbox 383 3843 440 3903; x_wconf 90' lang='lat' dir='ltr'><strong>etc.</strong></span> <span class='ocrx_word' id='word_1_175' title='bbox 459 3839 586 3902; x_wconf 87' lang='lat' dir='ltr'><strong>salutern</strong></span> <span class='ocrx_word' id='word_1_176' title='bbox 603 3859 671 3902; x_wconf 89' lang='lat' dir='ltr'><strong>cum</strong></span> <span class='ocrx_word' id='word_1_177' title='bbox 688 3839 862 3902; x_wconf 91' lang='lat' dir='ltr'><strong>devocionis</strong></span> <span class='ocrx_word' id='word_1_178' title='bbox 879 3841 999 3904; x_wconf 84' lang='lat' dir='ltr'><strong>affectu.</strong></span> 
     </span>
    </p>

    <p class='ocr_par' dir='ltr' id='par_1_11' title="bbox 247 3947 1448 4786">
     <span class='ocr_line' id='line_1_28' title="bbox 339 3947 1448 4031; baseline -0.001 -20"><span class='ocrx_word' id='word_1_179' title='bbox 339 3949 420 4011; x_wconf 87' lang='lat' dir='ltr'><strong>Inter</strong></span> <span class='ocrx_word' id='word_1_180' title='bbox 437 3953 537 4010; x_wconf 86' lang='lat' dir='ltr'><strong>cetera</strong></span> <span class='ocrx_word' id='word_1_181' title='bbox 555 3947 734 4010; x_wconf 86' lang='lat' dir='ltr'><strong>maturitatis</strong></span> <span class='ocrx_word' id='word_1_182' title='bbox 752 3953 853 4011; x_wconf 89' lang='lat' dir='ltr'><strong>vestre</strong></span> <span class='ocrx_word' id='word_1_183' title='bbox 870 3948 992 4019; x_wconf 89' lang='lat' dir='ltr'><strong>indicia,</strong></span> <span class='ocrx_word' id='word_1_184' title='bbox 1010 3968 1068 4031; x_wconf 90' lang='lat' dir='ltr'><strong>que</strong></span> <span class='ocrx_word' id='word_1_185' title='bbox 1084 3949 1260 4030; x_wconf 89' lang='lat' dir='ltr'><strong>frequenter</strong></span> <span class='ocrx_word' id='word_1_186' title='bbox 1275 3953 1380 4012; x_wconf 85' lang='lat' dir='ltr'><strong>notare</strong></span> <span class='ocrx_word' id='word_1_187' title='bbox 1392 3968 1448 4030; x_wconf 94' lang='lat' dir='ltr'><strong>po-</strong></span> 
     </span>
     <span class='ocr_line' id='line_1_29' title="bbox 247 4056 1448 4140; baseline 0.002 -22"><span class='ocrx_word' id='word_1_188' title='bbox 247 4058 291 4121; x_wconf 93' lang='lat' dir='ltr'><strong>tui</strong></span> <span class='ocrx_word' id='word_1_189' title='bbox 309 4062 340 4120; x_wconf 90' lang='lat' dir='ltr'><strong>et</strong></span> <span class='ocrx_word' id='word_1_190' title='bbox 355 4057 515 4127; x_wconf 88' lang='lat' dir='ltr'><strong>nominavi,</strong></span> <span class='ocrx_word' id='word_1_191' title='bbox 533 4075 592 4119; x_wconf 94' lang='lat' dir='ltr'><strong>non</strong></span> <span class='ocrx_word' id='word_1_192' title='bbox 607 4076 733 4138; x_wconf 84' lang='lat' dir='ltr'><strong>parvum</strong></span> <span class='ocrx_word' id='word_1_193' title='bbox 750 4056 866 4119; x_wconf 90' lang='lat' dir='ltr'><strong>obtinet</strong></span> <span class='ocrx_word' id='word_1_194' title='bbox 888 4058 997 4127; x_wconf 92' lang='lat' dir='ltr'><strong>locum,</strong></span> <span class='ocrx_word' id='word_1_195' title='bbox 1022 4058 1102 4140; x_wconf 91' lang='lat' dir='ltr'><strong>quod</strong></span> <span class='ocrx_word' id='word_1_196' title='bbox 1122 4061 1255 4120; x_wconf 90' lang='lat' dir='ltr'><strong>maturas</strong></span> <span class='ocrx_word' id='word_1_197' title='bbox 1279 4062 1448 4120; x_wconf 86' lang='lat' dir='ltr'><strong>consuetu-</strong></span> 
     </span>
     <span class='ocr_line' id='line_1_30' title="bbox 249 4163 1448 4246; baseline 0.001 -19"><span class='ocrx_word' id='word_1_198' title='bbox 249 4164 346 4234; x_wconf 89' lang='lat' dir='ltr'><strong>dines,</strong></span> <span class='ocrx_word' id='word_1_199' title='bbox 360 4184 377 4226; x_wconf 90' lang='lat' dir='ltr'><strong>a</strong></span> <span class='ocrx_word' id='word_1_200' title='bbox 388 4164 513 4227; x_wconf 88' lang='lat' dir='ltr'><strong>maturis</strong></span> <span class='ocrx_word' id='word_1_201' title='bbox 526 4163 731 4245; x_wconf 88' lang='lat' dir='ltr'><strong>promulgatas</strong></span> <span class='ocrx_word' id='word_1_202' title='bbox 743 4163 1000 4245; x_wconf 83' lang='lat' dir='ltr'><strong>progenitoribus,</strong></span> <span class='ocrx_word' id='word_1_203' title='bbox 1013 4165 1176 4246; x_wconf 88' lang='lat' dir='ltr'><strong>adimplere</strong></span> <span class='ocrx_word' id='word_1_204' title='bbox 1188 4164 1325 4228; x_wconf 91' lang='lat' dir='ltr'><strong>studetis.</strong></span> <span class='ocrx_word' id='word_1_205' title='bbox 1334 4165 1448 4229; x_wconf 88' lang='lat' dir='ltr'><strong>Verum</strong></span> 
     </span>
     <span class='ocr_line' id='line_1_31' title="bbox 250 4270 1447 4354; baseline 0.001 -20"><span class='ocrx_word' id='word_1_206' title='bbox 250 4271 471 4334; x_wconf 89' lang='lat' dir='ltr'><strong>discrecionem</strong></span> <span class='ocrx_word' id='word_1_207' title='bbox 493 4270 700 4332; x_wconf 90' lang='lat' dir='ltr'><strong>misericordie</strong></span> <span class='ocrx_word' id='word_1_208' title='bbox 722 4272 864 4353; x_wconf 86' lang='lat' dir='ltr'><strong>ignorare</strong></span> <span class='ocrx_word' id='word_1_209' title='bbox 887 4271 989 4343; x_wconf 90' lang='lat' dir='ltr'><strong>credo,</strong></span> <span class='ocrx_word' id='word_1_210' title='bbox 1013 4277 1123 4354; x_wconf 88' lang='lat' dir='ltr'><strong>quanta</strong></span> <span class='ocrx_word' id='word_1_211' title='bbox 1147 4270 1312 4335; x_wconf 91' lang='lat' dir='ltr'><strong>devocione</strong></span> <span class='ocrx_word' id='word_1_212' title='bbox 1334 4272 1447 4353; x_wconf 90' lang='lat' dir='ltr'><strong>prede·</strong></span> 
     </span>
     <span class='ocr_line' id='line_1_32' title="bbox 250 4381 1445 4464; baseline 0.001 -21"><span class='ocrx_word' id='word_1_213' title='bbox 250 4399 388 4443; x_wconf 91' lang='lat' dir='ltr'><strong>cessores</strong></span> <span class='ocrx_word' id='word_1_214' title='bbox 402 4386 432 4442; x_wconf 91' lang='lat' dir='ltr'><strong>et</strong></span> <span class='ocrx_word' id='word_1_215' title='bbox 444 4384 586 4460; x_wconf 90' lang='lat' dir='ltr'><strong>parentes</strong></span> <span class='ocrx_word' id='word_1_216' title='bbox 601 4386 826 4442; x_wconf 86' lang='lat' dir='ltr'><strong>consueverunt</strong></span> <span class='ocrx_word' id='word_1_217' title='bbox 836 4382 1037 4464; x_wconf 90' lang='lat' dir='ltr'><strong>pauperculos</strong></span> <span class='ocrx_word' id='word_1_218' title='bbox 1051 4385 1196 4463; x_wconf 87' lang='lat' dir='ltr'><strong>cognatos</strong></span> <span class='ocrx_word' id='word_1_219' title='bbox 1210 4400 1292 4452; x_wconf 90' lang='lat' dir='ltr'><strong>suos,</strong></span> <span class='ocrx_word' id='word_1_220' title='bbox 1300 4382 1331 4443; x_wconf 91' lang='lat' dir='ltr'><strong>in</strong></span> <span class='ocrx_word' id='word_1_221' title='bbox 1346 4381 1445 4445; x_wconf 86' lang='lat' dir='ltr'><strong>studio</strong></span> 
     </span>
     <span class='ocr_line' id='line_1_33' title="bbox 250 4486 1446 4572; baseline 0.002 -22"><span class='ocrx_word' id='word_1_222' title='bbox 250 4489 409 4569; x_wconf 84' lang='lat' dir='ltr'><strong>degentes,</strong></span> <span class='ocrx_word' id='word_1_223' title='bbox 427 4486 663 4550; x_wconf 84' lang='lat' dir='ltr'><strong>misericorditer</strong></span> <span class='ocrx_word' id='word_1_224' title='bbox 678 4487 800 4558; x_wconf 89' lang='lat' dir='ltr'><strong>intueri,</strong></span> <span class='ocrx_word' id='word_1_225' title='bbox 818 4487 927 4569; x_wconf 91' lang='lat' dir='ltr'><strong>quibus</strong></span> <span class='ocrx_word' id='word_1_226' title='bbox 942 4509 998 4569; x_wconf 91' lang='lat' dir='ltr'><strong>ego</strong></span> <span class='ocrx_word' id='word_1_227' title='bbox 1011 4494 1093 4551; x_wconf 89' lang='lat' dir='ltr'><strong>tanto</strong></span> <span class='ocrx_word' id='word_1_228' title='bbox 1107 4487 1330 4552; x_wconf 85' lang='lat' dir='ltr'><strong>misericordius</strong></span> <span class='ocrx_word' id='word_1_229' title='bbox 1346 4491 1446 4572; x_wconf 90' lang='lat' dir='ltr'><strong>respi-</strong></span> 
     </span>
     <span class='ocr_line' id='line_1_34' title="bbox 251 4594 1446 4680; baseline 0.002 -21"><span class='ocrx_word' id='word_1_230' title='bbox 251 4597 378 4660; x_wconf 89' lang='lat' dir='ltr'><strong>ciendus</strong></span> <span class='ocrx_word' id='word_1_231' title='bbox 402 4615 479 4667; x_wconf 91' lang='lat' dir='ltr'><strong>sum,</strong></span> <span class='ocrx_word' id='word_1_232' title='bbox 503 4601 614 4677; x_wconf 92' lang='lat' dir='ltr'><strong>quanto</strong></span> <span class='ocrx_word' id='word_1_233' title='bbox 643 4596 844 4659; x_wconf 87' lang='lat' dir='ltr'><strong>miserabilius</strong></span> <span class='ocrx_word' id='word_1_234' title='bbox 870 4594 991 4667; x_wconf 90' lang='lat' dir='ltr'><strong>debitis,</strong></span> <span class='ocrx_word' id='word_1_235' title='bbox 1022 4595 1186 4668; x_wconf 88' lang='lat' dir='ltr'><strong>laboribus,</strong></span> <span class='ocrx_word' id='word_1_236' title='bbox 1215 4597 1350 4680; x_wconf 90' lang='lat' dir='ltr'><strong>penuriis</strong></span> <span class='ocrx_word' id='word_1_237' title='bbox 1380 4618 1446 4661; x_wconf 92' lang='lat' dir='ltr'><strong>sum</strong></span> 
     </span>
     <span class='ocr_line' id='line_1_35' title="bbox 251 4701 1445 4786; baseline 0.003 -21"><span class='ocrx_word' id='word_1_238' title='bbox 251 4705 391 4765; x_wconf 88' lang='lat' dir='ltr'><strong>afflictus.</strong></span> <span class='ocrx_word' id='word_1_239' title='bbox 419 4701 514 4783; x_wconf 83' lang='lat' dir='ltr'><strong>Quam</strong></span> <span class='ocrx_word' id='word_1_240' title='bbox 537 4701 575 4763; x_wconf 94' lang='lat' dir='ltr'><strong>ob</strong></span> <span class='ocrx_word' id='word_1_241' title='bbox 598 4722 662 4765; x_wconf 92' lang='lat' dir='ltr'><strong>rem</strong></span> <span class='ocrx_word' id='word_1_242' title='bbox 685 4703 793 4767; x_wconf 87' lang='lat' dir='ltr'><strong>advos</strong></span> <span class='ocrx_word' id='word_1_243' title='bbox 811 4703 964 4786; x_wconf 84' lang='lat' dir='ltr'><strong>coniugio,</strong></span> <span class='ocrx_word' id='word_1_244' title='bbox 980 4723 1092 4785; x_wconf 88' lang='lat' dir='ltr'><strong>rogans</strong></span> <span class='ocrx_word' id='word_1_245' title='bbox 1109 4703 1260 4768; x_wconf 90' lang='lat' dir='ltr'><strong>humiliter</strong></span> <span class='ocrx_word' id='word_1_246' title='bbox 1275 4708 1306 4766; x_wconf 90' lang='lat' dir='ltr'><strong>et</strong></span> <span class='ocrx_word' id='word_1_247' title='bbox 1323 4704 1445 4777; x_wconf 90' lang='lat' dir='ltr'><strong>devote,</strong></span> 
     </span>
    </p>
   </div>
   <div class='ocr_carea' id='block_1_10' title="bbox 0 0 1627 5392">
    <p class='ocr_par' dir='ltr' id='par_1_12' title="bbox 0 0 1627 5392">
     <span class='ocr_line' id='line_1_36' title="bbox 0 0 1627 5392; baseline 0 0"><span class='ocrx_word' id='word_1_248' title='bbox 0 0 1627 5392; x_wconf 95' lang='lat' dir='ltr'><strong> </strong></span> 
     </span>
    </p>
   </div>
  </div>
 </body>
</html>
