3209 5392
1320 513 1396 586 325

205 708 302 785 eciam
318 720 350 783 in
365 718 511 801 proximo,
528 716 604 781 duce
622 717 786 787 Altissimo,
803 713 889 779 vobis
908 712 1137 796 presencialiter
1158 730 1214 773 nos
1231 708 1350 779 offerre,
1368 713 1401 769 ut

206 835 293 912 grate
318 825 488 890 dilectionis
512 825 643 896 allectio,
667 823 851 887 successivis
875 827 1019 885 concreta
1040 818 1240 903 profectibus,
1262 818 1294 880 in
1308 814 1400 899 proli·

207 958 281 1002 cuos
298 943 329 1000 et
344 937 485 1020 profusos
502 935 634 1018 graciosi
652 933 795 1015 germinis
812 931 950 1015 palmites
967 929 1131 994 adolescat.

302 1097 417 1152 Gerbert
442 1097 508 1149 lissi
534 1094 626 1148 diesen
653 1093 729 1146 Brief
751 1109 800 1145 von
825 1089 926 1144 liudolf
948 1105 979 1142 an
1005 1088 1056 1142 den
1082 1086 1205 1142 Cardine]
1231 1086 1327 1141 Petrus
1353 1100 1402 1138 von

207 1187 362 1244 Tarentaise
382 1204 429 1240 aus
453 1186 512 1240 dem
532 1183 742 1254 Predigerorden
769 1179 919 1251 (nncbmals
950 1180 1031 1249 Papst
1054 1178 1248 1242 lonoceoo'V.;
1270 1179 1336 1231 iiber
1358 1175 1404 1229 ibn

209 1279 292 1350 vergi.
306 1277 403 1344 Quetii
412 1280 440 1330 et
452 1274 557 1330 liehard
573 1274 729 1345 Scriptores
743 1271 800 1326 ord.
816 1268 909 1340 praed.
923 1268 948 1333 1,
962 1268 1032 1340 350)
1046 1270 1221 1339 gescbricben
1234 1266 1302 1332 sein,
1327 1265 1405 1320 dorm

210 1369 295 1424 findet
316 1369 373 1422 siclo
392 1366 495 1437 jedocb
516 1365 544 1419 in
566 1366 616 1420 deu
641 1365 705 1419 sehr
727 1360 868 1431 allgemein
891 1359 1050 1430 gebaltenen
1063 1359 1175 1416 Wobten
1190 1358 1331 1415 desselben
1343 1358 1404 1412 boin

210 1460 415 1530 Anhaltspuukt.

783 1668 848 1739 27.

236 1754 254 1793 6

592 1846 673 1909 dives
690 1845 720 1909 ll.
739 1846 935 1910 bononorum
946 1807 1024 1925 regi.

666 2003 742 2058 Eudo
756 2001 837 2056 1275.
850 1999 955 2056 beudii.
1034 1994 1037 1999 ’
1065 2079 1067 2083 .

213 2148 263 2203 Die
275 2149 380 2218 Bdrper
400 2164 451 2203 von
463 2146 569 2201 nutriet
587 2145 667 2201 bitten
689 2147 741 2201 den
764 2146 852 2218 Konip
864 2145 976 2216 liudolf,
999 2143 1040 2199 aie
1060 2160 1108 2198 cor
1131 2145 1182 2198 den
1198 2131 1361 2213 (iterpriffen
1377 2158 1411 2194 zu

211 2238 349 2302 achalm,
383 2238 484 2294 welche
507 2238 554 2293 die
582 2236 780 2299 Geictlicbltcit,
813 2244 927 2309 peatdtzt
955 2234 1009 2306 auf
1029 2237 1078 2290 dea
1103 2233 1207 2305 Konipa
1232 2231 1408 2304 Pricilepicu,

649 2364 654 2371 -
724 2326 782 2380 aicb
796 2326 911 2381 erluubc.

309 2472 389 2528 Gerb.
403 2473 429 2533 2,
443 2472 486 2525 27.

307 2620 383 2701 Quia
407 2620 601 2684 ordinacione
624 2619 742 2688 divina,
770 2639 787 2681 a
811 2638 869 2701 qua
885 2618 926 2703 a)
944 2617 1039 2680 omnis
1066 2622 1203 2701 potestas
1227 2614 1414 2685 conceditur,
1522 2610 1528 2616 ’

217 2748 331 2791 summa
348 2728 393 2791 rei
409 2728 529 2811 publice
545 2727 687 2811 potencia
703 2733 803 2790 vestre
828 2726 995 2790 dinoscitur
1017 2725 1182 2789 clemencie
1198 2724 1359 2794 attributa,
1384 2725 1416 2784 ut

215 2855 272 2919 per
287 2844 388 2899 vestre
404 2836 619 2918 magnitudinis
635 2836 770 2917 vigorem
788 2840 985 2897 conservetur
1000 2834 1122 2899 iusticia
1138 2839 1169 2898 et
1184 2834 1292 2896 iniurie
1310 2837 1418 2895 exstir-

219 2949 347 3028 pentur,
374 2943 507 3008 fidelium
536 2945 687 3007 relevetur
710 2943 850 3007 debilitas
874 2949 905 3006 et
920 2944 1047 3006 lurcium
1063 2942 1188 3006 rebellio
1206 2944 1419 3024 comprimatur

219 3057 252 3116 et
269 3052 367 3115 omnia
394 3053 473 3115 iusto
497 3052 598 3134 legum
619 3052 777 3116 libramine
795 3052 825 3114 in
843 3052 1010 3116 Salvatoris
1027 3054 1156 3116 servicio
1174 3053 1355 3133 dirigantur:
1380 3050 1420 3113 ad

219 3160 386 3223 maiestatis
414 3165 516 3224 vestre
540 3162 734 3224 clemenciam
761 3161 804 3222 de
827 3160 1057 3242 penultimis
1082 3161 1238 3224 Romani
1263 3158 1420 3242 imperii

221 3269 371 3332 finibus
407 3275 619 3339 recurrentes,
646 3269 703 3332 sub
730 3276 833 3331 vestre
865 3269 967 3350 gracie
1001 3267 1187 3333 confidencia
1218 3268 1343 3352 speciali
1370 3268 1420 3355 b),

223 3377 393 3440 celsitudini
424 3378 510 3458 regie
543 3378 697 3449 duximus,
737 3400 796 3441 uon
835 3379 951 3460 absque
989 3377 1092 3442 dolore
1126 3386 1157 3442 et
1186 3377 1421 3463 perturbacione

222 3485 373 3557 cordium,
402 3486 616 3558 intimandum,
645 3486 724 3569 quod
741 3485 933 3549 honorabiles
950 3487 1024 3558 viri,
1053 3485 1152 3549 clerus
1171 3487 1302 3551 civitatis
1319 3491 1422 3551 nostre

219 3595 256 3658 N.
279 3593 317 3679 1),
334 3594 406 3656 licet
420 3594 518 3675 ipsum
537 3594 615 3657 omni
633 3613 691 3676 qua
714 3614 875 3676 possumus
898 3594 1098 3658 veneracione
1122 3596 1268 3667 colamus,
1292 3595 1422 3658 civitatis

223 3709 324 3766 tamen
342 3707 372 3765 et
387 3702 485 3765 tocius
502 3703 599 3785 patrie
616 3708 718 3766 nostre
736 3703 847 3785 quietis
865 3709 895 3766 et
910 3704 995 3787 pacis
1013 3702 1179 3786 inpaciens,
1198 3723 1265 3766 cum
1290 3704 1327 3767 de
1348 3702 1423 3785 ipsis

224 3809 315 3873 nichil
331 3811 555 3891 suspiraremus
570 3810 699 3883 adversi,
714 3810 864 3893 quoddam
876 3812 1077 3894 privilegium,
1090 3812 1424 3884 hactenusiuauditum‚

226 3937 243 3979 a
259 3922 361 3979 vestra
378 3915 607 3999 magnificencia
624 3917 693 3990 sibi,
712 3923 743 3981 ut
764 3925 914 3990 asserunt,
939 3919 1123 3991 innovatum,
1147 3918 1354 3982 confirmatum
1371 3940 1425 3983 seu

227 4024 323 4088 eciam
341 4024 536 4096 declaratum,
554 4047 649 4111 nuper
664 4026 745 4111 apud
761 4047 816 4089 uos
833 4027 907 4090 fecit
927 4026 958 4088 iu
974 4027 1134 4090 multorum
1150 4028 1311 4112 presencia
1327 4026 1427 4110 publi·

228 4134 301 4203 cari,
320 4133 400 4216 quod
416 4140 592 4218 perceptum
614 4140 661 4198 est
675 4140 704 4197 et
717 4134 880 4198 deductum
893 4135 924 4197 in
936 4134 1087 4217 publicam
1099 4137 1266 4199 necionem.
1285 4136 1427 4218 Quamvis
1438 4166 1549 4209 runca,

227 4247 337 4314 autem,
354 4247 495 4325 tanquam
512 4243 677 4325 improvisi,
694 4243 817 4308 tonitrui
831 4242 942 4307 ictibus
956 4250 987 4308 et
999 4245 1130 4308 fulminis
1143 4251 1258 4308 terrore
1272 4245 1429 4310 attonitam

229 4349 347 4413 turbam
379 4352 603 4432 perturbaverit
619 4352 657 4438 c)
680 4351 876 4422 universam,
902 4353 1001 4434 ipsum
1033 4358 1150 4426 tamen,
1181 4358 1305 4436 propter
1336 4353 1430 4419 vestri

321 4514 353 4583 a)
370 4530 422 4584 quo
436 4515 466 4569 V.
481 4543 516 4553 —-
530 4513 562 4583 b)
577 4515 767 4571 confidenciam
783 4514 930 4586 specialem
943 4516 973 4570 V.
990 4545 1019 4555 -
1036 4517 1068 4586 c)
1083 4517 1248 4588 perturbavit
1259 4518 1288 4571 Z.

229 4647 554 4660 *—

257 4727 279 4789 ¹)
297 4729 442 4775 Leodiensis.
