<?xml version="1.0" encoding="UTF-8"?>
<!DOCTYPE html PUBLIC "-//W3C//DTD XHTML 1.0 Transitional//EN"
    "http://www.w3.org/TR/xhtml1/DTD/xhtml1-transitional.dtd">
<html xmlns="http://www.w3.org/1999/xhtml" xml:lang="en" lang="en">
 <head>
  <title>
</title>
<meta http-equiv="Content-Type" content="text/html;charset=utf-8" />
  <meta name='ocr-system' content='tesseract 3.04.00' />
  <meta name='ocr-capabilities' content='ocr_page ocr_carea ocr_par ocr_line ocrx_word'/>
</head>
<body>
  <div class='ocr_page' id='page_1' title='image "./fontesrerumaust00unkngoog_0270.png"; bbox 0 0 3209 5392; ppageno 0'>
   <div class='ocr_carea' id='block_1_1' title="bbox 1277 511 1352 582">
    <p class='ocr_par' dir='ltr' id='par_1_1' title="bbox 1277 511 1352 582">
     <span class='ocr_line' id='line_1_1' title="bbox 1277 511 1352 582; baseline 0 0"><span class='ocrx_word' id='word_1_1' title='bbox 1277 511 1352 582; x_wconf 77' lang='grc'><strong>243</strong></span> 
     </span>
    </p>
   </div>
   <div class='ocr_carea' id='block_1_2' title="bbox 161 686 1367 1415">
    <p class='ocr_par' dir='ltr' id='par_1_2' title="bbox 161 686 1367 1415">
     <span class='ocr_line' id='line_1_2' title="bbox 161 686 1356 768; baseline -0.005 -15"><span class='ocrx_word' id='word_1_2' title='bbox 161 695 389 754; x_wconf 79' lang='lat' dir='ltr'>nocumentum:</span> <span class='ocrx_word' id='word_1_3' title='bbox 425 687 650 751; x_wconf 85' lang='lat' dir='ltr'><strong>universitatem</strong></span> <span class='ocrx_word' id='word_1_4' title='bbox 678 691 825 757; x_wconf 89' lang='lat' dir='ltr'><strong>vestram,</strong></span> <span class='ocrx_word' id='word_1_5' title='bbox 855 686 933 747; x_wconf 90' lang='lat' dir='ltr'><strong>omni</strong></span> <span class='ocrx_word' id='word_1_6' title='bbox 962 704 1020 768; x_wconf 90' lang='lat' dir='ltr'><strong>qua</strong></span> <span class='ocrx_word' id='word_1_7' title='bbox 1047 705 1205 768; x_wconf 85' lang='lat' dir='ltr'><strong>possumus</strong></span> <span class='ocrx_word' id='word_1_8' title='bbox 1233 704 1356 767; x_wconf 89' lang='lat' dir='ltr'><strong>precum</strong></span> 
     </span>
     <span class='ocr_line' id='line_1_3' title="bbox 161 794 1358 880; baseline -0.004 -20"><span class='ocrx_word' id='word_1_9' title='bbox 161 797 328 868; x_wconf 86' lang='lat' dir='ltr'><strong>instancia,</strong></span> <span class='ocrx_word' id='word_1_10' title='bbox 359 796 540 880; x_wconf 77' lang='lat' dir='ltr'>requirimus</span> <span class='ocrx_word' id='word_1_11' title='bbox 569 801 599 858; x_wconf 90' lang='lat' dir='ltr'><strong>et</strong></span> <span class='ocrx_word' id='word_1_12' title='bbox 625 814 785 875; x_wconf 80' lang='lat' dir='ltr'><strong>rogamus,</strong></span> <span class='ocrx_word' id='word_1_13' title='bbox 817 799 965 877; x_wconf 90' lang='lat' dir='ltr'><strong>quatenus</strong></span> <span class='ocrx_word' id='word_1_14' title='bbox 993 794 1032 856; x_wconf 93' lang='lat' dir='ltr'><strong>ob</strong></span> <span class='ocrx_word' id='word_1_15' title='bbox 1059 800 1192 857; x_wconf 89' lang='lat' dir='ltr'><strong>nostram</strong></span> <span class='ocrx_word' id='word_1_16' title='bbox 1220 800 1251 856; x_wconf 89' lang='lat' dir='ltr'><strong>et</strong></span> <span class='ocrx_word' id='word_1_17' title='bbox 1278 794 1358 856; x_wconf 89' lang='lat' dir='ltr'><strong>sacri</strong></span> 
     </span>
     <span class='ocr_line' id='line_1_4' title="bbox 161 902 1359 987; baseline -0.003 -20"><span class='ocrx_word' id='word_1_18' title='bbox 161 906 281 987; x_wconf 90' lang='lat' dir='ltr'><strong>imperii</strong></span> <span class='ocrx_word' id='word_1_19' title='bbox 307 905 513 969; x_wconf 77' lang='lat' dir='ltr'><strong>reverenciam</strong></span> <span class='ocrx_word' id='word_1_20' title='bbox 548 903 712 985; x_wconf 87' lang='lat' dir='ltr'><strong>sepedictis</strong></span> <span class='ocrx_word' id='word_1_21' title='bbox 746 903 889 966; x_wconf 84' lang='lat' dir='ltr'><strong>fratribus</strong></span> <span class='ocrx_word' id='word_1_22' title='bbox 917 902 948 964; x_wconf 93' lang='lat' dir='ltr'><strong>in</strong></span> <span class='ocrx_word' id='word_1_23' title='bbox 972 902 1139 967; x_wconf 90' lang='lat' dir='ltr'><strong>donacione</strong></span> <span class='ocrx_word' id='word_1_24' title='bbox 1166 904 1283 983; x_wconf 85' lang='lat' dir='ltr'><strong>prelata</strong></span> <span class='ocrx_word' id='word_1_25' title='bbox 1310 903 1359 964; x_wconf 86' lang='lat' dir='ltr'><strong>vie</strong></span> 
     </span>
     <span class='ocr_line' id='line_1_5' title="bbox 163 1009 1358 1095; baseline -0.003 -19"><span class='ocrx_word' id='word_1_26' title='bbox 163 1019 224 1076; x_wconf 83' lang='lat' dir='ltr'><strong>tam</strong></span> <span class='ocrx_word' id='word_1_27' title='bbox 253 1012 419 1076; x_wconf 79' lang='lat' dir='ltr'><strong>liberaliter</strong></span> <span class='ocrx_word' id='word_1_28' title='bbox 456 1031 544 1094; x_wconf 89' lang='lat' dir='ltr'><strong>quam</strong></span> <span class='ocrx_word' id='word_1_29' title='bbox 565 1011 608 1095; x_wconf 85' lang='lat' dir='ltr'><strong>a)</strong></span> <span class='ocrx_word' id='word_1_30' title='bbox 634 1011 778 1093; x_wconf 75' lang='lat' dir='ltr'><strong>hylariter</strong></span> <span class='ocrx_word' id='word_1_31' title='bbox 808 1016 941 1073; x_wconf 86' lang='lat' dir='ltr'><strong>vestrum</strong></span> <span class='ocrx_word' id='word_1_32' title='bbox 971 1010 1141 1091; x_wconf 77' lang='lat' dir='ltr'><strong>impendatis</strong></span> <span class='ocrx_word' id='word_1_33' title='bbox 1169 1009 1358 1081; x_wconf 87' lang='lat' dir='ltr'><strong>beneficium,</strong></span> 
     </span>
     <span class='ocr_line' id='line_1_6' title="bbox 165 1117 1367 1204; baseline -0.004 -20"><span class='ocrx_word' id='word_1_34' title='bbox 165 1121 245 1204; x_wconf 91' lang='lat' dir='ltr'><strong>quod</strong></span> <span class='ocrx_word' id='word_1_35' title='bbox 272 1121 379 1183; x_wconf 82' lang='lat' dir='ltr'><strong>exinde</strong></span> <span class='ocrx_word' id='word_1_36' title='bbox 407 1120 485 1202; x_wconf 89' lang='lat' dir='ltr'><strong>apud</strong></span> <span class='ocrx_word' id='word_1_37' title='bbox 516 1120 630 1191; x_wconf 90' lang='lat' dir='ltr'><strong>Deum,</strong></span> <span class='ocrx_word' id='word_1_38' title='bbox 661 1119 794 1201; x_wconf 90' lang='lat' dir='ltr'><strong>ipsorum</strong></span> <span class='ocrx_word' id='word_1_39' title='bbox 828 1118 911 1180; x_wconf 91' lang='lat' dir='ltr'><strong>vobis</strong></span> <span class='ocrx_word' id='word_1_40' title='bbox 943 1117 1177 1198; x_wconf 83' lang='lat' dir='ltr'><strong>suffragantibus</strong></span> <span class='ocrx_word' id='word_1_41' title='bbox 1207 1118 1367 1199; x_wconf 77' lang='lat' dir='ltr'><strong>precibus,¹</strong></span> 
     </span>
     <span class='ocr_line' id='line_1_7' title="bbox 163 1221 1360 1305; baseline -0.007 -16"><span class='ocrx_word' id='word_1_42' title='bbox 163 1232 297 1289; x_wconf 87' lang='lat' dir='ltr'><strong>vestrum</strong></span> <span class='ocrx_word' id='word_1_43' title='bbox 318 1227 485 1289; x_wconf 76' lang='lat' dir='ltr'><strong>cumuletur</strong></span> <span class='ocrx_word' id='word_1_44' title='bbox 507 1225 645 1288; x_wconf 89' lang='lat' dir='ltr'><strong>meritum</strong></span> <span class='ocrx_word' id='word_1_45' title='bbox 668 1230 699 1286; x_wconf 82' lang='lat' dir='ltr'><strong>et</strong></span> <span class='ocrx_word' id='word_1_46' title='bbox 725 1244 780 1304; x_wconf 92' lang='lat' dir='ltr'><strong>per</strong></span> <span class='ocrx_word' id='word_1_47' title='bbox 807 1239 996 1305; x_wconf 89' lang='lat' dir='ltr'><strong>consequens</strong></span> <span class='ocrx_word' id='word_1_48' title='bbox 1019 1231 1122 1285; x_wconf 90' lang='lat' dir='ltr'><strong>nostre</strong></span> <span class='ocrx_word' id='word_1_49' title='bbox 1146 1225 1247 1303; x_wconf 78' lang='lat' dir='ltr'><strong>gracie</strong></span> <span class='ocrx_word' id='word_1_50' title='bbox 1275 1221 1360 1284; x_wconf 90' lang='lat' dir='ltr'><strong>vobis</strong></span> 
     </span>
     <span class='ocr_line' id='line_1_8' title="bbox 165 1333 562 1415; baseline -0.003 -20"><span class='ocrx_word' id='word_1_51' title='bbox 165 1334 321 1415; x_wconf 88' lang='lat' dir='ltr'><strong>proveniat</strong></span> <span class='ocrx_word' id='word_1_52' title='bbox 336 1333 562 1395; x_wconf 89' lang='lat' dir='ltr'><strong>incrementum.</strong></span> 
     </span>
    </p>
   </div>
   <div class='ocr_carea' id='block_1_3' title="bbox 512 1519 1017 1738">
    <p class='ocr_par' dir='ltr' id='par_1_3' title="bbox 512 1519 1017 1738">
     <span class='ocr_line' id='line_1_9' title="bbox 728 1519 792 1587; baseline -0.047 0"><span class='ocrx_word' id='word_1_53' title='bbox 728 1519 792 1587; x_wconf 77' lang='grc'><strong>32.</strong></span> 
     </span>
     <span class='ocr_line' id='line_1_10' title="bbox 512 1656 1017 1738; baseline -0.008 -18"><span class='ocrx_word' id='word_1_54' title='bbox 512 1659 710 1720; x_wconf 77' lang='lat' dir='ltr'><strong>Romanorum</strong></span> <span class='ocrx_word' id='word_1_55' title='bbox 733 1675 786 1720; x_wconf 82' lang='lat' dir='ltr'><strong>rer</strong></span> <span class='ocrx_word' id='word_1_56' title='bbox 810 1656 841 1719; x_wconf 86' lang='lat' dir='ltr'><strong>ll.</strong></span> <span class='ocrx_word' id='word_1_57' title='bbox 866 1659 1017 1738; x_wconf 85' lang='lat' dir='ltr'><strong>episcopo.</strong></span> 
     </span>
    </p>
   </div>
   <div class='ocr_carea' id='block_1_4' title="bbox 545 1778 993 1850">
    <p class='ocr_par' dir='ltr' id='par_1_4' title="bbox 545 1778 993 1850">
     <span class='ocr_line' id='line_1_11' title="bbox 545 1778 993 1850; baseline -0.007 -18"><span class='ocrx_word' id='word_1_58' title='bbox 545 1779 625 1834; x_wconf 75' lang='grc'><strong>1274.</strong></span> <span class='ocrx_word' id='word_1_59' title='bbox 639 1779 796 1833; x_wconf 81' lang='lat' dir='ltr'><strong>November.</strong></span> <span class='ocrx_word' id='word_1_60' title='bbox 809 1778 993 1850; x_wconf 83' lang='lat' dir='ltr'><strong>Norimberge.</strong></span> 
     </span>
    </p>
   </div>
   <div class='ocr_carea' id='block_1_5' title="bbox 173 1884 1368 2135">
    <p class='ocr_par' dir='ltr' id='par_1_5' title="bbox 173 1884 1368 2135">
     <span class='ocr_line' id='line_1_12' title="bbox 173 1884 1367 1961; baseline -0.003 -17"><span class='ocrx_word' id='word_1_61' title='bbox 173 1889 260 1961; x_wconf 74' lang='lat' dir='ltr'><strong>Koniq</strong></span> <span class='ocrx_word' id='word_1_62' title='bbox 272 1886 376 1959; x_wconf 75' lang='lat' dir='ltr'><strong>liudolf</strong></span> <span class='ocrx_word' id='word_1_63' title='bbox 389 1887 471 1942; x_wconf 83' lang='lat' dir='ltr'><strong>donlrt</strong></span> <span class='ocrx_word' id='word_1_64' title='bbox 490 1886 574 1941; x_wconf 72' lang='grc' dir='ltr'><strong><em>σὶηοηι</em></strong></span> <span class='ocrx_word' id='word_1_65' title='bbox 591 1884 645 1941; x_wconf 74' lang='lat' dir='ltr'><strong>ihm</strong></span> <span class='ocrx_word' id='word_1_66' title='bbox 663 1886 808 1957; x_wconf 71' lang='lat' dir='ltr'><strong>erqebenco</strong></span> <span class='ocrx_word' id='word_1_67' title='bbox 820 1885 1041 1957; x_wconf 69' lang='lat' dir='ltr'><strong>Kirclrenfrtrateo</strong></span> <span class='ocrx_word' id='word_1_68' title='bbox 1061 1887 1137 1956; x_wconf 82' lang='lat' dir='ltr'><strong>(dem</strong></span> <span class='ocrx_word' id='word_1_69' title='bbox 1149 1886 1309 1957; x_wconf 76' lang='lat' dir='ltr'><strong>Erzbr&#39;ccloof</strong></span> <span class='ocrx_word' id='word_1_70' title='bbox 1317 1904 1367 1941; x_wconf 83' lang='lat' dir='ltr'><strong>ooo</strong></span> 
     </span>
     <span class='ocr_line' id='line_1_13' title="bbox 174 1973 1368 2049; baseline -0.003 -15"><span class='ocrx_word' id='word_1_71' title='bbox 174 1978 339 2049; x_wconf 52' lang='lat' dir='ltr'><strong>Solebam&amp;</strong></span> <span class='ocrx_word' id='word_1_72' title='bbox 360 1977 411 2048; x_wconf 72' lang='lat' dir='ltr'><strong>far</strong></span> <span class='ocrx_word' id='word_1_73' title='bbox 432 1976 507 2029; x_wconf 82' lang='lat' dir='ltr'><strong>aeine</strong></span> <span class='ocrx_word' id='word_1_74' title='bbox 525 1974 721 2030; x_wconf 78' lang='lat' dir='ltr'><strong>Wocdeomlreie</strong></span> <span class='ocrx_word' id='word_1_75' title='bbox 741 1977 797 2028; x_wconf 84' lang='lat' dir='ltr'><strong>und</strong></span> <span class='ocrx_word' id='word_1_76' title='bbox 819 1974 946 2029; x_wconf 68' lang='lat' dir='ltr'><strong>benachtet</strong></span> <span class='ocrx_word' id='word_1_77' title='bbox 968 1973 1021 2031; x_wconf 73' lang='lat' dir='ltr'><strong>ilum</strong></span> <span class='ocrx_word' id='word_1_78' title='bbox 1043 1976 1109 2030; x_wconf 77' lang='lat' dir='ltr'><strong>aber</strong></span> <span class='ocrx_word' id='word_1_79' title='bbox 1131 1978 1182 2030; x_wconf 84' lang='lat' dir='ltr'><strong>den</strong></span> <span class='ocrx_word' id='word_1_80' title='bbox 1203 1978 1368 2049; x_wconf 69' lang='lat' dir='ltr'><strong>planzenden</strong></span> 
     </span>
     <span class='ocr_line' id='line_1_14' title="bbox 595 2062 944 2135; baseline 0.006 -19"><span class='ocrx_word' id='word_1_81' title='bbox 595 2062 739 2135; x_wconf 77' lang='lat' dir='ltr'><strong>Reiclrataq</strong></span> <span class='ocrx_word' id='word_1_82' title='bbox 751 2083 783 2117; x_wconf 80' lang='lat' dir='ltr'><strong>zu</strong></span> <span class='ocrx_word' id='word_1_83' title='bbox 796 2064 944 2134; x_wconf 73' lang='lat' dir='ltr'><strong>Narnlerq.</strong></span> 
     </span>
    </p>
   </div>
   <div class='ocr_carea' id='block_1_6' title="bbox 261 2169 720 2240">
    <p class='ocr_par' dir='ltr' id='par_1_6' title="bbox 261 2169 720 2240">
     <span class='ocr_line' id='line_1_15' title="bbox 261 2169 720 2240; baseline -0.011 -14"><span class='ocrx_word' id='word_1_84' title='bbox 261 2173 341 2226; x_wconf 81' lang='lat' dir='ltr'><strong>Gerb.</strong></span> <span class='ocrx_word' id='word_1_85' title='bbox 354 2172 380 2234; x_wconf 80' lang='lat'><strong>2,</strong></span> <span class='ocrx_word' id='word_1_86' title='bbox 396 2171 440 2224; x_wconf 80' lang='lat'><strong>56.</strong></span> <span class='ocrx_word' id='word_1_87' title='bbox 454 2171 548 2224; x_wconf 81' lang='lat' dir='ltr'><strong>Bodnr.</strong></span> <span class='ocrx_word' id='word_1_88' title='bbox 563 2188 591 2240; x_wconf 92' lang='lat' dir='ltr'><strong>p.</strong></span> <span class='ocrx_word' id='word_1_89' title='bbox 604 2169 720 2223; x_wconf 79' lang='lat'><strong>63-65.</strong></span> 
     </span>
    </p>
   </div>
   <div class='ocr_carea' id='block_1_7' title="bbox 169 2279 1489 4195">
    <p class='ocr_par' dir='ltr' id='par_1_7' title="bbox 169 2279 1489 4195">
     <span class='ocr_line' id='line_1_16' title="bbox 261 2279 1370 2362; baseline -0.004 -17"><span class='ocrx_word' id='word_1_90' title='bbox 261 2283 360 2362; x_wconf 88' lang='lat' dir='ltr'><strong>Super</strong></span> <span class='ocrx_word' id='word_1_91' title='bbox 380 2286 441 2343; x_wconf 88' lang='lat' dir='ltr'><strong>tam</strong></span> <span class='ocrx_word' id='word_1_92' title='bbox 468 2299 544 2361; x_wconf 91' lang='lat' dir='ltr'><strong>pura</strong></span> <span class='ocrx_word' id='word_1_93' title='bbox 571 2284 602 2342; x_wconf 90' lang='lat' dir='ltr'><strong>et</strong></span> <span class='ocrx_word' id='word_1_94' title='bbox 629 2280 748 2360; x_wconf 92' lang='lat' dir='ltr'><strong>integra</strong></span> <span class='ocrx_word' id='word_1_95' title='bbox 771 2283 873 2341; x_wconf 88' lang='lat' dir='ltr'><strong>vestre</strong></span> <span class='ocrx_word' id='word_1_96' title='bbox 896 2279 1033 2342; x_wconf 87' lang='lat' dir='ltr'><strong>amicicie</strong></span> <span class='ocrx_word' id='word_1_97' title='bbox 1055 2280 1287 2344; x_wconf 85' lang='lat' dir='ltr'><strong>incontaminata</strong></span> <span class='ocrx_word' id='word_1_98' title='bbox 1308 2281 1370 2342; x_wconf 90' lang='lat' dir='ltr'><strong>ser-</strong></span> 
     </span>
     <span class='ocr_line' id='line_1_17' title="bbox 173 2387 1368 2471; baseline -0.003 -18"><span class='ocrx_word' id='word_1_99' title='bbox 173 2390 299 2460; x_wconf 86' lang='lat' dir='ltr'><strong>vencia,</strong></span> <span class='ocrx_word' id='word_1_100' title='bbox 331 2408 420 2471; x_wconf 88' lang='lat' dir='ltr'><strong>quam</strong></span> <span class='ocrx_word' id='word_1_101' title='bbox 451 2387 490 2451; x_wconf 91' lang='lat' dir='ltr'><strong>ad</strong></span> <span class='ocrx_word' id='word_1_102' title='bbox 522 2407 576 2450; x_wconf 91' lang='lat' dir='ltr'><strong>nos</strong></span> <span class='ocrx_word' id='word_1_103' title='bbox 607 2387 831 2469; x_wconf 90' lang='lat' dir='ltr'><strong>promptissima</strong></span> <span class='ocrx_word' id='word_1_104' title='bbox 861 2388 969 2449; x_wconf 85' lang='lat' dir='ltr'><strong>mentis</strong></span> <span class='ocrx_word' id='word_1_105' title='bbox 997 2388 1152 2451; x_wconf 87' lang='lat' dir='ltr'><strong>alacritate</strong></span> <span class='ocrx_word' id='word_1_106' title='bbox 1179 2387 1368 2470; x_wconf 84' lang='lat' dir='ltr'><strong>portenditis,</strong></span> 
     </span>
     <span class='ocr_line' id='line_1_18' title="bbox 172 2494 1489 2578; baseline -0.003 -18"><span class='ocrx_word' id='word_1_107' title='bbox 172 2498 270 2560; x_wconf 89' lang='lat' dir='ltr'><strong>aliena</strong></span> <span class='ocrx_word' id='word_1_108' title='bbox 285 2496 446 2559; x_wconf 89' lang='lat' dir='ltr'><strong>verborum</strong></span> <span class='ocrx_word' id='word_1_109' title='bbox 462 2500 639 2578; x_wconf 87' lang='lat' dir='ltr'><strong>argumenta</strong></span> <span class='ocrx_word' id='word_1_110' title='bbox 655 2515 714 2558; x_wconf 91' lang='lat' dir='ltr'><strong>non</strong></span> <span class='ocrx_word' id='word_1_111' title='bbox 730 2494 899 2578; x_wconf 88' lang='lat' dir='ltr'><strong>querimus,</strong></span> <span class='ocrx_word' id='word_1_112' title='bbox 927 2494 977 2556; x_wconf 93' lang='lat' dir='ltr'><strong>ubi</strong></span> <span class='ocrx_word' id='word_1_113' title='bbox 1001 2495 1127 2559; x_wconf 85' lang='lat' dir='ltr'><strong>effectus</strong></span> <span class='ocrx_word' id='word_1_114' title='bbox 1143 2496 1259 2578; x_wconf 91' lang='lat' dir='ltr'><strong>operis,</strong></span> <span class='ocrx_word' id='word_1_115' title='bbox 1288 2495 1369 2557; x_wconf 88' lang='lat' dir='ltr'><strong>dicto</strong></span> <span class='ocrx_word' id='word_1_116' title='bbox 1378 2532 1455 2576; x_wconf 58' lang='grc' dir='ltr'>Μ</span> <span class='ocrx_word' id='word_1_117' title='bbox 1469 2534 1489 2573; x_wconf 67' lang='lat'><strong>1„</strong></span> 
     </span>
     <span class='ocr_line' id='line_1_19' title="bbox 169 2602 1370 2688; baseline -0.003 -20"><span class='ocrx_word' id='word_1_118' title='bbox 169 2605 408 2688; x_wconf 89' lang='lat' dir='ltr'><strong>preponderans‚</strong></span> <span class='ocrx_word' id='word_1_119' title='bbox 428 2608 511 2666; x_wconf 91' lang='lat' dir='ltr'><strong>certa</strong></span> <span class='ocrx_word' id='word_1_120' title='bbox 527 2603 614 2667; x_wconf 89' lang='lat' dir='ltr'><strong>nobis</strong></span> <span class='ocrx_word' id='word_1_121' title='bbox 631 2604 832 2684; x_wconf 84' lang='lat' dir='ltr'><strong>experimenta</strong></span> <span class='ocrx_word' id='word_1_122' title='bbox 849 2602 992 2665; x_wconf 89' lang='lat' dir='ltr'><strong>dilucidat</strong></span> <span class='ocrx_word' id='word_1_123' title='bbox 1008 2608 1038 2666; x_wconf 93' lang='lat' dir='ltr'><strong>et</strong></span> <span class='ocrx_word' id='word_1_124' title='bbox 1060 2604 1251 2667; x_wconf 90' lang='lat' dir='ltr'><strong>consciencie</strong></span> <span class='ocrx_word' id='word_1_125' title='bbox 1268 2608 1370 2665; x_wconf 90' lang='lat' dir='ltr'><strong>nostre</strong></span> 
     </span>
     <span class='ocr_line' id='line_1_20' title="bbox 171 2709 1371 2794; baseline -0.001 -19"><span class='ocrx_word' id='word_1_126' title='bbox 171 2714 259 2788; x_wconf 87' lang='lat' dir='ltr'><strong>testis</strong></span> <span class='ocrx_word' id='word_1_127' title='bbox 276 2711 462 2794; x_wconf 88' lang='lat' dir='ltr'><strong>quantalibet</strong></span> <span class='ocrx_word' id='word_1_128' title='bbox 478 2710 672 2792; x_wconf 92' lang='lat' dir='ltr'><strong>deposicione</strong></span> <span class='ocrx_word' id='word_1_129' title='bbox 689 2709 883 2791; x_wconf 89' lang='lat' dir='ltr'><strong>sollempnior</strong></span> <span class='ocrx_word' id='word_1_130' title='bbox 900 2710 1078 2793; x_wconf 86' lang='lat' dir='ltr'><strong>interpellat.</strong></span> <span class='ocrx_word' id='word_1_131' title='bbox 1105 2712 1225 2775; x_wconf 89' lang='lat' dir='ltr'><strong>Scimus</strong></span> <span class='ocrx_word' id='word_1_132' title='bbox 1249 2709 1371 2774; x_wconf 75' lang='lat' dir='ltr'><strong>etenim,</strong></span> 
     </span>
     <span class='ocr_line' id='line_1_21' title="bbox 171 2818 1372 2901; baseline -0.001 -19"><span class='ocrx_word' id='word_1_133' title='bbox 171 2820 231 2884; x_wconf 91' lang='lat' dir='ltr'><strong>imo</strong></span> <span class='ocrx_word' id='word_1_134' title='bbox 253 2819 353 2883; x_wconf 91' lang='lat' dir='ltr'><strong>indice</strong></span> <span class='ocrx_word' id='word_1_135' title='bbox 381 2819 462 2881; x_wconf 85' lang='lat' dir='ltr'><strong>lacto</strong></span> <span class='ocrx_word' id='word_1_136' title='bbox 489 2819 697 2900; x_wconf 87' lang='lat' dir='ltr'><strong>probavimus,</strong></span> <span class='ocrx_word' id='word_1_137' title='bbox 725 2818 806 2901; x_wconf 88' lang='lat' dir='ltr'><strong>quod</strong></span> <span class='ocrx_word' id='word_1_138' title='bbox 833 2819 863 2880; x_wconf 95' lang='lat' dir='ltr'><strong>in</strong></span> <span class='ocrx_word' id='word_1_139' title='bbox 890 2818 1000 2882; x_wconf 90' lang='lat' dir='ltr'><strong>vestris</strong></span> <span class='ocrx_word' id='word_1_140' title='bbox 1027 2818 1194 2899; x_wconf 88' lang='lat' dir='ltr'><strong>precordiis</strong></span> <span class='ocrx_word' id='word_1_141' title='bbox 1223 2838 1296 2901; x_wconf 87' lang='lat' dir='ltr'><strong>erga</strong></span> <span class='ocrx_word' id='word_1_142' title='bbox 1317 2839 1372 2881; x_wconf 92' lang='lat' dir='ltr'><strong>nos</strong></span> 
     </span>
     <span class='ocr_line' id='line_1_22' title="bbox 177 2923 1372 3011; baseline -0.003 -19"><span class='ocrx_word' id='word_1_143' title='bbox 177 2933 325 3011; x_wconf 89' lang='lat' dir='ltr'><strong>concepta</strong></span> <span class='ocrx_word' id='word_1_144' title='bbox 342 2947 402 2990; x_wconf 93' lang='lat' dir='ltr'><strong>non</strong></span> <span class='ocrx_word' id='word_1_145' title='bbox 418 2927 549 3006; x_wconf 84' lang='lat' dir='ltr'><strong>algeant,</strong></span> <span class='ocrx_word' id='word_1_146' title='bbox 566 2926 621 2988; x_wconf 87' lang='lat' dir='ltr'><strong>sed</strong></span> <span class='ocrx_word' id='word_1_147' title='bbox 639 2923 780 3008; x_wconf 70' lang='lat' dir='ltr'><strong>quo&#39;plus</strong></span> <span class='ocrx_word' id='word_1_148' title='bbox 797 2926 937 2989; x_wconf 89' lang='lat' dir='ltr'><strong>labuntur</strong></span> <span class='ocrx_word' id='word_1_149' title='bbox 952 2926 984 2987; x_wconf 91' lang='lat' dir='ltr'><strong>iu</strong></span> <span class='ocrx_word' id='word_1_150' title='bbox 999 2931 1135 3009; x_wconf 88' lang='lat' dir='ltr'><strong>tempora</strong></span> <span class='ocrx_word' id='word_1_151' title='bbox 1151 2947 1186 2989; x_wconf 92' lang='lat' dir='ltr'><strong>eo</strong></span> <span class='ocrx_word' id='word_1_152' title='bbox 1203 2927 1372 3007; x_wconf 89' lang='lat' dir='ltr'><strong>graciosius</strong></span> 
     </span>
     <span class='ocr_line' id='line_1_23' title="bbox 173 3033 1373 3115; baseline -0.003 -16"><span class='ocrx_word' id='word_1_153' title='bbox 173 3037 358 3099; x_wconf 87' lang='lat' dir='ltr'><strong>adolescant.</strong></span> <span class='ocrx_word' id='word_1_154' title='bbox 391 3035 480 3096; x_wconf 88' lang='lat' dir='ltr'><strong>Patet</strong></span> <span class='ocrx_word' id='word_1_155' title='bbox 496 3033 554 3095; x_wconf 92' lang='lat' dir='ltr'><strong>hoc</strong></span> <span class='ocrx_word' id='word_1_156' title='bbox 578 3035 680 3115; x_wconf 90' lang='lat' dir='ltr'><strong>utique</strong></span> <span class='ocrx_word' id='word_1_157' title='bbox 704 3033 813 3096; x_wconf 89' lang='lat' dir='ltr'><strong>clarius</strong></span> <span class='ocrx_word' id='word_1_158' title='bbox 837 3033 917 3096; x_wconf 89' lang='lat' dir='ltr'><strong>omni</strong></span> <span class='ocrx_word' id='word_1_159' title='bbox 939 3034 1020 3095; x_wconf 87' lang='lat' dir='ltr'><strong>claro</strong></span> <span class='ocrx_word' id='word_1_160' title='bbox 1042 3052 1098 3113; x_wconf 91' lang='lat' dir='ltr'><strong>per</strong></span> <span class='ocrx_word' id='word_1_161' title='bbox 1119 3053 1171 3106; x_wconf 87' lang='lat' dir='ltr'><strong>ea,</strong></span> <span class='ocrx_word' id='word_1_162' title='bbox 1200 3052 1257 3115; x_wconf 90' lang='lat' dir='ltr'><strong>que</strong></span> <span class='ocrx_word' id='word_1_163' title='bbox 1279 3033 1373 3095; x_wconf 91' lang='lat' dir='ltr'><strong>misse</strong></span> 
     </span>
     <span class='ocr_line' id='line_1_24' title="bbox 176 3140 1374 3228; baseline -0.005 -19"><span class='ocrx_word' id='word_1_164' title='bbox 176 3144 265 3208; x_wconf 90' lang='lat' dir='ltr'><strong>nobis</strong></span> <span class='ocrx_word' id='word_1_165' title='bbox 273 3142 313 3228; x_wconf 80' lang='lat' dir='ltr'><strong>b)</strong></span> <span class='ocrx_word' id='word_1_166' title='bbox 321 3147 422 3205; x_wconf 88' lang='lat' dir='ltr'><strong>vestre</strong></span> <span class='ocrx_word' id='word_1_167' title='bbox 437 3142 524 3204; x_wconf 91' lang='lat' dir='ltr'><strong>litere</strong></span> <span class='ocrx_word' id='word_1_168' title='bbox 533 3140 738 3213; x_wconf 90' lang='lat' dir='ltr'><strong>continebant,</strong></span> <span class='ocrx_word' id='word_1_169' title='bbox 747 3140 1182 3224; x_wconf 84' lang='lat' dir='ltr'><strong>exquarumtenoreprobabili</strong></span> <span class='ocrx_word' id='word_1_170' title='bbox 1200 3141 1374 3205; x_wconf 89' lang='lat' dir='ltr'><strong>coniectura</strong></span> 
     </span>
     <span class='ocr_line' id='line_1_25' title="bbox 176 3249 1373 3335; baseline -0.001 -21"><span class='ocrx_word' id='word_1_171' title='bbox 176 3251 408 3335; x_wconf 87' lang='lat' dir='ltr'><strong>perpendimus,</strong></span> <span class='ocrx_word' id='word_1_172' title='bbox 437 3250 520 3312; x_wconf 90' lang='lat' dir='ltr'><strong>circa</strong></span> <span class='ocrx_word' id='word_1_173' title='bbox 543 3250 639 3312; x_wconf 89' lang='lat' dir='ltr'><strong>latera</strong></span> <span class='ocrx_word' id='word_1_174' title='bbox 660 3254 764 3312; x_wconf 87' lang='lat' dir='ltr'><strong>nostra</strong></span> <span class='ocrx_word' id='word_1_175' title='bbox 785 3249 937 3330; x_wconf 89' lang='lat' dir='ltr'><strong>vigilantis</strong></span> <span class='ocrx_word' id='word_1_176' title='bbox 953 3269 1006 3313; x_wconf 90' lang='lat' dir='ltr'><strong>vos</strong></span> <span class='ocrx_word' id='word_1_177' title='bbox 1023 3250 1121 3331; x_wconf 81' lang='lat' dir='ltr'><strong>vigilis</strong></span> <span class='ocrx_word' id='word_1_178' title='bbox 1138 3249 1269 3314; x_wconf 88' lang='lat' dir='ltr'><strong>officium</strong></span> <span class='ocrx_word' id='word_1_179' title='bbox 1285 3271 1373 3313; x_wconf 85' lang='lat' dir='ltr'><strong>exer·</strong></span> 
     </span>
     <span class='ocr_line' id='line_1_26' title="bbox 176 3357 1375 3442; baseline -0.001 -18"><span class='ocrx_word' id='word_1_180' title='bbox 176 3381 247 3424; x_wconf 90' lang='lat' dir='ltr'><strong>cere</strong></span> <span class='ocrx_word' id='word_1_181' title='bbox 272 3365 304 3423; x_wconf 92' lang='lat' dir='ltr'><strong>et</strong></span> <span class='ocrx_word' id='word_1_182' title='bbox 318 3359 464 3442; x_wconf 87' lang='lat' dir='ltr'><strong>regalium</strong></span> <span class='ocrx_word' id='word_1_183' title='bbox 481 3357 673 3420; x_wconf 86' lang='lat' dir='ltr'><strong>excubiarum</strong></span> <span class='ocrx_word' id='word_1_184' title='bbox 690 3358 850 3439; x_wconf 84' lang='lat' dir='ltr'><strong>negocium</strong></span> <span class='ocrx_word' id='word_1_185' title='bbox 872 3363 933 3420; x_wconf 87' lang='lat' dir='ltr'><strong>tam</strong></span> <span class='ocrx_word' id='word_1_186' title='bbox 956 3358 1115 3423; x_wconf 89' lang='lat' dir='ltr'><strong>salubriter</strong></span> <span class='ocrx_word' id='word_1_187' title='bbox 1137 3377 1225 3441; x_wconf 88' lang='lat' dir='ltr'><strong>quam</strong></span> <span class='ocrx_word' id='word_1_188' title='bbox 1246 3359 1375 3423; x_wconf 82' lang='lat' dir='ltr'><strong>fideliter</strong></span> 
     </span>
     <span class='ocr_line' id='line_1_27' title="bbox 179 3465 1375 3554; baseline -0.002 -22"><span class='ocrx_word' id='word_1_189' title='bbox 179 3469 344 3551; x_wconf 89' lang='lat' dir='ltr'><strong>adimplere</strong></span> <span class='ocrx_word' id='word_1_190' title='bbox 365 3467 404 3554; x_wconf 86' lang='lat'><strong>1),</strong></span> <span class='ocrx_word' id='word_1_191' title='bbox 421 3486 489 3528; x_wconf 91' lang='lat' dir='ltr'><strong>cum</strong></span> <span class='ocrx_word' id='word_1_192' title='bbox 505 3465 546 3528; x_wconf 94' lang='lat' dir='ltr'><strong>nil</strong></span> <span class='ocrx_word' id='word_1_193' title='bbox 562 3465 660 3548; x_wconf 90' lang='lat' dir='ltr'><strong>possit</strong></span> <span class='ocrx_word' id='word_1_194' title='bbox 679 3466 765 3529; x_wconf 91' lang='lat' dir='ltr'><strong>nobis</strong></span> <span class='ocrx_word' id='word_1_195' title='bbox 784 3486 945 3529; x_wconf 92' lang='lat' dir='ltr'><strong>occurrere</strong></span> <span class='ocrx_word' id='word_1_196' title='bbox 968 3472 1028 3530; x_wconf 88' lang='lat' dir='ltr'><strong>tam</strong></span> <span class='ocrx_word' id='word_1_197' title='bbox 1050 3472 1297 3548; x_wconf 90' lang='lat' dir='ltr'><strong>tempestuosum,</strong></span> <span class='ocrx_word' id='word_1_198' title='bbox 1313 3473 1375 3530; x_wconf 89' lang='lat' dir='ltr'><strong>tam</strong></span> 
     </span>
     <span class='ocr_line' id='line_1_28' title="bbox 177 3574 1375 3661; baseline -0.004 -19"><span class='ocrx_word' id='word_1_199' title='bbox 177 3577 332 3642; x_wconf 88' lang='lat' dir='ltr'><strong>turbidum</strong></span> <span class='ocrx_word' id='word_1_200' title='bbox 348 3577 386 3661; x_wconf 86' lang='lat' dir='ltr'><strong>c)</strong></span> <span class='ocrx_word' id='word_1_201' title='bbox 404 3580 434 3638; x_wconf 89' lang='lat' dir='ltr'><strong>et</strong></span> <span class='ocrx_word' id='word_1_202' title='bbox 450 3581 510 3638; x_wconf 89' lang='lat' dir='ltr'><strong>tam</strong></span> <span class='ocrx_word' id='word_1_203' title='bbox 528 3593 670 3655; x_wconf 88' lang='lat' dir='ltr'><strong>opacum,</strong></span> <span class='ocrx_word' id='word_1_204' title='bbox 700 3574 772 3656; x_wconf 85' lang='lat' dir='ltr'><strong>quin</strong></span> <span class='ocrx_word' id='word_1_205' title='bbox 792 3581 895 3638; x_wconf 84' lang='lat' dir='ltr'><strong>vestre</strong></span> <span class='ocrx_word' id='word_1_206' title='bbox 917 3575 1063 3637; x_wconf 88' lang='lat' dir='ltr'><strong>luminose</strong></span> <span class='ocrx_word' id='word_1_207' title='bbox 1084 3576 1248 3657; x_wconf 87' lang='lat' dir='ltr'><strong>prudencie</strong></span> <span class='ocrx_word' id='word_1_208' title='bbox 1270 3575 1375 3637; x_wconf 87' lang='lat' dir='ltr'><strong>iubare</strong></span> 
     </span>
     <span class='ocr_line' id='line_1_29' title="bbox 178 3659 1375 3764; baseline -0.003 -15"><span class='ocrx_word' id='word_1_209' title='bbox 178 3689 344 3749; x_wconf 87' lang='lat' dir='ltr'><strong>serenetur.</strong></span> <span class='ocrx_word' id='word_1_210' title='bbox 362 3685 461 3764; x_wconf 90' lang='lat' dir='ltr'><strong>Super</strong></span> <span class='ocrx_word' id='word_1_211' title='bbox 477 3682 536 3744; x_wconf 88' lang='lat' dir='ltr'><strong>hiis</strong></span> <span class='ocrx_word' id='word_1_212' title='bbox 553 3683 646 3763; x_wconf 89' lang='lat' dir='ltr'><strong>igitur</strong></span> <span class='ocrx_word' id='word_1_213' title='bbox 662 3682 842 3745; x_wconf 89' lang='lat' dir='ltr'><strong>salutaribus</strong></span> <span class='ocrx_word' id='word_1_214' title='bbox 849 3659 965 3747; x_wconf 45' lang='lat' dir='ltr'><strong>&#39;vestris</strong></span> <span class='ocrx_word' id='word_1_215' title='bbox 983 3683 1104 3745; x_wconf 90' lang='lat' dir='ltr'><strong>monitis</strong></span> <span class='ocrx_word' id='word_1_216' title='bbox 1119 3689 1149 3746; x_wconf 91' lang='lat' dir='ltr'><strong>et</strong></span> <span class='ocrx_word' id='word_1_217' title='bbox 1160 3683 1375 3745; x_wconf 85' lang='lat' dir='ltr'><strong>informacione</strong></span> 
     </span>
     <span class='ocr_line' id='line_1_30' title="bbox 178 3779 1376 3873; baseline 0.002 -21"><span class='ocrx_word' id='word_1_218' title='bbox 178 3790 328 3872; x_wconf 91' lang='lat' dir='ltr'><strong>gratuita,</strong></span> <span class='ocrx_word' id='word_1_219' title='bbox 358 3789 466 3873; x_wconf 90' lang='lat' dir='ltr'><strong>quibus</strong></span> <span class='ocrx_word' id='word_1_220' title='bbox 489 3809 544 3851; x_wconf 92' lang='lat' dir='ltr'><strong>nos</strong></span> <span class='ocrx_word' id='word_1_221' title='bbox 566 3779 678 3851; x_wconf 83' lang='lat' dir='ltr'><strong>utiliter</strong></span> <span class='ocrx_word' id='word_1_222' title='bbox 694 3786 894 3860; x_wconf 82' lang='lat' dir='ltr'><strong>instruxistis,</strong></span> <span class='ocrx_word' id='word_1_223' title='bbox 920 3788 1093 3870; x_wconf 89' lang='lat' dir='ltr'><strong>paternitati</strong></span> <span class='ocrx_word' id='word_1_224' title='bbox 1109 3793 1209 3856; x_wconf 86' lang='lat' dir='ltr'><strong>vestre</strong></span> <span class='ocrx_word' id='word_1_225' title='bbox 1225 3795 1328 3870; x_wconf 84' lang='lat' dir='ltr'><strong>grates</strong></span> <span class='ocrx_word' id='word_1_226' title='bbox 1346 3797 1376 3854; x_wconf 90' lang='lat' dir='ltr'><strong>et</strong></span> 
     </span>
     <span class='ocr_line' id='line_1_31' title="bbox 179 3896 1375 3980; baseline 0.001 -19"><span class='ocrx_word' id='word_1_227' title='bbox 179 3899 298 3980; x_wconf 88' lang='lat' dir='ltr'><strong>gracias</strong></span> <span class='ocrx_word' id='word_1_228' title='bbox 311 3898 499 3961; x_wconf 85' lang='lat' dir='ltr'><strong>exsolventes</strong></span> <span class='ocrx_word' id='word_1_229' title='bbox 513 3902 544 3959; x_wconf 92' lang='lat' dir='ltr'><strong>et</strong></span> <span class='ocrx_word' id='word_1_230' title='bbox 554 3902 680 3978; x_wconf 89' lang='lat' dir='ltr'><strong>propter</strong></span> <span class='ocrx_word' id='word_1_231' title='bbox 693 3897 752 3958; x_wconf 91' lang='lat' dir='ltr'><strong>hec</strong></span> <span class='ocrx_word' id='word_1_232' title='bbox 768 3902 799 3959; x_wconf 94' lang='lat' dir='ltr'><strong>et</strong></span> <span class='ocrx_word' id='word_1_233' title='bbox 815 3896 873 3959; x_wconf 87' lang='lat' dir='ltr'><strong>alia</strong></span> <span class='ocrx_word' id='word_1_234' title='bbox 891 3896 1030 3959; x_wconf 88' lang='lat' dir='ltr'><strong>dulciflue</strong></span> <span class='ocrx_word' id='word_1_235' title='bbox 1045 3904 1146 3961; x_wconf 86' lang='lat' dir='ltr'><strong>vestre</strong></span> <span class='ocrx_word' id='word_1_236' title='bbox 1161 3898 1303 3961; x_wconf 90' lang='lat' dir='ltr'><strong>bonitatis</strong></span> <span class='ocrx_word' id='word_1_237' title='bbox 1321 3918 1375 3962; x_wconf 90' lang='lat' dir='ltr'><strong>seu</strong></span> 
     </span>
     <span class='ocr_line' id='line_1_32' title="bbox 178 4002 1376 4085; baseline 0.003 -18"><span class='ocrx_word' id='word_1_238' title='bbox 178 4006 338 4069; x_wconf 88' lang='lat' dir='ltr'><strong>voluntatis</strong></span> <span class='ocrx_word' id='word_1_239' title='bbox 354 4003 466 4066; x_wconf 89' lang='lat' dir='ltr'><strong>indicia</strong></span> <span class='ocrx_word' id='word_1_240' title='bbox 482 4024 537 4065; x_wconf 90' lang='lat' dir='ltr'><strong>nos</strong></span> <span class='ocrx_word' id='word_1_241' title='bbox 554 4009 586 4065; x_wconf 86' lang='lat' dir='ltr'><strong>ct</strong></span> <span class='ocrx_word' id='word_1_242' title='bbox 601 4009 705 4066; x_wconf 88' lang='lat' dir='ltr'><strong>nostra</strong></span> <span class='ocrx_word' id='word_1_243' title='bbox 721 4002 904 4085; x_wconf 87' lang='lat' dir='ltr'><strong>quibuslibet</strong></span> <span class='ocrx_word' id='word_1_244' title='bbox 919 4004 1028 4065; x_wconf 89' lang='lat' dir='ltr'><strong>vestris</strong></span> <span class='ocrx_word' id='word_1_245' title='bbox 1045 4003 1168 4067; x_wconf 89' lang='lat' dir='ltr'><strong>nutibus</strong></span> <span class='ocrx_word' id='word_1_246' title='bbox 1181 4011 1376 4085; x_wconf 68' lang='lat' dir='ltr'><strong>exponentes,</strong></span> 
     </span>
     <span class='ocr_line' id='line_1_33' title="bbox 180 4110 1376 4195; baseline -0.001 -20"><span class='ocrx_word' id='word_1_247' title='bbox 180 4113 217 4176; x_wconf 93' lang='lat' dir='ltr'><strong>de</strong></span> <span class='ocrx_word' id='word_1_248' title='bbox 234 4119 336 4177; x_wconf 88' lang='lat' dir='ltr'><strong>nostre</strong></span> <span class='ocrx_word' id='word_1_249' title='bbox 352 4110 562 4195; x_wconf 90' lang='lat' dir='ltr'><strong>prosperitatis</strong></span> <span class='ocrx_word' id='word_1_250' title='bbox 580 4110 754 4182; x_wconf 77' lang='lat' dir='ltr'><strong>eventibuS,</strong></span> <span class='ocrx_word' id='word_1_251' title='bbox 783 4131 858 4193; x_wconf 84' lang='lat' dir='ltr'><strong>quos</strong></span> <span class='ocrx_word' id='word_1_252' title='bbox 875 4111 978 4173; x_wconf 90' lang='lat' dir='ltr'><strong>andire</strong></span> <span class='ocrx_word' id='word_1_253' title='bbox 995 4110 1123 4174; x_wconf 90' lang='lat' dir='ltr'><strong>libenter</strong></span> <span class='ocrx_word' id='word_1_254' title='bbox 1143 4132 1197 4175; x_wconf 92' lang='lat' dir='ltr'><strong>vos</strong></span> <span class='ocrx_word' id='word_1_255' title='bbox 1214 4113 1376 4184; x_wconf 88' lang='lat' dir='ltr'><strong>credimus,</strong></span> 
     </span>
    </p>
   </div>
   <div class='ocr_carea' id='block_1_8' title="bbox 181 4253 1376 4415">
    <p class='ocr_par' dir='ltr' id='par_1_8' title="bbox 181 4253 1376 4415">
     <span class='ocr_line' id='line_1_34' title="bbox 271 4253 1376 4327; baseline -0.001 -18"><span class='ocrx_word' id='word_1_256' title='bbox 271 4256 305 4324; x_wconf 84' lang='lat' dir='ltr'><strong>a)</strong></span> <span class='ocrx_word' id='word_1_257' title='bbox 330 4260 358 4308; x_wconf 84' lang='lat' dir='ltr'><strong>et</strong></span> <span class='ocrx_word' id='word_1_258' title='bbox 380 4256 399 4307; x_wconf 82' lang='lat' dir='ltr'>Z</span> <span class='ocrx_word' id='word_1_259' title='bbox 424 4258 467 4308; x_wconf 78' lang='lat' dir='ltr'><strong>fuir</strong></span> <span class='ocrx_word' id='word_1_260' title='bbox 490 4272 569 4325; x_wconf 82' lang='lat' dir='ltr'><strong>quam</strong></span> <span class='ocrx_word' id='word_1_261' title='bbox 587 4283 614 4292; x_wconf 91' lang='lat'>—</span> <span class='ocrx_word' id='word_1_262' title='bbox 631 4255 663 4323; x_wconf 81' lang='lat' dir='ltr'><strong>b)</strong></span> <span class='ocrx_word' id='word_1_263' title='bbox 678 4253 753 4307; x_wconf 85' lang='lat' dir='ltr'><strong>nobis</strong></span> <span class='ocrx_word' id='word_1_264' title='bbox 766 4271 806 4316; x_wconf 83' lang='lat' dir='ltr'><strong>am</strong></span> <span class='ocrx_word' id='word_1_265' title='bbox 821 4253 913 4306; x_wconf 86' lang='lat' dir='ltr'><strong>Raude</strong></span> <span class='ocrx_word' id='word_1_266' title='bbox 928 4255 956 4308; x_wconf 86' lang='lat' dir='ltr'><strong>V.</strong></span> <span class='ocrx_word' id='word_1_267' title='bbox 974 4283 1001 4293; x_wconf 88' lang='lat'><em>-</em></span> <span class='ocrx_word' id='word_1_268' title='bbox 1019 4254 1049 4322; x_wconf 86' lang='lat' dir='ltr'><strong>o)</strong></span> <span class='ocrx_word' id='word_1_269' title='bbox 1070 4258 1123 4307; x_wconf 90' lang='lat' dir='ltr'><strong>tam</strong></span> <span class='ocrx_word' id='word_1_270' title='bbox 1141 4255 1207 4309; x_wconf 89' lang='lat' dir='ltr'><strong>lucis</strong></span> <span class='ocrx_word' id='word_1_271' title='bbox 1220 4256 1376 4327; x_wconf 88' lang='lat' dir='ltr'><strong>impervium</strong></span> 
     </span>
     <span class='ocr_line' id='line_1_35' title="bbox 181 4345 373 4415; baseline -0.005 -17"><span class='ocrx_word' id='word_1_272' title='bbox 181 4352 208 4398; x_wconf 90' lang='lat' dir='ltr'><strong>et</strong></span> <span class='ocrx_word' id='word_1_273' title='bbox 222 4362 333 4415; x_wconf 85' lang='lat' dir='ltr'><strong>opacum</strong></span> <span class='ocrx_word' id='word_1_274' title='bbox 346 4345 373 4397; x_wconf 90' lang='lat' dir='ltr'><strong>Z.</strong></span> 
     </span>
    </p>
   </div>
   <div class='ocr_carea' id='block_1_9' title="bbox 153 4540 1378 4752">
    <p class='ocr_par' dir='ltr' id='par_1_9' title="bbox 153 4540 1378 4752">
     <span class='ocr_line' id='line_1_36' title="bbox 207 4540 1377 4603; baseline 0 -15"><span class='ocrx_word' id='word_1_275' title='bbox 207 4541 232 4600; x_wconf 87' lang='lat'><strong>¹)</strong></span> <span class='ocrx_word' id='word_1_276' title='bbox 250 4543 321 4588; x_wconf 84' lang='lat' dir='ltr'><strong>Gerb.</strong></span> <span class='ocrx_word' id='word_1_277' title='bbox 340 4543 365 4596; x_wconf 83' lang='lat'><strong>2,</strong></span> <span class='ocrx_word' id='word_1_278' title='bbox 392 4541 423 4586; x_wconf 74' lang='lat'><strong>55</strong></span> <span class='ocrx_word' id='word_1_279' title='bbox 440 4542 508 4587; x_wconf 83' lang='lat' dir='ltr'><strong>theilt</strong></span> <span class='ocrx_word' id='word_1_280' title='bbox 524 4542 593 4586; x_wconf 88' lang='lat' dir='ltr'><strong>einen</strong></span> <span class='ocrx_word' id='word_1_281' title='bbox 610 4541 677 4586; x_wconf 80' lang='lat' dir='ltr'><strong>Briel</strong></span> <span class='ocrx_word' id='word_1_282' title='bbox 690 4540 899 4599; x_wconf 81' lang='lat' dir='ltr'><strong>(wahrschelnlicb</strong></span> <span class='ocrx_word' id='word_1_283' title='bbox 917 4542 958 4586; x_wconf 89' lang='lat' dir='ltr'><strong>des</strong></span> <span class='ocrx_word' id='word_1_284' title='bbox 971 4542 1040 4587; x_wconf 80' lang='lat' dir='ltr'><strong>Errb.</strong></span> <span class='ocrx_word' id='word_1_285' title='bbox 1052 4541 1174 4588; x_wconf 78' lang='lat' dir='ltr'><strong>Friedrich</strong></span> <span class='ocrx_word' id='word_1_286' title='bbox 1190 4557 1235 4588; x_wconf 82' lang='lat' dir='ltr'><strong>ron</strong></span> <span class='ocrx_word' id='word_1_287' title='bbox 1248 4544 1377 4603; x_wconf 83' lang='lat' dir='ltr'><strong>salzburg)</strong></span> 
     </span>
     <span class='ocr_line' id='line_1_37' title="bbox 153 4624 1378 4682; baseline 0.003 -14"><span class='ocrx_word' id='word_1_288' title='bbox 153 4629 155 4632; x_wconf 85' lang='lat'>&#39;</span> <span class='ocrx_word' id='word_1_289' title='bbox 245 4626 295 4679; x_wconf 86' lang='lat' dir='ltr'><strong>mit,</strong></span> <span class='ocrx_word' id='word_1_290' title='bbox 313 4625 338 4670; x_wconf 88' lang='lat' dir='ltr'><strong>iu</strong></span> <span class='ocrx_word' id='word_1_291' title='bbox 357 4625 467 4670; x_wconf 81' lang='lat' dir='ltr'><strong>walchem</strong></span> <span class='ocrx_word' id='word_1_292' title='bbox 485 4624 574 4669; x_wconf 73' lang='lat' dir='ltr'><strong>liudolf</strong></span> <span class='ocrx_word' id='word_1_293' title='bbox 593 4630 702 4682; x_wconf 81' lang='lat' dir='ltr'><strong>gewarnt</strong></span> <span class='ocrx_word' id='word_1_294' title='bbox 722 4624 795 4668; x_wconf 79' lang='lat' dir='ltr'><strong>wind:</strong></span> <span class='ocrx_word' id='word_1_295' title='bbox 821 4625 854 4668; x_wconf 84' lang='lat' dir='ltr'><strong>sis</strong></span> <span class='ocrx_word' id='word_1_296' title='bbox 875 4627 956 4668; x_wconf 86' lang='lat' dir='ltr'><strong>cautus</strong></span> <span class='ocrx_word' id='word_1_297' title='bbox 979 4626 1061 4669; x_wconf 80' lang='lat' dir='ltr'><strong>curtos</strong></span> <span class='ocrx_word' id='word_1_298' title='bbox 1078 4628 1103 4669; x_wconf 83' lang='lat' dir='ltr'><strong>et</strong></span> <span class='ocrx_word' id='word_1_299' title='bbox 1119 4628 1229 4682; x_wconf 88' lang='lat' dir='ltr'><strong>provisor</strong></span> <span class='ocrx_word' id='word_1_300' title='bbox 1248 4627 1308 4671; x_wconf 82' lang='lat' dir='ltr'><strong>vitae</strong></span> <span class='ocrx_word' id='word_1_301' title='bbox 1323 4629 1378 4672; x_wconf 84' lang='lat' dir='ltr'><strong>tuae</strong></span> 
     </span>
     <span class='ocr_line' id='line_1_38' title="bbox 245 4705 1303 4752; baseline 0 -3"><span class='ocrx_word' id='word_1_302' title='bbox 245 4707 292 4749; x_wconf 89' lang='lat' dir='ltr'><strong>und</strong></span> <span class='ocrx_word' id='word_1_303' title='bbox 310 4706 450 4750; x_wconf 83' lang='lat' dir='ltr'><strong>bezeichnet</strong></span> <span class='ocrx_word' id='word_1_304' title='bbox 467 4706 528 4750; x_wconf 83' lang='lat' dir='ltr'><strong>wohl</strong></span> <span class='ocrx_word' id='word_1_305' title='bbox 545 4706 587 4749; x_wconf 85' lang='lat' dir='ltr'><strong>mit</strong></span> <span class='ocrx_word' id='word_1_306' title='bbox 604 4706 679 4749; x_wconf 82' lang='lat' dir='ltr'><strong>liecht</strong></span> <span class='ocrx_word' id='word_1_307' title='bbox 695 4717 782 4748; x_wconf 85' lang='lat' dir='ltr'><strong>unseru</strong></span> <span class='ocrx_word' id='word_1_308' title='bbox 801 4705 867 4749; x_wconf 85' lang='lat' dir='ltr'><strong>Briel</strong></span> <span class='ocrx_word' id='word_1_309' title='bbox 881 4707 914 4748; x_wconf 87' lang='lat' dir='ltr'><strong>als</strong></span> <span class='ocrx_word' id='word_1_310' title='bbox 932 4708 969 4749; x_wconf 83' lang='lat' dir='ltr'><strong>die</strong></span> <span class='ocrx_word' id='word_1_311' title='bbox 988 4706 1096 4749; x_wconf 74' lang='lat' dir='ltr'><strong>Antwort</strong></span> <span class='ocrx_word' id='word_1_312' title='bbox 1115 4708 1156 4750; x_wconf 78' lang='lat' dir='ltr'><strong>avis</strong></span> <span class='ocrx_word' id='word_1_313' title='bbox 1170 4707 1303 4752; x_wconf 84' lang='lat' dir='ltr'><strong>denselben.</strong></span> 
     </span>
    </p>
   </div>
   <div class='ocr_carea' id='block_1_10' title="bbox 1109 4785 1161 4837">
    <p class='ocr_par' dir='ltr' id='par_1_10' title="bbox 1109 4785 1161 4837">
     <span class='ocr_line' id='line_1_39' title="bbox 1109 4785 1161 4837; baseline 0 0"><span class='ocrx_word' id='word_1_314' title='bbox 1109 4785 1161 4837; x_wconf 82' lang='lat' dir='ltr'><strong>lo·</strong></span> 
     </span>
    </p>
   </div>
   <div class='ocr_carea' id='block_1_11' title="bbox 0 0 1636 5392">
    <p class='ocr_par' dir='ltr' id='par_1_11' title="bbox 0 0 1636 5392">
     <span class='ocr_line' id='line_1_40' title="bbox 0 0 1636 5392; baseline 0 0"><span class='ocrx_word' id='word_1_315' title='bbox 0 0 1636 5392; x_wconf 95' lang='lat' dir='ltr'><strong> </strong></span> 
     </span>
    </p>
   </div>
  </div>
 </body>
</html>
