3209 5392
262 535 340 606 426

259 728 326 772 rum
338 713 508 773 nostrorum
519 729 673 774 numerum
684 729 839 780 resecans,
853 708 984 773 Cesaree
997 707 1099 772 manui
1112 709 1288 772 fulcimenta
1301 706 1458 779 tribueret,

258 821 289 880 et
306 836 400 882 annos
417 818 545 901 Augusti
562 820 718 901 regnantis
735 823 903 902 apponeret
919 822 949 880 et
965 823 1107 900 augeret!
1133 818 1159 881 0
1183 821 1290 881 nature
1316 817 1458 887 felicitas,

258 926 362 1010 quanti
378 925 527 1009 privilegii
543 928 733 1010 prerogativa
750 927 917 1010 principem
934 927 1036 990 ditasti
1052 926 1183 998 felicem,
1201 925 1373 989 concedens
1390 925 1459 988 aliis

258 1035 337 1118 quod
355 1033 456 1098 deficit
470 1035 501 1097 in
518 1035 646 1119 teipsa!
664 1037 750 1100 Hunc
764 1040 876 1099 trames
892 1035 1023 1099 racionis
1040 1034 1216 1108 antistitem,
1232 1034 1312 1099 bunc
1320 1032 1459 1117 erigebat

258 1142 376 1206 iusticia
393 1143 598 1214 defensorem,
618 1143 668 1226 qui
686 1162 812 1206 servans
829 1163 994 1226 congruam
1011 1142 1173 1226 utrobique
1189 1142 1378 1226 temperiem,
1407 1161 1460 1205 co-

258 1260 346 1319 natus
368 1252 542 1335 cupiditatis
565 1253 744 1335 infringeret
766 1257 796 1316 et
819 1253 885 1317 eius
908 1272 1027 1316 morsus
1046 1253 1166 1315 illicitos
1182 1252 1362 1316 refrenaret.
1399 1251 1454 1314 Oui

258 1359 317 1423 iam
335 1360 478 1423 virtutum
499 1359 647 1445 incipiunt
668 1359 804 1425 inridere
828 1359 963 1425 misteria
987 1359 1099 1426 inridie
1116 1361 1245 1444 quadam
1267 1361 1382 1444 specie,
1410 1360 1460 1445 qui

259 1488 318 1532 non
335 1467 442 1530 ardore
458 1467 560 1531 liroris
577 1469 737 1532 emulantis
748 1470 870 1554 quidem
887 1470 1026 1533 destruat
1043 1469 1185 1541 animum,
1202 1468 1304 1531 sedin
1324 1470 1458 1552 prurita-

82 1648 86 1655 ,
138 1580 246 1624 Mil·
257 1575 297 1640 tis
314 1577 436 1640 odorem
452 1575 571 1639 facibus
588 1576 681 1640 allicit
701 1578 847 1641 caritatis.
872 1578 961 1642 Vivat
982 1578 1085 1661 igitur,
1107 1579 1187 1642 rirat
1209 1577 1331 1641 iocundi
1354 1578 1460 1641 Fride-

257 1686 313 1749 rici
329 1704 437 1748 nomen
453 1685 484 1748 in
499 1685 627 1767 populo,
654 1690 830 1750 succrescat
849 1687 880 1749 in
901 1685 1000 1769 ipsum
1021 1687 1122 1750 fervor
1144 1686 1318 1750 devocionis
1342 1706 1361 1750 a
1385 1686 1479 1750 sub-1

258 1794 340 1863 ditis,
367 1792 436 1855 bdei
464 1794 602 1856 meritum
626 1794 691 1876 ipsa
716 1801 812 1858 mater
833 1793 985 1858 fidelitatis
1007 1794 1040 1857 iu
1062 1794 1260 1859 subiectionis
1283 1796 1454 1878 exemplum

262 1902 382 1965 studeat
402 1902 604 1966 inflammare!

845 2122 883 2200 6.

259 2303 424 2368 fridericus
448 2305 613 2387 imperator
628 2309 734 2369 centra
749 2325 872 2388 popam,
901 2306 1053 2369 narrando
1070 2303 1185 2369 cuidam
1206 2302 1337 2386 principi
1358 2319 1461 2366 exces-

788 2433 838 2478 sus
857 2415 932 2478 eius.

534 2571 613 2625 1210.
626 2572 680 2627 Juli
696 2571 737 2627 18.
754 2571 779 2624 io
792 2573 891 2627 castris
904 2572 929 2626 in
943 2573 1080 2628 obsidione
1093 2573 1192 2628 [iaculi.

351 2717 456 2781 Emuia
472 2737 578 2799 regum
596 2723 625 2781 et
646 2717 816 2802 principum
839 2718 921 2781 orbis
940 2724 1022 2783 terre
1038 2757 1083 2768 -
1099 2712 1199 2783 tocius
1221 2718 1392 2802 reipublice
1416 2719 1464 2782 in·

262 2827 449 2890 commodum
478 2826 694 2890 subministret.
720 2826 1028 2891 Huiilard-Breholies
1052 2829 1090 2901 b,
1117 2825 1359 2898 loll-1017,
1384 2828 1464 2890 lier-

260 2956 386 2998 mannus
408 2935 578 2999 altahensis
607 2935 646 2998 M.
672 2936 708 2999 G.
734 2936 907 3019 Scriptores
926 2936 984 3007 17,
1009 2937 1093 3010 388,
1121 2937 1251 3001 Biihmer
1273 2936 1348 3019 Reg.
1372 2936 1460 3000 Frid.

262 3064 310 3107 no.
330 3044 405 3108 993.

351 3153 395 3216 rm
417 3153 489 3216 coa.
508 3153 644 3217 Vanam.
669 3171 707 3215 no
731 3152 820 3215 asse
844 3153 898 3215 mit
920 3153 974 3217 aer
994 3137 1203 3218 brescono:
1227 3153 1403 3217 rudericus
1426 3154 1462 3217 u.

262 3283 291 3346 g.
317 3266 375 3325 eto.
400 3262 510 3325 dilecto
533 3258 664 3344 principi
687 3266 718 3323 et
741 3260 811 3323 duci
835 3261 964 3326 Saxonie
987 3260 1115 3344 gratiam
1132 3281 1217 3324 suam
1235 3267 1293 3325 etc.
1319 3262 1352 3327 S.
1371 3262 1462 3325 Perta

263 3371 352 3435 Arob.
371 3372 403 3442 5,
422 3370 497 3435 393.
1455 3370 1475 3407 ⁴¹

835 3587 902 3714 7⁰,

264 3775 429 3839 fridericus
457 3774 619 3856 imperator
647 3772 777 3852 cluibus,
816 3773 1010 3851 significando
1045 3775 1192 3856 quomode
1230 3774 1356 3856 quedam
1395 3792 1463 3855 prc-

264 3887 362 3949 vincia
391 3886 422 3947 iu
451 3886 579 3947 adventu
607 3901 662 3945 suo
694 3884 751 3946 sibi
783 3883 890 3947 devote
914 3885 1093 3960 occurrerit,
1119 3901 1179 3945 nen
1203 3884 1358 3960 obstante,
1384 3883 1462 3963 quoi

465 4010 544 4074 papa
560 4010 625 4055 eurr
641 4009 660 4053 a
676 3991 840 4056 dilectione
858 4009 912 4053 sua
928 3990 1060 4055 libenter
1076 3992 1261 4056 retraxisset.

822 4151 901 4204 1251.

355 4298 398 4362 Ex
415 4298 479 4362 eius
496 4296 612 4380 gracia,
630 4297 681 4380 qui
694 4297 784 4359 vitam
799 4301 931 4359 nostram
945 4295 1024 4359 inter
1038 4316 1140 4359 ensem
1154 4296 1250 4360 hostis
1263 4316 1317 4359 seu
1330 4294 1461 4378 gladium

264 4409 338 4471 terit
358 4405 595 4471 misericorditer
611 4412 642 4469 et
657 4405 786 4488 proterit
808 4442 853 4453 —
875 4405 1107 4489 omnitempore
1128 4404 1290 4487 benignius
1313 4404 1458 4487 aspirare.

263 4516 356 4580 Nicbt
377 4535 435 4577 von
451 4513 627 4583 friedricb,
649 4513 781 4577 sondern
804 4533 863 4576 von
886 4513 1008 4576 Konrad
1024 4513 1071 4576 IV.
1097 4513 1190 4577 Siebe
1209 4511 1337 4576 iidhmer
1351 4511 1460 4574 Fontes

264 4647 322 4689 rer.
338 4624 583 4687 Germanicarum
597 4624 629 4694 2,
643 4623 719 4693 229,
733 4641 780 4684 wo
793 4621 908 4704 jedocb
925 4623 973 4685 fiir
992 4623 1099 4704 „regni
1117 4642 1156 4685 sc
1167 4622 1279 4686 ilicet
1294 4619 1459 4683 hereditate

264 4739 409 4820 paterna“
427 4730 514 4812 regni
532 4730 682 4812 Sycilie
699 4734 757 4791 etc.
775 4750 813 4792 zu
830 4729 915 4792 lesen
930 4728 980 4793 ist.
