3209 5392
657 753 696 814 lle
713 753 933 835 conpugucloue
948 753 1077 817 inlamle.

769 874 894 920 [distinctio
911 874 977 921 Kllll.

271 1032 275 1036 ·
366 1011 537 1075 Innocentio
559 1010 722 1074 conditoris
743 1017 913 1092 prestamus
936 1011 1129 1095 obsequium,
1152 1015 1177 1075 si
1200 1015 1302 1077 farore
1329 1018 1452 1099 propicio

277 1139 487 1184 succurramus
513 1120 654 1191 innoxiis,
682 1139 756 1203 quos
784 1119 822 1182 de
849 1119 989 1183 laudabili
1015 1122 1094 1184 lama
1121 1123 1264 1186 sollicitos
1287 1116 1375 1187 timor
1395 1125 1455 1188 elli-

278 1229 329 1300 cit,
345 1249 383 1291 ne
399 1228 519 1291 infamio
536 1227 668 1291 nubilum
681 1229 724 1290 eis
745 1229 843 1310 pariat
866 1229 1034 1310 malignitas
1052 1230 1225 1293 emulorum.
1249 1231 1287 1294 Et
1303 1232 1371 1314 quia
1386 1252 1455 1313 pena

277 1338 373 1401 teneri
387 1357 447 1400 non
463 1336 563 1409 debet,
580 1356 668 1420 quern
684 1336 772 1418 culpa
793 1356 853 1402 non
874 1338 974 1418 arguit
988 1337 1035 1400 rel
1052 1339 1242 1401 consciencia
1259 1340 1389 1403 criminis
1403 1361 1456 1403 non

278 1452 417 1518 accusat,
445 1445 535 1507 talem
562 1445 678 1508 scilicet
704 1446 740 1508 N.
764 1465 782 1507 a
804 1445 966 1509 delacionis
983 1446 1106 1508 crimine
1122 1446 1302 1520 absolutum,
1325 1449 1363 1511 ab
1385 1449 1457 1511 omni

278 1558 366 1639 culpa
382 1561 413 1619 et
428 1574 506 1638 pena
520 1555 642 1617 inlamie
657 1555 783 1619 liberum
798 1556 1045 1637 recognoscimus
1062 1561 1092 1618 ot
1107 1556 1267 1620 inmunem.

685 1775 725 1836 ue
741 1793 861 1856 procum
876 1774 1064 1838 admissione.

704 1877 708 1882 Δ
744 1895 870 1943 Distiuctio
882 1897 950 1943 Xlllll
961 1898 1001 1955 a).

367 2053 412 2115 Ex
428 2051 537 2115 affectu
554 2050 736 2115 admittendo
753 2055 823 2113 sunt
838 2070 946 2132 preces
962 2051 1145 2133 potencium,
1162 2072 1229 2117 cum
1243 2054 1288 2116 sic
1307 2054 1352 2116 eis
1368 2053 1463 2135 gracia

277 2163 389 2227 favoris
405 2162 587 2245 inpenditur,
604 2166 638 2224 ut
653 2160 749 2223 alieno
765 2159 823 2222 iuri
839 2159 918 2222 nulla
933 2180 1057 2241 prorsus
1073 2161 1179 2226 iniuria
1196 2162 1357 2244 irrogetur.

369 2273 448 2336 Item
464 2270 512 2356 b).
557 2269 631 2333 Cum
662 2289 680 2331 a
710 2267 796 2330 nobis
828 2267 940 2348 petitur
956 2331 963 2344 ,
977 2269 1057 2352 quod
1087 2271 1198 2333 iustum
1226 2278 1273 2335 est
1298 2274 1413 2355 pariter
1438 2278 1465 2336 et

279 2381 456 2451 honesturn,
484 2385 545 2442 tarn
567 2379 653 2461 vigor
669 2377 827 2461 equitatis,
856 2396 945 2459 quam
967 2378 1039 2439 ordo
1058 2380 1194 2460 suggerit
1210 2381 1360 2453 racionis,
1387 2387 1419 2455 ut
1438 2381 1466 2443 id
1573 2402 1574 2405 ¹

279 2509 335 2571 per
351 2487 581 2573 sollicitudinem¹
604 2485 695 2549 oflicii
718 2486 813 2548 nostri
836 2486 874 2547 ad
897 2467 1036 2549 effectum
1053 2494 1187 2568 optatum
1204 2494 1235 2551 et
1250 2489 1386 2553 debiturn
1401 2510 1467 2571 per·

282 2597 410 2662 ducatur
426 2597 473 2684 o).
1574 2683 1575 2686 Ἴ

372 2707 467 2771 Justis
480 2705 520 2794 d)
532 2705 704 2789 petencium
721 2704 877 2767 desideriis
895 2704 1017 2785 dignum
1031 2710 1077 2768 est
1089 2724 1267 2769 consensum
1285 2708 1406 2772 facilem
1421 2728 1469 2770 nos
1574 2697 1575 2736 l

282 2813 410 2897 prebere
427 2821 457 2879 et
472 2822 551 2888 vota,
568 2835 626 2898 que
643 2834 661 2877 a
675 2813 808 2876 racionis
824 2811 943 2875 tramite
960 2832 1019 2875 non
1035 2812 1219 2886 discordant,
1237 2813 1349 2880 effectu
1366 2837 1469 2880 conse·

284 2925 413 3009 quencie
430 2924 519 2987 facile
535 2922 707 3005 adimplere.

234 3045 238 3050 ’
318 3065 321 3076 ·
371 3036 460 3100 Item
494 3033 551 3114 Qui
573 3030 758 3094 secularibus
781 3029 941 3094 desideriis
964 3029 1121 3110 abnegatis
1143 3030 1181 3093 ad
1203 3031 1330 3096 celestia
1357 3053 1469 3116 prome-

284 3146 379 3211 renda
400 3145 555 3216 festinant,
571 3163 605 3204 se
623 3147 729 3225 sponte
753 3139 911 3202 subdendo
934 3138 1123 3221 regularibus
1147 3139 1332 3223 disciplinis,
1356 3141 1471 3205 suntin

284 3255 347 3321 suis
364 3254 521 3318 desideriis
533 3273 592 3316 non
604 3251 749 3314 immerito
762 3248 965 3332 promovendi,
979 3254 1126 3332 quatenus
1140 3248 1311 3314 inchoatum
1325 3251 1469 3315 salubrem

285 3384 405 3428 cursum
422 3383 457 3426 eo
474 3362 592 3425 lucilius
607 3361 726 3423 valeant
743 3377 932 3429 consumare,
955 3378 1014 3441 quo
1030 3358 1108 3420 viam
1124 3358 1183 3420 sibi
1199 3360 1386 3450 propositam
1403 3380 1470 3422 con·
1567 3385 1571 3410 r

285 3473 438 3556 spexerint
454 3471 622 3534 certiorem.
742 3473 748 3484 ’

164 3240 208 3278 ror.
218 3226 273 3272 alb·

668 3673 710 3735 lle
726 3672 855 3735 exordlls
871 3669 1101 3752 privilegiorum.

785 3793 911 3867 oretrneoo
922 3794 980 3838 xix.

380 3936 454 4000 Cum
475 3935 572 3998 labilis
593 3934 633 3996 sit
658 3930 802 3995 memoria
835 3930 987 3994 bominum
1020 3935 1050 3992 et
1083 3928 1147 3991 dies
1180 3929 1311 3992 crastina
1342 3928 1470 3993 omnibus

291 4052 331 4114 sit
356 4052 488 4118 incerta,
516 4044 628 4126 scripto
646 4041 847 4105 commendari
875 4060 1002 4104 necesse
1031 4044 1077 4102 est
1106 4058 1152 4110 ca,
1177 4017 1471 4121 quebacionabiliter

383 4248 417 4315 a)
430 4247 498 4300 bist.
511 4243 589 4298 XVlll
602 4242 670 4296 fehlt
682 4241 713 4302 V,
727 4242 827 4295 cbenso
841 4240 897 4292 lllll
911 4238 962 4292 und
978 4239 1021 4293 die
1035 4238 1178 4310 folgenden
1198 4237 1257 4292 sind
1277 4237 1426 4307 wegradirt
1438 4264 1470 4275 -

294 4340 327 4411 b)
353 4342 387 4393 ad
408 4338 475 4392 idem
500 4337 526 4389 Z.
546 4366 580 4374 —
597 4335 629 4402 c)
645 4321 716 4387 'Item
735 4334 772 4386 od
790 4332 868 4385 idern.
892 4330 958 4386 Cum
980 4330 1081 4399 regalis
1105 4334 1196 4383 nostra
1218 4329 1363 4384 clemencia
1386 4343 1471 4382 omncs

294 4430 405 4483 devotos
423 4424 526 4496 imperii
549 4425 583 4477 de
601 4425 658 4477 inre
674 4424 763 4476 innato
781 4420 908 4494 prosequi
927 4419 1024 4473 debeat
1043 4424 1070 4472 et
1087 4419 1113 4473 in
1131 4419 1186 4473 snis
1204 4420 1282 4473 iustis
1301 4417 1471 4491 peticionibus

295 4518 439 4576 liberaliter
453 4515 588 4575 exaudire,
603 4514 697 4568 merito
711 4519 797 4566 tamen
812 4521 839 4566 el
858 4511 987 4564 libencius
1006 4510 1038 4563 ad
1059 4512 1157 4564 maiora
1177 4509 1305 4564 beneficia
1325 4527 1369 4564 eos
1388 4504 1471 4561 extolli

295 4614 416 4667 volumus
430 4613 457 4661 et
476 4604 601 4660 constitui
613 4606 646 4659 ad
660 4606 794 4658 commoda
809 4608 836 4656 et
851 4604 982 4663 honores,
999 4603 1043 4673 qni
1056 4602 1155 4654 nostris
1168 4601 1382 4671 progenitoribus
1398 4606 1470 4666 atquc

297 4704 372 4759 nobis
386 4697 541 4754 multimoda
555 4687 645 4767 sepius
659 4695 789 4764 obsequia
802 4694 994 4764 impenderant.
1015 4725 1042 4732 —
1059 4692 1093 4761 d)
1107 4694 1171 4746 Item
1185 4691 1218 4744 ad
1231 4691 1299 4746 idem
1310 4694 1336 4745 Z.
