3209 5392
792 930 852 1001 13.

523 1106 688 1187 lmperatcr
712 1104 742 1167 ll.
767 1104 882 1167 civibus
907 1104 955 1166 vel
980 1064 1106 1167 clvltatl.

215 1262 266 1316 cre
279 1262 376 1317 naec
387 1260 457 1333 aaa
474 1262 548 1316 aaa
566 1260 647 1315 stac
663 1279 715 1329 aa,
739 1264 805 1315 aare
823 1279 854 1315 a
871 1259 900 1314 a
921 1259 1078 1330 senatorer
1101 1245 1188 1315 freae
1205 1260 1262 1315 mr
1284 1261 1333 1314 mcc
1352 1261 1410 1315 em

250 1352 336 1406 durch
345 1350 417 1405 aeine
430 1350 655 1423 altelreordtpea
667 1351 761 1405 Abncn
770 1348 916 1422 ceaddan
929 1349 1145 1406 Rittcrcclvwerte
1157 1357 1288 1421 urnpttrtet
1299 1347 1373 1403 bade.

302 1495 420 1548 Martone
434 1498 462 1547 et
482 1494 599 1560 Durand,
623 1492 689 1550 cort.
712 1494 740 1558 2,
762 1492 833 1548 1209
847 1495 892 1548 mit
912 1494 961 1549 der
979 1482 1149 1549 llbersclrrift
1171 1493 1307 1549 Corradus
1330 1509 1406 1547 com-

214 1583 341 1637 manituti.

307 1724 467 1788 Geminarc
489 1724 625 1788 videmur
644 1724 676 1790 in
697 1725 784 1788 nobis
807 1731 968 1807 augmenta
991 1726 1153 1808 congaudii
1174 1725 1364 1808 pulchrioris,
1382 1725 1409 1786 si

214 1831 339 1894 festivos
368 1838 399 1895 et
426 1833 564 1896 celebres
591 1834 746 1896 felicitatis
770 1838 873 1897 nostre
897 1854 1059 1897 successus
1076 1835 1115 1897 ad
1131 1840 1300 1897 nostrorum
1317 1832 1410 1896 corda

213 1938 344 2003 fidelium
360 1941 597 2004 transfundimus
614 1946 645 2005 et
660 1941 691 2003 in
706 1962 794 2005 aures
811 1947 929 2005 vestras
951 1943 1107 2024 precipue,
1131 1961 1205 2024 quas
1227 1946 1356 2005 attentas
1374 1960 1410 2002 ex

165 2131 168 2132 γ
212 2044 283 2109 fidei
312 2048 442 2128 puritate
474 2047 667 2121 confidimus,
703 2050 805 2111 leticie
837 2055 940 2112 nostre
972 2050 1103 2131 tripudia
1135 2048 1322 2120 derivamus,
1359 2048 1410 2110 illo

212 2155 422 2218 nichilominus
439 2157 551 2219 nostris
568 2156 726 2220 affectibus
747 2157 906 2220 inherente
929 2159 1095 2240 proposito,
1118 2155 1199 2240 quod
1222 2157 1280 2218 hec
1303 2161 1335 2219 et
1350 2139 1409 2235 alia

212 2262 311 2324 felicis
343 2264 462 2326 fortune
500 2270 603 2327 nostre
640 2264 775 2345 auspicia
814 2265 979 2327 delectaret
1015 2285 1070 2327 nos
1107 2263 1213 2346 pocius
1253 2263 1417 2327 vobiscum.

214 2368 444 2449 presencialiter
475 2390 567 2451 agere
605 2390 693 2453 quam
732 2370 907 2451 interpretis
940 2372 1088 2452 scripture
1111 2370 1152 2454 a)
1183 2370 1350 2432 ministerio
1373 2370 1412 2454 b)

218 2475 373 2546 nunciare,
390 2480 423 2538 ut
439 2481 470 2538 et
486 2496 541 2539 nos
557 2482 658 2539 vestra
674 2476 813 2540 vicinitas
838 2477 955 2539 diucius
977 2477 1117 2540 affectata
1139 2476 1280 2540 reficeret
1307 2482 1337 2539 et
1360 2496 1413 2538 vos

218 2590 321 2647 nostre
336 2584 517 2665 provisionis
533 2584 701 2647 indubitata
721 2585 881 2667 placiditas
902 2588 1066 2649 refoveret.
1101 2586 1164 2650 Sed
1184 2605 1239 2667 pro
1263 2578 1414 2648 constanti

214 2696 365 2763 tenentes,
389 2691 468 2773 quod
484 2690 515 2753 in
531 2690 628 2763 vobis,
647 2691 736 2754 velud
747 2693 778 2754 in
790 2693 899 2774 populo
911 2691 1118 2764 honorificato,
1131 2698 1214 2755 tanta
1227 2692 1266 2754 sit
1278 2693 1413 2754 radicata

213 2797 350 2869 devocio,
367 2802 400 2859 ut
415 2797 494 2878 apud
510 2817 564 2860 vos
582 2797 719 2861 celebres
737 2803 840 2861 nostre
858 2799 1030 2861 serenitatis
1048 2803 1173 2861 eventus
1190 2799 1294 2862 localis
1317 2799 1412 2862 inter-

212 2906 328 2987 capedo
352 2926 412 2968 nou
433 2905 547 2968 minuat
568 2925 625 2968 nec
648 2904 777 2969 labentis
793 2906 970 2991 ¹protractio
1000 2906 1144 2988 temporis
1167 2907 1344 2977 intercidat;
1374 2906 1413 2968 ad

214 3013 358 3076 noticiam
374 3013 579 3077 universitatis
602 3020 703 3076 vestre
725 3013 932 3095 producimus,
955 3013 1035 3096 quod
1056 3013 1129 3076 licet
1150 3034 1187 3075 ex
1208 3013 1413 3095 generositate

214 3120 389 3201 sauguinis,
417 3141 476 3203 qua
502 3140 557 3183 nos
580 3142 598 3183 a
618 3121 790 3202 primordiis
820 3126 924 3185 nostre
948 3121 1136 3184 condicionis
1160 3121 1279 3184 domina
1307 3125 1413 3184 natura

214 3228 329 3293 dotavit
344 3234 375 3291 et
391 3227 429 3308 c)
446 3249 482 3291 ex
499 3228 654 3310 dignitatis
671 3228 782 3299 officio,
805 3248 865 3311 qua
885 3248 1049 3310 regnorum
1072 3248 1108 3290 ac
1131 3249 1237 3310 regum
1259 3249 1314 3291 nos
1337 3230 1412 3292 solio

216 3337 319 3419 gracia
332 3337 432 3400 divina
441 3337 581 3417 prefecit,
597 3336 684 3399 nobis
697 3337 834 3400 militaris
847 3337 970 3400 honoris
979 3338 1020 3422 d)
1037 3338 1160 3419 fastigia
1179 3359 1239 3401 non
1252 3338 1412 3409 deessent;

215 3445 284 3528 quia
296 3450 397 3507 tamen
408 3443 518 3506 milicie
531 3444 696 3525 cingulum,
709 3444 789 3526 quod
801 3445 968 3507 reverenda
979 3444 1231 3525 predecessorum
1244 3449 1413 3507 nostrorum

216 3552 314 3615 sanxit
329 3551 504 3633 antiquitas,
519 3551 667 3618 serenitas
690 3557 794 3614 nostra
811 3572 870 3614 non
886 3557 1081 3632 susceperat,
1107 3552 1156 3614 die
1179 3552 1232 3615 tali
1250 3552 1412 3632 solempni-

217 3666 280 3722 tate
302 3658 443 3739 tyrocinii
466 3657 545 3721 latus
568 3663 703 3720 nostrum
726 3658 864 3739 eligimus
882 3656 1103 3726 decorandum,
1130 3663 1163 3721 ut
1185 3678 1221 3719 ex
1242 3659 1300 3720 hoc
1324 3657 1412 3721 etatis

217 3772 320 3830 nostre
349 3785 498 3846 generosa
525 3765 671 3828 floriditas
700 3766 786 3846 signa
822 3765 942 3827 maioris
975 3765 1162 3828 strenuitatis
1193 3766 1351 3828 induceret
1383 3772 1413 3829 et

219 3873 396 3955 originalem
408 3871 572 3936 nobilitatis
580 3870 836 3953 magnificenciam
844 3874 1003 3935 renovaret
1010 3890 1085 3934 nove
1093 3873 1202 3936 milicie
1211 3873 1356 3937 claritudo
1365 3873 1411 3955 e).

311 4067 345 4137 a)
370 4067 464 4137 script.
489 4083 531 4120 am
555 4067 655 4122 Rande.
684 4098 712 4108 -
735 4066 767 4136 b)
793 4069 920 4139 mysterio
952 4069 1078 4123 Martene.
1105 4099 1139 4108 —
1163 4068 1195 4137 c)
1223 4069 1288 4122 tavit
1317 4073 1345 4121 et
1369 4067 1415 4120 auf

220 4160 315 4214 Rasur.
335 4190 369 4199 -
388 4161 423 4227 d)
442 4159 551 4214 honoris
577 4176 618 4213 am
644 4160 742 4213 Raude.
773 4188 801 4198 —
828 4160 860 4227 e)
880 4158 926 4213 Boi
947 4161 1065 4214 Marione
1089 4159 1159 4229 folgt
1183 4162 1253 4213 noch
1273 4159 1314 4212 ein
1334 4160 1413 4213 Salar

225 4266 255 4302 er
274 4250 312 4302 sei
333 4265 365 4301 ao
386 4248 541 4302 demselbcn
560 4249 636 4319 Tege
655 4250 725 4302 uocb
750 4248 800 4301 in’s
820 4246 887 4301 Feld
913 4250 1026 4318 gernere
1051 4266 1122 4318 „quo
1142 4248 1227 4303 eciam
1248 4278 1277 4289 —
1300 4249 1414 4302 feliciter

221 4337 423 4410 procedamus“.
