3209 5392
301 569 373 643 lac

292 754 397 814 sancte
412 749 571 833 negocium
587 750 714 842 gratiam
730 743 885 833 largietur,
902 750 943 814 ita
956 750 1037 833 quod
1054 750 1109 814 sub
1127 750 1192 813 eins
1215 751 1346 815 studioso
1363 751 1459 817 ducatu

294 863 389 922 status
418 859 548 942 ecclesie
576 859 663 923 nobis
690 879 726 922 ac
754 860 864 923 mundo
886 858 1032 942 pacificus
1055 858 1213 942 proveniet
1236 861 1462 944 ottranquillus.

293 966 366 1030 Cum
382 968 474 1050 igitur
490 968 565 1032 odor
580 970 696 1051 piorum
725 987 850 1050 operum
876 967 965 1031 huius
993 966 1045 1030 filii
1068 967 1163 1031 nostri
1179 965 1328 1032 karissimi
1343 970 1382 1055 a)
1398 970 1465 1034 sicut

292 1076 367 1142 odor
382 1078 447 1161 agri
463 1077 555 1161 pleni,
571 1078 620 1141 cui
636 1076 789 1144 benedixit
803 1077 959 1151 Dominus,
983 1077 1112 1162 quadam
1135 1077 1306 1142 delectabili
1323 1081 1463 1143 suauitate

293 1169 334 1251 ita
345 1188 525 1273 t)nostrum
542 1188 676 1252 allexerit
688 1194 719 1253 et
731 1188 843 1252 alliciat
858 1188 988 1252 animum
1003 1187 1042 1252 ad
1059 1187 1168 1261 omnia,
1185 1208 1243 1271 que
1259 1189 1352 1273 ipsius
1369 1190 1467 1253 exalta·
1579 1239 1581 1286 ἐ

291 1300 408 1363 cionem
421 1299 574 1381 respicere
587 1298 800 1370 dinoscuntur,
816 1299 941 1383 eiusque
953 1318 1125 1382 personam,
1138 1317 1226 1383 qnam
1238 1299 1341 1364 intima
1354 1300 1465 1363 sinceri-

287 1413 349 1473 tate
371 1408 586 1492 complectimur
613 1413 644 1471 et
659 1407 689 1470 in
712 1407 797 1471 cuius
819 1406 1006 1490 profectibus
1023 1405 1196 1490 specialiter
1218 1407 1414 1481 delectamur,
1438 1417 1465 1471 ut

289 1518 327 1581 ad
343 1517 528 1583 subeundam
535 1516 781 1599 tantedignitatis
794 1516 1148 1601 preminenciamccteris
1164 1517 1266 1580 mundi
1283 1517 1467 1602 principibus,

290 1627 327 1689 ad
361 1627 420 1691 hoc
435 1628 506 1692 licet
528 1626 671 1711 ydoneis,
703 1607 769 1690 enm
800 1625 920 1710 penitus
952 1626 1157 1710 proferamus,
1188 1646 1224 1690 ac
1252 1633 1356 1691 nostra
1376 1628 1405 1690 in
1418 1627 1467 1691 hoc

289 1736 424 1800 voluntas
452 1736 535 1802 firma
564 1742 595 1800 et
621 1743 702 1809 rata,
730 1740 925 1819 nostrumque
948 1740 1048 1798 voturn
1064 1733 1215 1798 immobile
1230 1742 1407 1818 perseveret
1420 1757 1467 1808 -3
1580 1819 1581 1826 ἵ

289 1866 356 1911 cum
372 1845 461 1911 etiam
477 1853 509 1911 tu
526 1866 579 1909 sue
595 1844 798 1927 promotionis
815 1843 989 1929 principalis
1005 1844 1089 1909 basis
1106 1850 1136 1908 ct
1153 1845 1311 1928 columpna
1329 1846 1467 1910 exstiteris

288 1957 516 2041 singularis‚.ita
533 1957 612 2041 quod
630 1956 716 2041 quasi
732 1961 827 2021 totum
845 1953 979 2019 eiusdem
1001 1954 1118 2038 imperii
1141 1956 1302 2037 negocium
1324 1957 1468 2041 ipsiusque

289 2069 406 2152 pondus
430 2068 554 2151 negocii
588 2066 807 2149 assumpseris:
843 2086 935 2150 snper
960 2064 1018 2128 hoc
1046 2064 1102 2128 tibi
1129 2063 1294 2146 gratiarum
1321 2067 1469 2130 referimus

289 2178 446 2251 acciones,
471 2177 690 2243 fraternitatem
706 2180 786 2239 tuam
809 2174 847 2237 de
864 2175 988 2238 fratrum
1011 2180 1178 2239 nostrorum
1195 2175 1322 2242 consilio
1339 2183 1471 2259 rogantes

287 2295 377 2370 atque
393 2307 448 2370 per
464 2287 630 2369 apostolica
647 2284 760 2368 scripta
781 2282 975 2355 mandantes,
1005 2289 1169 2368 quatenus,
1193 2284 1310 2350 babens
1327 2286 1358 2350 in
1374 2287 1470 2351 huius·

285 2395 365 2474 modi
381 2397 507 2478 negocio
524 2395 562 2458 ad
578 2394 673 2457 Deum
690 2398 720 2457 ct
736 2393 774 2456 ad
792 2391 964 2478 ecclesiam,
981 2412 1123 2475 sponsam
1140 2414 1236 2467 suam,
1253 2395 1335 2459 etad
1349 2395 1470 2480 nos,qni

286 2504 420 2569 eiusdem
432 2499 580 2568 karissimi
593 2503 644 2568 filii
657 2504 750 2568 nostri
763 2504 987 2587 promocionem
999 2503 1470 2579 totisdesideriisatfectamus,ex

284 2615 385 2680 innata
396 2614 531 2679 bonitate
543 2615 593 2703 c),
606 2615 636 2677 in
649 2612 791 2678 fidelitate
803 2635 840 2678 ac
855 2615 1020 2679 devocione
1032 2613 1139 2698 ipsius,
1152 2654 1196 2663 -
1210 2634 1299 2700 quem
1311 2623 1344 2680 tu
1358 2618 1395 2681 ad
1407 2638 1470 2700 prc-
1580 2597 1581 2612 ,

282 2725 344 2789 fate
362 2725 517 2807 dignitatis
535 2725 665 2807 elegisse
683 2724 800 2787 culmen
818 2730 848 2788 et
862 2724 993 2809 propriis
1010 2724 1146 2788 nosceris
1159 2724 1296 2788 manibus
1311 2727 1467 2797 inunxisse,

283 2834 598 2917 proutadtepertinct,
618 2872 662 2883 —
678 2834 843 2916 persistere
851 2834 1059 2910 nondesistas,
1076 2854 1163 2899 omne
1180 2834 1467 2921 quodcunqnepotes

283 2943 381 3007 cidern
398 2964 453 3028 per
470 2926 516 3016 te,
536 2943 793 3026 consanguineos,
812 2945 949 3009 subditos
969 2950 999 3008 et
1017 2945 1059 3031 d)
1078 2944 1191 3009 amicos
1210 2950 1278 3009 tuos
1298 2931 1400 3011 —ad
1417 2946 1467 3008 hoc

197 3117 199 3123 ,
282 3061 313 3119 ut
329 3055 367 3140 e)
384 3054 495 3118 dictum
519 3053 699 3137 negocium,
731 3055 829 3137 gratia
857 3054 915 3118 sibi
941 3059 1123 3138 cooperante
1147 3054 1263 3129 divina,
1285 3055 1469 3120 laudabiliter

280 3168 439 3252 prosequi,
469 3149 556 3250 eique
585 3172 685 3249 optato
713 3163 772 3228 fine
794 3166 834 3229 ad
860 3165 978 3230 laudem
1002 3172 1032 3229 ct
1059 3165 1185 3248 gloriam
1212 3166 1306 3230 divini
1335 3167 1467 3238 nominis,

279 3263 424 3342 bonorem
440 3276 570 3340 ecclesie
588 3282 619 3339 et
634 3281 827 3357 angmentum
843 3274 913 3339 fidei
930 3275 1100 3340 Christiane
1116 3276 1298 3341 concludere
1315 3279 1413 3342 valeat
1424 3316 1463 3326 -
1541 3315 1544 3322 ·

278 3388 444 3472 inpendens
461 3386 627 3458 consilium,
644 3384 783 3449 auxilium
800 3390 831 3449 ct
846 3386 990 3460 favorem,
1007 3386 1154 3459 sciturus,
1171 3386 1250 3469 quod
1267 3410 1303 3450 cx
1320 3389 1379 3453 hoc
1395 3388 1465 3459 Deo,

279 3506 312 3564 ut
324 3499 485 3570 credimus,
503 3502 533 3560 et
549 3496 635 3560 nobis
653 3496 900 3589 quamplurimum
916 3497 1130 3580 complacebis‚
1146 3517 1263 3583 nosque
1280 3498 1415 3564 invenies
1431 3499 1465 3562 ad

280 3609 378 3673 omnia
394 3614 444 3673 tua
461 3612 492 3670 et
506 3612 624 3671 tuorum
641 3607 797 3670 commoda
813 3605 978 3690 proniores.

369 3755 403 3823 o)
418 3755 477 3810 lrar.
493 3771 534 3807 arn
553 3751 646 3808 Raude
665 3750 693 3805 V.
717 3782 744 3791 -
767 3753 799 3822 d)
819 3753 869 3806 iam
890 3752 919 3805 V.
940 3781 973 3791 -
991 3757 1024 3821 c)
1043 3756 1197 3822 respectum
1216 3770 1248 3806 nn
1272 3762 1411 3823 erganzen.
1431 3784 1461 3792 -

279 3848 314 3914 d)
329 3845 450 3900 subditos
464 3847 491 3899 et
504 3844 533 3898 V.
551 3860 592 3898 arn
604 3842 705 3898 Raude.
726 3873 752 3882 -
770 3847 802 3911 e)
817 3846 846 3896 ut
858 3841 1061 3913 ausgcstricben
1075 3842 1104 3896 V.

369 3952 526 4023 vorgleiohe
552 3951 617 4007 coa.
642 3952 722 4006 wnn
747 3953 778 4005 a.
805 3951 832 4014 r;
859 3952 935 4005 reru
960 3923 1036 4004 affl.
1063 3950 1088 4014 a,
1114 3949 1176 4005 saa.
1202 3985 1232 3995 -
1263 3956 1313 4009 nm
1338 3954 1463 4025 conpar

280 4043 351 4098 1259
376 4044 522 4098 berichtctc
552 4044 700 4097 Alexander
726 4042 765 4095 lll.
792 4042 852 4095 dem
876 4041 979 4109 Konige
1009 4040 1122 4097 Richard
1153 4045 1231 4097 uuter
1260 4047 1406 4110 Auderem,
1437 4062 1462 4098 er

279 4142 354 4207 trage
385 4136 436 4190 den
462 4134 621 4206 geistlicben
653 4134 705 4187 und
736 4132 886 4187 weltlicben
915 4133 1027 4186 Fnrstcn
1052 4133 1246 4190 Deutscblands
1273 4136 1356 4192 durch
1380 4137 1460 4191 Bn'cfe

279 4227 332 4282 und
363 4228 445 4284 durch
484 4229 535 4282 den
571 4244 604 4280 an
642 4228 692 4281 den
732 4227 819 4295 Kdnfg
852 4226 1033 4293 abgesandten
1069 4228 1234 4298 papstlicbon
1266 4228 1460 4285 Poniteuliarius

279 4320 381 4375 Walter
398 4322 457 4375 auf:
481 4327 511 4374 ut
526 4320 685 4374 adherentes
698 4319 745 4371 tibi
759 4319 912 4373 constanter
936 4318 960 4371 in
984 4322 1030 4374 tna
1046 4319 1175 4373 fidelitate
1198 4338 1231 4375 ac
1248 4321 1387 4376 devotione
1402 4338 1459 4391 per-

278 4417 399 4467 maneant
411 4413 438 4464 et
449 4413 580 4481 prebeant
592 4427 678 4470 omne,
691 4412 870 4481 quodcunque
879 4412 1223 4482 possunt,perse,cudditoa
1231 4413 1459 4484 etconaanguioeos

280 4518 306 4558 et
319 4502 415 4558 amicos
428 4503 564 4557 concilium
577 4501 708 4556 aemilium
722 4514 747 4555 et
761 4502 885 4573 favorem
906 4501 996 4571 (siche
1015 4504 1082 4556 oben
1102 4521 1144 4556 no.
1161 4502 1202 4574 9).
1218 4503 1296 4557 Dicse
1309 4502 1457 4557 Ansdrriclre

280 4592 381 4646 lrehren
406 4594 431 4646 in
450 4608 572 4646 anserem
595 4590 683 4645 Briafe
706 4591 823 4654 wieder3
856 4590 902 4643 wir
927 4592 1010 4646 baben
1034 4591 1093 4645 also
1117 4594 1190 4645 eines
1216 4592 1264 4645 der
1288 4610 1344 4646 vom
1368 4593 1457 4661 Papstc

279 4684 467 4739 bezeichneten
481 4682 628 4738 Schreiben
649 4699 695 4736 vor
708 4699 757 4736 uns
769 4682 823 4734 und
837 4699 919 4744 zuar,
949 4683 1015 4736 nach
1038 4682 1087 4737 der
1100 4684 1125 4736 in
1145 4701 1268 4738 unsercm
1282 4682 1345 4737 Cod.
1360 4682 1456 4737 entlral·
