3209 5392
1317 509 1393 581 223

200 686 304 743 nostre
321 680 419 761 sigillo
436 676 683 748 transmittimus,
712 696 786 759 quas
802 696 858 758 per
874 677 1025 761 quoslibet
1040 678 1145 742 fideles
1161 685 1281 743 nostros
1298 680 1399 743 invio-

198 785 328 850 labiliter
340 786 530 849 decernimus
545 781 760 856 observandas,
773 784 931 847 devocioni
943 790 1043 847 vestre
1056 784 1180 848 firmiter
1192 785 1396 867 iniungentes,

199 898 345 976 quatenus
374 893 455 976 ipsas
483 912 539 974 per
565 912 619 954 vos
648 891 821 974 specialiter
849 890 1023 955 execucioni
1052 892 1153 955 debite
1176 893 1396 975 mancipantes,

199 1005 376 1063 statutorum
403 1005 571 1063 vestrorum
594 1018 718 1062 numero
741 997 782 1084 a)
805 996 970 1060 liberaliter
991 1002 1021 1062 et
1042 998 1186 1080 hylariter
1208 1000 1395 1081 aggregetis,

197 1106 280 1190 ipsas
309 1128 376 1171 cum
394 1110 514 1172 statutis
532 1107 658 1179 eisdem,
672 1111 706 1168 ut
729 1106 808 1169 nulla
836 1105 876 1169 sit
898 1105 930 1168 in
952 1105 1133 1169 executione
1161 1072 1339 1179 diversitas,
1366 1097 1398 1169 in

196 1234 288 1276 unum
311 1235 422 1297 corpus
449 1215 548 1296 redigi
569 1215 735 1285 facientes,
764 1232 839 1296 quas
869 1211 959 1276 etiam
982 1209 1117 1294 potestas
1146 1213 1278 1278 civitatis
1294 1219 1396 1277 vestre

196 1324 316 1386 futurus
344 1343 399 1405 pro
427 1330 561 1404 tempore
589 1323 670 1385 inter
695 1321 753 1384 alia
779 1325 881 1384 vestra
897 1321 936 1405 t)
961 1324 1072 1383 statuta
1101 1341 1134 1382 se
1163 1322 1242 1385 iuret
1268 1321 1394 1385 firmiter

198 1434 384 1493 servaturum
401 1429 459 1513 β),
483 1433 516 1492 ut
531 1428 663 1509 benigna
679 1432 784 1491 nostre
801 1427 899 1508 gratie
915 1427 1064 1509 provisio,
1090 1447 1178 1509 quam
1195 1427 1250 1490 sub
1266 1429 1396 1490 bumane

198 1538 328 1622 quodam
355 1536 523 1601 dilectionis
547 1536 693 1618 applausu
721 1541 752 1598 et
778 1535 914 1616 amplexu
942 1536 1213 1597 cesareesortune
1240 1536 1396 1617 fastigium

198 1646 362 1707 clementer
378 1644 578 1725 amplectitur,
604 1648 634 1705 et
650 1642 837 1706 subditorum
854 1643 989 1705 comodis
1004 1642 1152 1704 libencius
1170 1643 1396 1715 condescendit,

199 1759 284 1817 tanto
305 1752 453 1814 libencius
478 1756 509 1813 et
531 1749 684 1813 liberalius
707 1749 745 1812 ad
768 1749 871 1812 fideles
895 1756 1015 1813 nostros
1043 1750 1233 1831 regnicolas,
1259 1750 1396 1815 laborum

198 1866 368 1925 nostrorum
383 1858 547 1942 participes
559 1858 731 1922 indefessos
746 1878 779 1919 se
792 1858 920 1920 naturali
934 1858 1062 1941 quadam
1075 1858 1259 1922 necessitate
1272 1864 1399 1940 cogatur

199 1968 379 2038 extendere,
406 1972 517 2050 quanto
543 1971 574 2029 et
596 1966 627 2028 in
649 1965 847 2047 regnancium
869 1965 1057 2047 protectione
1073 1966 1234 2047 precipuos
1252 1967 1329 2030 etin
1346 1986 1398 2028 ex-

197 2074 350 2138 hibicione
367 2074 581 2157 obsequiorum
598 2073 674 2135 diris
691 2072 960 2155 predecessoribus
985 2074 1094 2135 nostris
1112 2077 1144 2134 et
1159 2071 1246 2135 nobis
1263 2073 1398 2137 exhibuit

200 2190 230 2247 et
243 2181 382 2265 probarit
397 2181 527 2244 varietas
543 2186 713 2262 temporum
729 2179 885 2243 firmiores.

290 2381 480 2448 Erginaungen
493 2394 541 2431 aue
550 2377 724 2432 uuila-Brea
738 2377 782 2439 Vl,
795 2374 940 2431 357-359
949 2375 1101 2432 Friderieus
1111 2379 1168 2452 etc.
1181 2378 1319 2446 potestati,
1332 2394 1398 2433 con-

204 2470 264 2525 silio
284 2476 311 2523 et
329 2469 458 2523 communi
479 2505 487 2520 .
515 2506 523 2521 .
552 2506 559 2522 .
580 2473 632 2520 etc.
653 2466 686 2537 α)
706 2467 741 2520 Er
754 2467 822 2521 habe
836 2468 863 2521 in
877 2470 971 2521 Parma
984 2469 1031 2522 mit
1043 2461 1134 2522 diesen
1146 2467 1334 2538 Abgesandten
1348 2470 1398 2523 der

202 2559 300 2615 Stadte
322 2557 493 2620 verbanden,
516 2557 640 2610 schreibc
663 2558 742 2610 ibnen
766 2559 830 2611 aber
853 2557 976 2611 dennoeh
999 2559 1092 2612 diesen
1106 2557 1195 2612 Briei:
1218 2576 1277 2612 cum
1300 2558 1397 2628 quibus

202 2650 298 2703 Parme
311 2673 346 2688 ⁶-
361 2647 536 2700 describimus
554 2648 635 2717 quod,
656 2653 685 2700 nt
703 2641 850 2701 maiestatis
868 2653 920 2700 etc.
934 2678 969 2687 -
981 2646 1016 2719 β)
1031 2650 1078 2702 Die
1096 2648 1242 2719 folgenden
1255 2649 1393 2717 allgemei-

200 2756 252 2793 nen
273 2738 455 2792 Redensarten
484 2736 594 2799 sehlen,
617 2737 695 2789 daffir
721 2736 850 2804 tergendo
879 2736 1004 2806 wicbtige
1034 2738 1239 2793 Schlusssttze:
1269 2738 1396 2793 Volumus

201 2831 281 2883 etiam
299 2833 327 2880 et
344 2827 507 2887 mandamus,
527 2832 557 2879 nt
575 2824 637 2879 fidei
658 2829 747 2879 vestre
767 2827 950 2880 constanciam
969 2828 1042 2882 circa
1062 2831 1153 2881 nostra
1172 2829 1295 2892 servitia,
1317 2832 1400 2898 prout

202 2919 333 2987 temporis
355 2918 471 2988 qualitas
490 2915 574 2984 erigit
592 2921 620 2968 et
641 2915 786 2985 imperialis
810 2918 934 2986 exposcit
955 2920 1114 2980 auctoritas,
1137 2918 1298 2981 excitantes,
1322 2919 1396 2973 circa

200 3010 349 3062 renovanda
363 3006 499 3060 fidelitatis
513 3006 604 3059 debite
624 3010 793 3060 sacramenta
807 3007 883 3058 nobis
896 3012 923 3060 et
937 3006 1075 3060 carissimo
1088 3007 1141 3060 filio
1156 3010 1248 3062 nostro
1263 3006 1396 3072 Conrado,

201 3099 245 3154 cui
259 3099 324 3151 iuris
345 3098 418 3167 rigor
436 3095 541 3167 imperii
555 3096 661 3149 Romani
674 3095 810 3166 fastigium
823 3112 872 3164 per
885 3097 1018 3163 legitimos
1030 3097 1149 3151 tramites
1163 3103 1273 3167 paterne
1286 3114 1398 3151 succes·

200 3188 282 3243 sionis
296 3188 413 3241 attribuit
426 3192 455 3241 et
476 3186 708 3239 universorum
734 3186 866 3255 imperii
889 3188 1081 3255 principum
1100 3187 1138 3240 ad
1155 3203 1239 3257 quos
1259 3176 1399 3257 imperii

200 3279 243 3333 de
262 3280 334 3332 iure
353 3279 489 3347 spectat
508 3276 650 3340 electio,
673 3275 835 3346 singulorum
849 3277 1018 3329 concorditer
1030 3277 1128 3330 munita
1142 3277 1301 3345 signaculis,
1314 3281 1396 3348 prout
1505 3314 1508 3318 .

201 3367 368 3424 inconcione
383 3370 473 3420 nostra
488 3367 592 3434 publice
612 3365 831 3419 ambasiatoribus
851 3368 945 3419 vestris
960 3368 1131 3437 presentibus
1144 3367 1198 3438 legi
1213 3366 1399 3428 mandavimus,

202 3458 364 3512 munimenta
386 3446 492 3526 publica
514 3457 643 3509 roborant
665 3454 829 3525 dignitatern.
861 3455 907 3509 Sic
921 3473 973 3522 vos
992 3457 1073 3526 igitur
1096 3461 1181 3511 mater
1202 3458 1260 3528 ipsa
1283 3455 1400 3512 fidelitas

203 3553 344 3619 promptos
363 3550 390 3599 et
407 3550 518 3617 paratos
532 3545 666 3608 ostendat,
684 3545 753 3598 utin
774 3545 940 3599 celsitudinis
959 3556 1051 3600 nostre
1064 3548 1197 3617 presentia
1217 3561 1269 3615 que
1281 3545 1398 3600 fidelium

205 3636 373 3706 gratificatur
386 3636 549 3707 aspectibus,
562 3635 648 3704 ipsius
666 3636 756 3705 operis
775 3633 895 3688 efficacia
911 3651 958 3687 voa
977 3638 1199 3690 commendabiles
1218 3640 1397 3704 representet.

204 3729 293 3798 Super
307 3726 403 3796 quibus
417 3724 545 3796 quicquid
559 3726 695 3779 lebannes
709 3724 743 3778 de
756 3725 883 3783 Materia,
905 3724 1064 3795 capitaneus
1083 3731 1189 3787 vester,
1210 3724 1283 3777 vobis
1302 3723 1400 3779 dixerit

204 3820 231 3871 et
245 3815 414 3885 mandaverit,
427 3815 545 3869 credatis
559 3814 667 3868 firmiter
681 3818 709 3868 et
721 3814 868 3868 efficaciter
881 3814 1025 3883 impleatis.

293 3996 326 4062 a)
341 4010 448 4047 numero
463 4012 504 4047 am
518 3994 606 4048 Raude
620 3995 648 4047 V.
668 4023 695 4035 —-
714 3994 744 4063 b)
759 3999 846 4046 restra
861 4011 902 4045 am
916 3993 1006 4045 Raude
1021 3994 1050 4046 V.
