3209 5392
272 502 319 577 la

365 678 438 745 Viso
456 677 604 763 quomodo
622 679 718 743 omnis
735 679 835 744 clerus
852 685 933 745 extra
950 697 1059 763 papam
1074 685 1177 746 mutuo
1194 700 1228 742 se
1245 678 1371 751 salutat,
1394 694 1476 743 nunc

268 789 428 853 ridendum
444 794 502 860 est,
519 788 667 871 quomodo
684 789 764 852 idern
780 789 821 876 a)
839 789 938 854 clerus
961 790 1115 873 principes
1137 790 1291 853 seculares
1315 795 1399 853 extra
1416 788 1474 851 im·

268 904 449 980 peratorem,
467 897 504 960 de
521 916 579 981 quo
597 898 672 962 satis
690 898 803 961 dictum
821 905 876 962 est

358 1008 500 1072 Minores
528 1006 561 1072 in
589 1009 674 1072 clero
696 1011 860 1073 securiores
876 1009 1049 1096 principes
1070 1007 1115 1069 sic
1138 1008 1284 1071 salutant:
1308 1004 1473 1089 Magnilico

267 1115 397 1198 principi
413 1121 443 1178 et
458 1114 567 1179 illustri
584 1116 620 1179 0.
637 1115 703 1197 regi
725 1116 886 1188 Bobernie,
913 1117 960 1179 vel
987 1115 1090 1180 inclito
1113 1115 1183 1179 duci
1204 1115 1402 1188 cestriensi
1418 1114 1473 1178 tali

261 1224 431 1289 marchioni
463 1223 628 1306 Gregorius
660 1244 765 1288 servus
796 1225 872 1288 lesu
904 1222 1017 1288 Christi
1048 1244 1104 1306 per
1133 1224 1191 1287 Dei
1230 1224 1359 1307 gratiam
1401 1223 1471 1286 talis

266 1332 438 1416 patriarcba
454 1333 500 1396 vel
516 1332 585 1397 talis
602 1333 763 1397 cardinalis
780 1334 907 1396 salntem
930 1339 961 1396 et
983 1352 1052 1397 cum
1074 1330 1261 1399 orationibus
1278 1340 1416 1422 paratam
1433 1334 1472 1396 ad

266 1462 386 1526 queque
398 1442 589 1524 beneplacita
607 1443 798 1507 voluntatem.

356 1553 417 1616 lsta
440 1551 497 1614 erit
519 1552 658 1615 salutatio
681 1551 825 1614 maiorum
847 1551 879 1614 in
901 1552 982 1613 clero
1005 1557 1088 1614 extra
1110 1570 1219 1635 papam
1247 1551 1286 1616 ad
1312 1552 1470 1636 principes

266 1661 429 1727 seculares.

358 1770 519 1848 Quomodo
535 1769 676 1849 maiores
688 1771 722 1835 io
739 1773 825 1836 clero
839 1770 998 1833 interiores
1012 1769 1128 1833 nobiles
1142 1770 1288 1836 salutant:
1305 1771 1469 1835 Inferiores

263 1878 429 1961 principes,
453 1886 486 1943 ut
502 1886 572 1942 sunt
594 1879 735 1952 comites,
762 1879 849 1943 liberi
870 1879 1017 1952 barones,
1033 1881 1163 1943 maiores
1185 1881 1217 1943 in
1239 1880 1320 1943 clero
1337 1876 1469 1944 salutant

262 1987 456 2070 preponendo
502 2007 554 2050 eos
594 1988 623 2050 in
664 1988 895 2052 salutationibus
934 1995 965 2053 et
1003 1988 1107 2052 dicunt
1146 1989 1191 2051 eis
1230 1989 1358 2054 salutem
1399 2007 1468 2053 curn

261 2088 447 2179 plenitudine
476 2097 571 2159 omnis
603 2096 674 2159 boni
709 2103 738 2161 et
765 2097 824 2160 hoc
852 2116 926 2161 sane
953 2098 979 2159 si
1007 2116 1066 2187 non
1088 2096 1216 2162 subsunt
1237 2097 1329 2161 iidem
1350 2097 1469 2163 nobiles

262 2205 360 2268 eidem
382 2205 413 2268 in
431 2205 527 2278 clero,
550 2207 575 2268 si
597 2212 699 2269 autem
721 2206 850 2270 subsunt
872 2207 910 2278 ei,
927 2212 999 2270 tunc
1016 2205 1097 2269 idem
1114 2206 1213 2271 clerus
1230 2226 1264 2270 se
1280 2208 1424 2291 proponit
1439 2209 1469 2270 in

261 2315 456 2386 salutatione,
480 2315 584 2378 dicens
608 2334 660 2377 eos
682 2314 787 2378 fideles
811 2315 937 2380 dilectos
961 2336 1033 2401 suos
1056 2315 1191 2397 gratiam
1207 2336 1292 2380 suam
1321 2323 1352 2380 et
1381 2336 1469 2381 omne

260 2422 383 2496 bonum,
401 2424 534 2506 exceptis
551 2423 743 2505 patriarchis,
761 2423 975 2496 cardinalibus,
992 2426 1158 2507 apostolice
1175 2425 1257 2488 sedis
1278 2417 1401 2507 legatis,
1419 2425 1470 2508 qui

214 2582 218 2590 .
263 2552 384 2615 semper
409 2540 580 2615 proponunt
609 2552 642 2593 se
669 2532 816 2614 predictis
845 2531 995 2597 nobilibus
1024 2539 1055 2597 et
1083 2534 1189 2598 dicunt
1216 2535 1261 2598 eis
1289 2535 1419 2599 salutem
1439 2535 1469 2598 in

264 2641 384 2705 domino
400 2641 475 2705 iesu
492 2640 611 2705 Christo
629 2641 675 2704 vel
693 2640 821 2705 salutem
843 2643 873 2704 in
896 2643 975 2706 omni
992 2643 1125 2707 salutari.
1159 2644 1202 2707 lta
1219 2643 1246 2705 si
1263 2663 1322 2707 non
1339 2642 1470 2707 subsunt

262 2751 316 2814 eis.
334 2789 378 2800 -
395 2751 429 2814 Si
445 2756 546 2814 autern
569 2750 698 2814 subsunt
720 2748 825 2814 ditioni
848 2771 967 2824 eorum,
997 2751 1135 2816 scribunt
1156 2753 1217 2826 eis,
1248 2759 1282 2817 ut
1297 2752 1468 2835 predictum
1489 2776 1491 2780 ’

262 2867 320 2932 est,
337 2860 464 2942 gratiam
482 2879 566 2922 suam
584 2866 614 2922 et
629 2879 716 2922 omne
732 2859 855 2931 bonurn,
872 2860 918 2923 vel
936 2860 1089 2924 obtentum
1106 2861 1204 2943 gratie
1223 2867 1253 2925 et
1268 2861 1391 2925 favoris.

353 2970 509 3048 Quomodo
539 2969 656 3034 milites
686 2970 848 3056 simplices
878 2977 910 3034 et
937 2971 1070 3035 clientes
1096 2973 1248 3045 salutent,
1289 2970 1402 3034 Milites
1431 2976 1460 3033 et

261 3079 386 3141 clientes
415 3084 446 3141 et
473 3078 546 3140 alios
573 3078 676 3160 laycos
700 3084 730 3142 et
746 3077 915 3160 burgenses
939 3079 1095 3162 usquead
1118 3079 1332 3161 servosglebe
1356 3080 1466 3143 salutat

261 3187 416 3273 predictus
448 3187 547 3250 clerus
579 3185 739 3250 scribendo
773 3188 817 3249 eis
849 3187 1026 3269 simpliciter
1057 3188 1185 3268 gratiam
1213 3195 1351 3253 suamet
1380 3208 1466 3250 omne

259 3293 371 3358 bonum
399 3301 430 3359 et
457 3296 613 3359 salutando
642 3296 807 3379 quemlibet
822 3297 989 3360 secundum
1017 3291 1220 3361 conditionem
1248 3317 1350 3370 suam,
1377 3301 1467 3380 prout

264 3405 369 3489 sagaci
385 3405 525 3469 dictatori
541 3405 630 3468 facile
647 3412 752 3488 patere
768 3411 879 3488 potest.

353 3514 425 3578 Viso
453 3514 601 3597 quomodo
630 3515 757 3578 maiores
786 3516 817 3576 in
845 3515 925 3578 clero
954 3514 1108 3598 principes
1132 3516 1286 3579 seculares
1315 3523 1346 3580 et
1367 3535 1469 3581 ornnes

263 3622 380 3687 nobiles
397 3641 493 3705 usque
510 3623 549 3685 ad
566 3623 691 3688 clientes
709 3629 739 3686 et
754 3624 833 3687 infra
849 3624 997 3696 salutant,
1024 3642 1104 3687 nunc
1121 3624 1284 3690 videndum
1309 3632 1371 3697 est,
1395 3644 1469 3708 quo·

262 3733 350 3797 modo
372 3732 502 3815 predicti
519 3734 659 3809 ⁵maiores
687 3734 717 3797 in
747 3734 829 3797 clero
858 3753 929 3797 suos
959 3736 1090 3802 salutant
1112 3735 1241 3798 clericos
1257 3735 1416 3798 inferiores
1441 3737 1471 3795 et

263 3843 412 3926 quomodo
430 3865 446 3905 e
463 3849 566 3906 contra
583 3863 599 3905 a
617 3844 679 3905 suis
695 3843 889 3907 inferioribus
906 3844 1024 3908 clericis
1042 3851 1072 3909 et
1087 3845 1180 3928 laycis
1196 3845 1373 3908 salutentur.

352 3952 555 4020 patriarcba,
563 3953 746 4016 cardinales
755 3958 786 4015 et
798 3954 901 4018 ceteri
908 3955 1047 4037 maiores
1059 3956 1093 4019 in
1106 3958 1191 4020 clero
1204 3955 1341 4018 scribunt
1353 3953 1415 4019 suis
1423 3953 1468 4014 in·

264 4059 436 4131 senioribus,
453 4059 588 4122 vocando
612 4080 665 4122 eos
683 4060 845 4143 episcopos
868 4062 914 4124 vel
935 4061 1063 4126 abbates
1085 4064 1222 4145 regales,
1251 4064 1316 4126 sive
1339 4062 1466 4127 subsunt

264 4169 327 4231 sive
343 4188 413 4239 non,
431 4168 558 4231 dilectos
573 4168 605 4230 in
622 4168 740 4233 Christo
757 4171 868 4234 fratres
893 4170 1018 4235 salutem
1037 4180 1067 4235 et
1081 4172 1193 4236 bonum
1208 4174 1239 4235 in
1256 4172 1376 4235 domino
1393 4172 1466 4236 lesu

265 4277 403 4349 Christo,
429 4276 476 4339 vel
506 4277 631 4340 salutem
661 4288 692 4341 et
722 4279 872 4342 sinceram
902 4281 933 4344 in
965 4281 1083 4343 domino
1115 4281 1284 4345 karitatem.
1427 4275 1434 4283 ’

296 4450 300 4457 ,
357 4387 514 4464 Quomodo
532 4388 662 4452 abbates
676 4389 839 4483 simplices
856 4397 887 4454 et
900 4391 1082 4477 prepositos
1098 4394 1262 4457 salutant:
1304 4390 1463 4475 Simplices

265 4496 398 4578 prelatos
412 4500 443 4558 et
454 4494 582 4557 clericos
599 4496 662 4558 sive
676 4495 805 4563 subsunt
818 4498 881 4561 sive
894 4519 964 4570 non,
978 4499 1132 4580 appellant
1148 4497 1186 4585 ὂ)
1203 4499 1332 4563 maiores
1344 4500 1375 4564 in
1388 4500 1465 4563 clero

267 4604 394 4668 dilectos
410 4602 441 4664 in
454 4602 572 4667 Christo
589 4602 665 4667 lilios
683 4606 811 4669 salutern
828 4612 858 4670 et
873 4605 1090 4689 plenitudinem
1107 4607 1203 4670 omnis
1220 4608 1301 4672 boni.

364 4749 399 4819 a)
421 4748 500 4805 ornem
513 4748 544 4805 v.
562 4749 596 4819 o)
609 4749 771 4822 appellati.
