3209 5392
1240 510 1338 583 17⁵

146 689 271 753 donacio
299 689 507 771 episcoporum
521 689 602 752 ralet
620 704 709 773 qnam
738 690 853 754 faciunt
875 691 941 753 sine
968 709 1115 753 consensu
1144 689 1341 772 capitulorum

131 818 273 861 suorum.
285 798 393 870 Unde,
407 798 526 882 quando
537 799 596 861 ista
610 797 736 861 donacio
766 819 825 862 non
839 805 885 861 est
896 800 977 862 iacta
990 799 1027 861 de
1043 819 1192 861 consensu
1211 795 1342 879 capituli,

145 907 255 989 tytulus
273 928 336 971 non
352 913 399 971 θεῖ
413 907 519 971 iustus.
553 907 592 970 Et
606 907 678 971 lieet
694 928 753 970 non
776 909 816 972 sit
831 910 938 980 iustus,
955 907 1108 971 sufficiens
1125 913 1224 970 tamen
1241 910 1288 968 est
1303 904 1342 967 ad

138 1015 274 1078 dandam
287 1014 509 1098 prescripcioni
531 1016 738 1088 occasionem,
755 1017 781 1078 si
797 1017 875 1079 enirn
886 1017 996 1099 tytulus
1017 1016 1134 1079 omnino
1149 1020 1232 1078 esset
1244 1015 1341 1077 iustus

146 1129 176 1187 θῖ
219 1131 343 1197 certus,
386 1131 459 1188 tunc
502 1145 562 1187 non
603 1131 686 1188 osset
731 1126 904 1189 necessaria
947 1124 1143 1207 prescripcio.
1200 1123 1342 1188 Tertium

147 1233 302 1316 estquod
326 1232 522 1296 vulthabere
552 1233 751 1315 prescriptio,
796 1234 937 1296 videlicet
960 1234 1039 1316 quod
1061 1254 1111 1295 res
1132 1233 1181 1296 illa
1213 1232 1244 1294 in
1281 1250 1340 1312 qua

143 1341 346 1422 prescribitur
361 1342 452 1405 suerit
483 1343 512 1404 in
529 1342 669 1406 continua
683 1342 945 1429 possessionen)
974 1362 1028 1423 per
1053 1343 1105 1405 XL
1132 1362 1225 1405 annos
1247 1359 1341 1422 usque

142 1450 179 1512 ad
204 1449 300 1513 finem
329 1450 578 1532 prescripcionis,
596 1456 626 1513 et
657 1450 736 1534 quod
762 1469 818 1533 per
844 1471 947 1514 omnes
974 1471 1067 1513 annos
1094 1450 1159 1512 illos
1193 1467 1342 1531 nunquam

142 1559 255 1645 renerit
284 1560 318 1621 in
345 1559 568 1640 possessionem
595 1559 731 1622 alterius.
767 1561 921 1638 Quartam
950 1565 997 1622 est
1026 1559 1106 1642 quod
1140 1558 1202 1620 vult
1228 1557 1341 1620 habere

142 1667 331 1748 prescripcio
348 1667 465 1731 scilicet
477 1675 510 1731 ut
525 1688 573 1729 res
590 1667 651 1740 illa,
668 1669 698 1730 in
720 1688 778 1750 qua
800 1667 1009 1750 prescribitur,
1040 1668 1080 1730 sit
1099 1665 1339 1749 prescriptibilis,

143 1776 234 1839 idest
251 1775 324 1840 talis
342 1782 458 1848 nature,
475 1776 552 1840 utin
569 1797 604 1839 ea
620 1777 718 1858 possit
734 1775 797 1840 lieri
814 1777 1011 1859 prescripcio.
1031 1779 1106 1840 Sunt
1119 1776 1197 1838 enim
1214 1775 1340 1858 quedam

143 1904 207 1959 res,
226 1907 288 1970 quc
307 1907 366 1949 non
381 1893 508 1968 possunt
528 1887 693 1969 prescribi,
722 1889 813 1950 etiam
835 1888 861 1949 si
876 1892 1034 1950 teneantur
1055 1886 1133 1949 mille
1149 1886 1246 1957 annis,
1262 1886 1341 1948 sicut
1361 1881 1363 1883 ’

144 1994 251 2058 limites
268 1994 504 2076 provinciarum,
523 1995 686 2078 dyoccsum
703 2002 734 2058 et
748 1995 975 2077 parochiarum;
989 2001 1019 2063 et
1035 1995 1113 2057 sicut
1128 1994 1236 2057 fundus
1253 2012 1340 2077 quem

146 2102 268 2166 colonus
288 2102 375 2174 colit,
397 2108 428 2164 et
443 2104 522 2175 sicut
542 2104 590 2167 vie
606 2103 738 2185 publice,
754 2111 785 2168 et
806 2106 884 2168 sicut
907 2105 1032 2188 quedem
1060 2103 1189 2185 insignia
1210 2104 1341 2164 Romane

146 2212 288 2284 ecclesie,
308 2218 338 2276 et
354 2212 433 2274 sicut
449 2212 568 2275 decime
582 2212 613 2274 in
630 2214 738 2296 quibus
754 2214 858 2295 laycus
875 2235 934 2277 non
949 2219 1050 2295 potest
1065 2210 1264 2294 prescribere.

229 2323 283 2387 De
322 2321 561 2407 icterrcpcione
578 2325 833 2410 prescripcionis
849 2322 897 2409 b).
915 2323 1085 2386 Notandum
1122 2321 1229 2401 igitur,
1262 2318 1341 2402 quod

144 2429 330 2511 prescripcio
346 2429 570 2510 interrumpitur
586 2436 618 2493 et
633 2436 771 2494 cassatur
785 2431 885 2495 multis
902 2432 1010 2502 modis,
1025 2430 1166 2493 videlicet
1180 2449 1235 2511 per
1250 2447 1341 2510 syno-

144 2538 237 2601 dalem
253 2537 540 2621 proclamacionem,
563 2538 681 2620 quando
704 2539 752 2602 ille
775 2550 879 2603 eontra
902 2559 989 2622 quem
1011 2539 1197 2622 prescripcio
1213 2536 1340 2609 laborat,

144 2647 172 2711 in
198 2648 316 2731 synodo
339 2667 439 2711 eoram
462 2647 604 2729 episcopo
627 2654 658 2711 et
681 2650 762 2713 clero
783 2649 951 2731 proclamat
972 2670 1034 2712 rem
1057 2649 1136 2711 illam
1159 2668 1228 2709 esse
1244 2667 1340 2719 suam,

140 2755 236 2839 inqua
250 2757 313 2821 crit
324 2756 361 2843 ο)
374 2756 569 2839 prescripcio.
588 2759 733 2824 Secundo
746 2759 970 2840 interrumpitur
981 2778 1036 2840 per
1052 2758 1252 2821 executoriam
1268 2777 1341 2819 con-

143 2866 337 2937 vencionem,
372 2867 490 2949 quando
523 2867 716 2948 prescribens
750 2867 872 2951 aliquod
900 2874 1020 2948 pactum
1050 2872 1081 2930 et
1107 2866 1340 2929 dorvencionem

142 2973 235 3046 intrat
275 2994 345 3039 cum
394 2975 445 3038 illo
489 2982 593 3038 contra
638 2996 727 3059 quem
770 2976 948 3059 prescribit,
997 2976 1068 3059 qnia
1110 2982 1181 3039 tunc
1223 2974 1342 3037 ridetur

143 3081 377 3149 abrenunciasse
404 3085 506 3148 virtuti
518 3086 762 3167 prescripcionis.
784 3086 895 3150 Porcio
907 3105 962 3167 per
977 3085 1220 3166 recognicionem
1236 3081 1340 3152 debiti,

147 3194 263 3273 quando
282 3194 477 3273 recognoscit
493 3214 526 3255 se
544 3194 709 3259 debitorem
732 3194 810 3259 illius
835 3198 939 3257 contra
962 3214 1049 3277 quem
1065 3191 1235 3275 prescribit
1267 3183 1341 3254 ltem

146 3316 257 3386 quarto
273 3303 499 3384 interrumpitur
513 3323 568 3385 per
583 3304 694 3367 l'encris
712 3303 906 3374 solutionem,
930 3303 1048 3385 quando
1065 3304 1092 3364 is
1115 3302 1165 3385 qui
1180 3300 1343 3383 prescribit

149 3411 234 3477 soluit
249 3411 293 3475 illi
318 3417 422 3474 contra
445 3431 535 3493 quem
556 3411 717 3493 prescribit
733 3413 769 3493 d)
787 3412 915 3494 aliquam
936 3412 1113 3493 pensionem
1135 3412 1172 3472 de
1188 3410 1341 3492 perceptis

149 3519 304 3585 fructibus.
338 3521 411 3583 ltem
434 3520 552 3602 quando
577 3528 716 3587 currente
739 3521 972 3602 prescripcionis
999 3527 1133 3602 tempore
1154 3520 1341 3601 privilegium

150 3628 323 3695 donacionis
339 3630 527 3711 impetratur,
544 3630 615 3713 quia
631 3632 681 3713 qui
696 3629 885 3712 privilegium
906 3630 1046 3712 impetrat
1066 3630 1173 3692 malam
1195 3627 1285 3691 fidem
1303 3649 1341 3709 ,se

151 3735 259 3805 habere
285 3739 478 3803 demonstrat.
511 3739 586 3803 ltem
602 3738 634 3803 fit
650 3740 831 3821 interrupcio
849 3739 967 3821 quando
989 3739 1016 3800 is
1033 3743 1137 3801 contra
1161 3757 1247 3821 quem
1270 3757 1340 3819 pre·

152 3848 292 3913 scribitur
305 3847 436 3911 libellum
459 3848 580 3931 querele
602 3848 698 3920 offert,
723 3850 748 3911 si
769 3849 908 3913 videlicet
928 3869 987 3912 non
1004 3848 1113 3911 audeat
1128 3866 1220 3928 agere
1236 3852 1457 3910 conuocari·

154 3957 388 4036 prescribentcm
409 3963 532 4038 propter
556 3958 619 4021 cius
640 3958 820 4039 potenciam.
850 3958 955 4022 Potest
980 3963 1090 4028 tamen,
1117 3955 1341 4038 prescripcione

153 4063 240 4139 finita,
272 4066 425 4147 impetrari
456 4066 644 4148 privilegium
675 4066 913 4131 confirmacionis
941 4087 1033 4149 super
1061 4086 1094 4129 re
1125 4066 1190 4137 illa,
1221 4065 1252 4128 in
1274 4076 1342 4148 'qua

156 4177 350 4257 prescriptum
367 4181 424 4245 est,
441 4195 496 4237 nec
513 4195 568 4257 per
582 4175 641 4238 hoc
653 4175 718 4257 ipsa
730 4176 915 4258 prescripcio
932 4159 1138 4246 infirmabitur,
1151 4174 1205 4236 scd
1218 4175 1342 4238 robora-

153 4279 236 4347 bitur.
269 4283 308 4346 ut
324 4284 412 4366 plane
428 4284 563 4366 quitquid
582 4292 628 4347 est
650 4285 721 4349 ibud
738 4287 775 4370 e)
792 4305 849 4367 per
875 4285 954 4368 quod
976 4285 1169 4367 prescribens
1193 4304 1343 4366 recogno-

158 4392 211 4454 scit
241 4414 274 4456 se
305 4391 418 4456 habere
449 4393 555 4457 malam
578 4393 682 4466 tidem,
719 4413 774 4475 per
803 4394 862 4456 boc
892 4395 1116 4476 interrumpitur
1145 4394 1340 4477 prescripcio.

158 4500 295 4565 Similiter
316 4523 351 4566 ex
372 4509 457 4584 parte
480 4502 658 4585 prescripti,
680 4503 816 4586 quitquid
837 4503 908 4567 illud
929 4509 976 4568 est
991 4524 1046 4585 per
1062 4504 1141 4586 quod
1156 4504 1341 4587 prescriptos

244 4650 279 4718 c)
291 4641 487 4719 prescriptione
499 4651 529 4704 V.
547 4679 573 4688 -
590 4648 622 4717 l)
637 4648 767 4702 disent.
790 4677 822 4687 —-
837 4649 869 4717 e)
885 4652 968 4704 currit
985 4651 1012 4704 Z.
1031 4680 1057 4690 -
1075 4652 1110 4721 d)
1129 4651 1206 4704 solvit
1219 4650 1258 4704 bis
1277 4668 1342 4721 pra·

165 4739 326 4794 sertoriano
338 4739 368 4793 v.
388 4768 420 4779 -
435 4742 466 4810 e)
486 4739 551 4793 aruo
565 4740 632 4793 reno
644 4741 671 4793 z.
