3209 5392
308 532 359 602 28

215 772 218 777 Δ
307 724 406 768 rerum
419 724 538 766 suarum
551 703 601 790 a),
619 708 651 766 ut
666 703 721 767 tibi
738 704 775 766 de
788 702 961 768 racionilous
978 703 1088 767 nostris
1105 702 1307 784 respondeant
1318 710 1349 766 et
1362 700 1489 766 obediant

307 820 448 896 tanquam
464 811 557 875 iudici
573 812 689 895 imperii
714 813 850 895 speciali,
873 812 1014 895 quamdiu
1036 811 1128 876 luerit
1145 812 1182 875 de
1199 819 1302 875 nostre
1317 813 1494 895 heneplacito

305 920 473 987 voluntatis.
490 922 558 984 Dat.
774 912 777 919 ⁴

392 1163 496 1224 lerna
511 1160 726 1224 commissionis
744 1155 781 1241 l)
805 1160 972 1241 prircipum
990 1159 1263 1224 ecclesiasticorum
1279 1162 1309 1223 ir
1336 1179 1427 1224 ceusu

831 1268 993 1352 spirituali.

402 1431 438 1495 0.
455 1430 492 1517 e)
509 1430 565 1492 Dei
578 1429 682 1510 gracia
699 1428 829 1491 ecclesie
845 1428 1031 1492 Pataviensis
1045 1429 1204 1511 episcopus
1213 1429 1332 1493 dilectis
1350 1432 1380 1493 in
1393 1429 1500 1495 emsa

311 1540 378 1603 liliis
395 1542 428 1605 C.
446 1539 487 1626 d)
504 1538 665 1614 scolastico
682 1543 713 1601 et
728 1538 763 1601 Η.
781 1537 897 1601 cantori
914 1538 982 1600 talis
997 1538 1057 1602 loci
1075 1538 1201 1602 salutem
1223 1544 1254 1602 et
1274 1545 1401 1621 paterne
1418 1540 1500 1602 dilec-

309 1648 400 1713 tionis
417 1648 566 1713 allectum.
599 1646 708 1709 Dilecti
725 1646 820 1710 nostri
836 1646 1008 1728 prepositus
1025 1653 1056 1709 et
1079 1646 1239 1729 capitulum
1262 1648 1394 1710 ecclesie
1416 1646 1501 1710 sancti

308 1758 425 1822 Nicolai
457 1755 614 1840 conquesti
636 1760 705 1818 suut
727 1754 832 1827 nobis,
855 1755 936 1838 quod
953 1754 989 1818 G.
1007 1754 1125 1837 dapifer
1147 1776 1200 1819 eos
1232 1757 1262 1820 in
1300 1757 1419 1820 decima
1433 1777 1500 1841 qua·

312 1867 427 1952 dame)
443 1867 474 1929 in
489 1866 542 1929 tali
557 1865 624 1930 loco
641 1871 745 1930 contra
767 1865 917 1928 iusticiam
940 1863 1078 1946 spoliarit
1093 1869 1124 1929 et
1140 1865 1214 1928 alias
1231 1866 1347 1929 eisdem
1365 1868 1462 1949 gravis
1477 1871 1502 1928 et

310 1976 471 2040 iniuriosus
489 1973 605 2038 existat.
629 1973 715 2038 Unde
733 1972 915 2036 discrecioni
931 1978 1031 2036 vestre
1047 1972 1246 2056 iniungimus,
1264 1980 1424 2057 quatenus,
1438 1996 1500 2057 par-

311 2085 391 2149 tibus
424 2084 610 2156 convocatis,
627 2103 674 2155 ea,
691 2102 749 2166 que
777 2081 815 2144 ab
844 2080 888 2143 eis
916 2082 1071 2164 proposita
1090 2080 1128 2166 f)
1146 2103 1248 2148 coram
1275 2083 1364 2148 vobis
1393 2082 1502 2153 suerint,

312 2193 439 2258 audiatis
472 2199 502 2257 et
529 2191 586 2255 fine
614 2191 715 2254 dehito
743 2189 927 2261 terminetis,
959 2190 1105 2254 iacientes
1135 2192 1214 2275 quod
1242 2192 1439 2257 decreveritis
1458 2212 1505 2275 per

312 2324 469 2368 censuram
500 2301 739 2364 ecclesiasticam
771 2299 934 2364 observari.
979 2301 1089 2362 Testes
1120 2321 1192 2365 vero
1214 2301 1255 2387 d)
1287 2303 1337 2384 qui
1371 2301 1505 2367 nominati

312 2411 434 2485 luerint,
451 2412 476 2474 si
490 2431 523 2473 se
536 2410 616 2482 odio,
632 2409 736 2491 gracia
748 2407 794 2471 vel
808 2407 915 2472 timore
929 2408 1140 2482 subtraxerint,
1153 2408 1281 2473 censura
1293 2411 1384 2473 simili
1398 2411 1505 2494 cogatis

312 2521 432 2585 veritati
448 2518 652 2583 testimonium
667 2515 839 2600 perhibere,
857 2523 887 2580 et
900 2517 926 2578 si
939 2517 1026 2580 ambo
1039 2517 1188 2582 interesse
1202 2540 1261 2583 non
1272 2521 1425 2601 poteritis,
1441 2539 1506 2582 unus

314 2634 447 2693 vestrum
463 2627 671 2692 nichilominus
688 2631 860 2709 exequatur.

494 2870 597 2932 lerna
613 2865 830 2929 commissionis
847 2866 1055 2930 ceruleum
1072 2885 1162 2931 censa
1178 2871 1343 2951 temporali.

408 3047 439 3110 P.
453 3043 493 3129 d)
508 3045 565 3109 Dei
582 3044 684 3127 gracia
700 3043 886 3106 Pataviensis
902 3043 1032 3107 ecclesie
1046 3045 1338 3127 episcopusdilectis
1354 3047 1387 3112 in
1400 3047 1508 3112 Christo
1588 3046 1589 3049 ’

318 3156 474 3219 cellerario
492 3160 522 3218 et
536 3154 629 3237 priori
645 3153 714 3216 talis
728 3151 788 3214 loci
806 3157 863 3214 etc.
882 3152 1071 3235 Conquestus
1089 3159 1136 3217 est
1151 3154 1238 3218 nohis
1255 3156 1288 3218 B.
1306 3155 1338 3240 i)
1355 3158 1510 3221 canonicus

318 3265 387 3328 talis
410 3264 551 3335 ecclesie,
569 3262 648 3346 quod
671 3262 705 3323 H.
723 3260 791 3323 talis
807 3260 848 3347 1)
863 3260 1025 3342 burgensis
1048 3262 1106 3324 sibi
1128 3263 1158 3326 in
1175 3265 1302 3347 quadam
1330 3267 1511 3330 denariorum
1588 3284 1589 3339 3

321 3393 435 3436 summa
450 3378 570 3436 maneat
587 3371 737 3453 obligatus
755 3375 784 3431 et
801 3369 925 3433 eosdem
943 3370 1083 3435 denarios
1106 3371 1164 3434 sihi
1181 3374 1299 3437 solvere
1322 3376 1514 3440 contradicat.

321 3490 352 3546 et
367 3482 441 3545 alias
463 3481 521 3545 sibi
543 3472 704 3544 iniuriosus
728 3479 846 3542 existat.
863 3477 949 3542 Unde
977 3479 1159 3544 discrecioni
1180 3488 1232 3545 tue
1253 3483 1286 3570 l]
1308 3486 1512 3548 committimus

321 3611 455 3662 causam,
469 3610 526 3674 que
539 3589 678 3653 intereos
686 3589 821 3661 vertitur,
834 3588 1011 3651 mandantes
1020 3595 1178 3671 quatenus,
1190 3591 1326 3673 partibus
1334 3593 1512 3663 convocatis.

321 3701 418 3784 ipsam
434 3719 556 3763 causam
573 3699 711 3770 audiatis,
728 3706 761 3762 ut
777 3716 866 3779 supra
880 3698 936 3782 m).

642 3872 648 3903 ἕ
726 3922 828 3984 lerna
844 3919 1110 3998 subdelegaclcris.

414 4083 446 4146 P.
469 4084 510 4171 o)
526 4083 583 4146 Dei
607 4082 711 4164 gracia
743 4080 874 4143 ecclesie
898 4080 1085 4143 Pataviensis
1118 4081 1279 4166 episcopus
1291 4085 1328 4169 o)
1351 4085 1460 4150 dilecto
1489 4084 1515 4145 in

327 4191 446 4255 Christo
463 4192 532 4255 talis
547 4191 606 4255 loci
624 4189 751 4272 plebano
769 4189 906 4252 salutern.
936 4189 1009 4252 Cum
1027 4190 1235 4256 sanctissimus
1252 4194 1283 4256 in
1300 4195 1420 4259 Christo
1436 4199 1515 4277 pater

420 4373 454 4441 a)
475 4373 600 4426 bonorum
619 4387 725 4425 suorum
746 4371 774 4424 Z.
788 4400 820 4408 —
837 4369 869 4441 d)
889 4371 1100 4426 commissionum
1115 4372 1145 4427 V.
1163 4405 1192 4413 -
1208 4375 1242 4443 c)
1261 4373 1303 4429 W.
1322 4374 1350 4429 Ζ.
1366 4405 1397 4415 -
1418 4378 1453 4446 d)
1473 4373 1514 4429 co.

327 4466 355 4520 Z.
365 4493 401 4504 -
414 4465 446 4533 e)
461 4480 507 4518 eos
522 4462 652 4518 decimam
665 4462 797 4535 quondam
811 4463 838 4516 Z.
862 4491 889 4501 -
910 4461 944 4532 f)
958 4480 1036 4534 prop.
1050 4463 1119 4517 fehlt
1130 4463 1159 4517 V.
1178 4495 1206 4504 -
1217 4465 1253 4535 p)
1271 4465 1343 4519 vobis
1357 4467 1384 4520 Ζ.
1405 4497 1433 4507 -
1448 4465 1481 4534 t)
1491 4464 1513 4519 J.

221 4581 228 4587 ’
327 4557 354 4610 Ζ.
367 4584 403 4595 -
415 4556 441 4624 ι’)
455 4554 484 4610 S.
497 4555 525 4609 Z.
543 4585 571 4595 -
587 4554 621 4625 lc)
635 4555 705 4618 talis,
717 4556 779 4609 talis
793 4555 821 4609 Z.
835 4555 862 4623 t)
877 4558 965 4609 vestre
979 4555 1006 4608 Z.
1022 4586 1055 4594 -
1069 4556 1111 4622 m)
1125 4554 1206 4610 linem
1224 4557 1372 4635 superioris
1392 4557 1515 4612 formulae

327 4651 373 4715 „et
389 4646 442 4701 fine
455 4647 546 4703 debito
564 4677 591 4689 -
608 4646 725 4701 luerint“
739 4647 766 4702 Z.
785 4646 820 4717 o)
835 4646 907 4701 11.Ζ.
923 4678 952 4689 -
968 4647 1000 4715 o)
1015 4645 1221 4718 salzpurgensis
1235 4648 1353 4719 archiep.
1367 4653 1397 4704 et
1409 4667 1451 4722 ap.
1463 4647 1513 4703 sed.

327 4740 381 4811 leg.
395 4740 422 4797 Ζ.
