3209 5392
1282 499 1358 571 339

165 690 183 732 a
217 673 327 764 longe
358 673 569 735 retroactis
605 675 843 756 temporibus
881 679 940 737 est
974 694 1172 744 annexum,
1202 673 1361 755 presertim

165 780 248 863 quod
270 779 382 842 ibidem
410 800 466 863 per
486 801 632 863 personas
659 781 842 854 laudabiles,
871 802 929 866 que
950 783 1075 846 Domino
1098 782 1240 853 militant,
1270 783 1361 847 divini

163 888 264 950 cultus
280 893 370 971 atque
387 890 444 952 alia
462 889 595 953 caritatis
613 888 710 954 officia
724 930 767 938 —
786 890 894 974 quibus
906 895 1047 973 tanquam
1059 911 1114 974 per
1126 890 1238 973 gradus
1253 911 1361 954 ascen-

166 997 261 1060 sionis
289 998 328 1060 ad
358 999 422 1061 reri
450 997 620 1062 Salomonis
637 1000 869 1079 ‘reclinatorium
898 1000 1051 1063 scanditur
1078 1003 1107 1062 et
1136 1003 1239 1063 sancta
1267 1003 1362 1063 mater

165 1105 296 1169 ecclesia
326 1108 357 1169 in
382 1107 508 1169 filiorum
543 1094 684 1189 operibus
720 1107 955 1171 delectatur-
983 1107 1147 1171 studiosius
1167 1113 1360 1178 exercentur,

164 1219 302 1277 nostram
321 1215 493 1298 specialiter
508 1217 642 1297 graciam
663 1215 855 1298 impertimur,
886 1218 917 1279 in
941 1234 976 1279 eo
1000 1217 1138 1300 equidem
1161 1215 1231 1278 boni
1248 1217 1362 1280 emula-

162 1329 251 1386 tores
268 1324 528 1387 serenissimorum
544 1329 700 1405 parentum
718 1331 747 1387 et
763 1325 988 1407 progenitorum
1004 1328 1173 1388 nostrorum
1189 1324 1362 1388 eridencius

164 1433 335 1504 existendo,
365 1434 416 1517 qui
445 1432 540 1496 eciam
569 1432 695 1496 eandem
723 1436 884 1497 ecelesiam
916 1434 1054 1496 foverunt
1085 1432 1228 1496 uberibus
1259 1433 1362 1515 gracie

164 1541 355 1605 multiformis
377 1538 437 1604 nec‘
456 1562 514 1603 non
537 1542 705 1604 extulerunt
721 1541 892 1605 dilectionis
914 1542 1070 1624 privilegio
1094 1542 1264 1623 singularis.

256 1650 1362 1735 Nosquoque,racionisintellectuperspicaciusintuentes‚quodaffectus

166 1780 201 1825 ex
214 1758 326 1822 effectu
340 1759 491 1842 colligitur
506 1763 536 1821 et
550 1757 628 1841 quod
643 1757 920 1822 interiorismentis
937 1763 983 1821 est
999 1759 1151 1841 expositor
1166 1763 1251 1821 actus
1268 1764 1361 1831 extra,

163 1873 196 1931 ut
219 1874 322 1931 nostra
346 1867 484 1938 dilectio,
514 1886 602 1949 quam
625 1866 664 1928 ad
689 1867 838 1949 prefatam
859 1866 992 1948 gerimus
1016 1867 1190 1937 ecclesiam,
1219 1872 1362 1949 appareat

163 1977 345 2053 eridenoius
363 1976 667 2059 operis-argumento,
685 1995 721 2038 ac
739 1976 844 2044 eciam,
868 1979 901 2037 ut
921 1973 1020 2037 fidelia
1043 1974 1169 2038 seruicia
1186 1978 1216 2035 et
1230 1973 1360 2048 labores,
1370 1991 1448 2034 rust
1457 1992 1479 2032 n.

165 2105 223 2169 que
239 2085 279 2171 a)
298 2084 404 2147 eadem
421 2085 551 2147 ecclesia
568 2082 656 2147 nobis
673 2084 824 2153 exhibuit,
854 2103 912 2167 que
929 2083 1031 2165 utique
1053 2083 1162 2146 ellectu
1184 2086 1362 2166 respicimus

164 2195 317 2277 gracioso,
335 2194 474 2276 graciose
487 2193 974 2275 remuneracionisapparicionem
982 2196 1012 2254 et
1019 2193 1148 2255 fructum
1155 2193 1285 2276 aliquem
1297 2213 1362 2256 me·

163 2302 344 2365 morabilem
356 2308 425 2386 post
439 2323 471 2365 se
484 2302 670 2385 relinquant:
689 2301 817 2365 ecclesie
830 2306 993 2363 memorate
1006 2319 1110 2363 omnes
1123 2300 1304 2365 donaciones
1312 2303 1360 2386 b),

164 2410 376 2493 possessiones
392 2410 573 2482 reddituum,
590 2410 762 2474 libertatum
775 2430 829 2472 seu
842 2410 967 2472 aliorum
985 2429 1240 2493 quorumcunque,
1257 2431 1314 2493 que
1331 2412 1361 2475 in

163 2520 231 2602 ipsa
248 2518 378 2582 ecclesia
390 2520 428 2605 c)
441 2518 607 2601 privilegiis
624 2519 795 2601 conscripta
813 2518 985 2600 expressius
1003 2517 1201 2589 continentur,
1219 2517 1362 2603 quibusa

162 2628 278 2691 nostris
295 2633 341 2690 est
358 2627 603 2710 progenitoribus
621 2628 816 2709 solempniter
832 2630 862 2688 et
878 2626 1042 2689 liberaliter
1057 2626 1209 2709 insignita,
1233 2627 1271 2690 ad
1288 2647 1361 2691 con-

167 2736 372 2800 servacionem
401 2741 577 2818 perpetuam
612 2735 774 2806 eorundem
808 2734 987 2817 auctoritate
1020 2736 1105 2817 regia
1139 2733 1358 2800 confirmamus.

162 2847 292 2927 Insuper
318 2846 431 2916 eciam,
460 2850 493 2906 ut
520 2844 653 2926 graciam
676 2838 787 2926 graciis
817 2844 1001 2905 cumulemus
1030 2847 1119 2926 atque
1148 2844 1178 2905 iu
1206 2844 1361 2927 sepedicta

163 2956 294 3019 ecclesia
310 2959 413 3016 nostre
429 2952 618 3016 liberalitatis
636 2952 766 3033 iusignia
782 2953 997 3035 relinquamus,
1014 2953 1232 3034 provinciarum
1249 2953 1366 3025 iudicia

161 3062 305 3127 videlicet
325 3061 356 3124 in
379 3060 490 3123 talibus
513 3062 588 3123 locis
604 3062 640 3123 N.
660 3068 690 3124 et
706 3062 754 3134 Ν.,
772 3080 898 3142 quorum
921 3062 1036 3122 mencio
1056 3060 1086 3122 in
1103 3065 1242 3124 contextu
1259 3061 1361 3144 predi-

163 3177 280 3236 ctorum
292 3170 517 3253 privilegiorum
530 3168 632 3232 babita
645 3169 724 3231 nulla
741 3169 807 3239 tuit,
826 3168 924 3230 eidem
942 3168 1069 3231 ecclesie
1086 3168 1279 3231 concedimus
1296 3170 1360 3232 iure

162 3285 308 3364 perpetuo
325 3277 517 3361 possidenda.

736 3411 800 3479 lo.

380 3532 440 3595 ber
457 3533 653 3596 Romanorum
669 3532 720 3594 dat
735 3534 965 3596 instrumentum
980 3533 1142 3615 publicum.

346 3655 435 3726 Konip
451 3653 555 3723 liudolf
571 3653 684 3708 cerleibt
704 3654 787 3709 ciuem
811 3653 927 3728 Bioebof
944 3634 995 3711 dac
1017 3656 1177 3712 Mancreclrt.

170 3777 172 3781 '
254 3763 464 3828 Gmmzw

256 3875 322 3938 Etsi
339 3874 377 3937 ad
394 3893 498 3936 omnes
514 3872 639 3937 Romani
655 3872 772 3954 imperii
789 3871 895 3935 fideles
912 3878 1013 3936 nostre
1030 3873 1238 3938 munificencie
1255 3875 1360 3939 dexte-

162 4004 227 4048 ram
244 3983 410 4048 debeamus
433 3981 594 4046 extendere
617 3979 808 4052 debitricem,
832 3982 985 4064 principes
1008 3987 1138 4055 nostros,
1162 3984 1252 4047 veluti
1268 3984 1359 4048 bases

163 4094 315 4177 egregias,
334 4092 443 4176 quibus
461 4089 608 4154 celsitudo
624 4090 736 4171 regalis
753 4096 893 4172 potenter
908 4091 1054 4179 innititur,
1073 4093 1197 4176 speciali
1213 4113 1360 4176 preroga-

160 4204 222 4266 tiva
245 4222 299 4265 nos
324 4201 410 4265 decet
439 4201 591 4271 attollere,
621 4206 651 4260 et
673 4198 832 4280 condignis
855 4199 1060 4265 beneticenoie
1082 4207 1184 4264 nostre
1206 4203 1359 4267 favoribus

166 4310 311 4393 ampliare
332 4311 369 4397 ¹).
403 4312 573 4393 Eaprupter
588 4326 678 4371 nosse
694 4309 830 4372 volumus
847 4309 1014 4380 universos,
1031 4314 1093 4372 tarn
1108 4314 1247 4391 posteros
1270 4331 1359 4396 quam

254 4419 288 4488 a)
303 4436 371 4490 quos
383 4420 413 4474 V.
428 4435 495 4489 quas
509 4419 536 4473 Z.
552 4449 584 4457 -
599 4417 631 4485 b)
646 4417 808 4472 adnaciones
822 4418 849 4471 Z.
864 4447 900 4456 —-
914 4417 945 4486 r)
960 4418 1043 4488 ipsius
1057 4417 1171 4472 ecclesie
1184 4437 1216 4473 zu
1229 4419 1310 4474 lesen.

195 4606 218 4665 ¹)
241 4609 316 4655 dinen
333 4608 543 4671 gleieblauteuden
561 4608 669 4669 Eingnng
685 4607 726 4654 bat
740 4607 780 4652 die
799 4606 911 4652 Urknnde
927 4607 955 4652 K.
975 4605 1081 4654 audolm
1098 4606 1137 4653 rur
1157 4611 1203 4657 den
1221 4609 1267 4656 not
1279 4609 1361 4656 Ortolf

242 4712 288 4744 von
303 4699 510 4745 Benedictbeureo
525 4699 547 4743 d.
562 4698 585 4742 d.
598 4699 666 4743 Wieu
680 4696 751 4752 1278,
763 4698 842 4742 Maera
856 4697 895 4753 11,
906 4697 965 4759 lleg.
980 4699 1037 4746 llud.
1051 4714 1092 4748 no.
1104 4698 1159 4747 131.

1084 4782 1141 4835 22*
