3209 5392
236 478 313 551 402

236 654 368 723 sionem,
398 653 542 736 quasdam
559 659 678 717 nostras
696 655 845 719 ecclesias
862 676 921 718 non
938 661 1098 727 vacantes,
1129 655 1167 718 ad
1185 655 1437 719 emendacionem

235 761 457 845 prebendarum
486 768 656 827 nostrarum
684 784 739 847 pro
768 771 905 829 restauro
935 764 1022 828 nobis
1052 764 1180 827 donatas
1209 764 1247 828 ab
1284 764 1437 847 inclyto

235 872 440 935 Friderico
471 871 634 937 Romano
673 873 913 956 imperatore
954 878 991 936 et
1031 872 1114 935 eius
1154 872 1261 944 filio,
1293 873 1373 937 sicut
1404 875 1439 936 in

234 979 401 1064 privilegiis
431 977 493 1042 suis
523 999 614 1061 super
641 981 699 1045 hoc
728 981 818 1046 editis
841 981 1032 1051 continetur,
1066 1001 1102 1044 ex
1126 980 1257 1065 quadam
1282 1000 1386 1044 crassa
1405 988 1438 1045 et

237 1089 344 1170 supina
371 1086 564 1169 ignoranda,
592 1088 630 1151 de
653 1089 752 1162 lacto,
781 1091 863 1173 quod
892 1090 930 1153 de
958 1089 1023 1152 iure
1051 1094 1152 1152 vestra
1181 1088 1346 1152 auctoritas
1374 1111 1437 1153 non

237 1201 369 1279 poterat,
384 1194 576 1259 'contulistis
611 1196 711 1278 Quare
732 1198 819 1279 regie
842 1198 991 1262 maiestati
1013 1203 1113 1261 vestre
1138 1198 1215 1260 tales
1237 1197 1274 1261 N.
1298 1203 1329 1260 et
1355 1198 1437 1261 tales

118 1278 227 1361 nol-⁶⁸⁰2-
239 1304 376 1369 duximus
399 1302 612 1376 destinandos,
635 1305 857 1387 supplicantes,
887 1310 1036 1388 quatenns
1058 1305 1229 1370 huiusmodi
1253 1305 1436 1369 collaciones

238 1418 341 1495 utpote
358 1411 455 1475 minus
471 1411 551 1476 inste
567 1413 683 1483 lactas,
710 1412 748 1477 de
771 1413 957 1497 plenitudine
984 1414 1069 1495 regie
1092 1414 1253 1497 potestatis
1270 1413 1437 1496 dignemini

238 1540 391 1584 revocare.

811 1730 874 1799 56.

266 1903 432 1968 dordlnolls
450 1905 586 1968 notlllcat
602 1907 665 1982 regl
681 1907 761 1986 quod
778 1904 889 1969 clectlo
906 1925 961 1969 sna
977 1923 1032 1986 por
1046 1924 1155 1986 papam
1172 1910 1219 1969 est
1235 1907 1410 1987 approbata.

703 2044 717 2097 r
731 2045 802 2099 1274
815 2010 971 2100 novemur.

238 2172 290 2227 Dirc
302 2172 453 2228 Kardindle
469 2173 561 2244 wigen
578 2174 638 2226 dem
651 2171 754 2242 Kdaipe
766 2173 875 2244 liudolf
887 2191 934 2238 aa,
953 2173 1019 2227 daco
1037 2172 1088 2226 dac
1107 2170 1218 2226 adelae
1231 2170 1438 2244 Allerheilrpen·

424 2261 480 2333 fect
493 2264 535 2316 ate
553 2261 658 2316 Termin
670 2262 723 2333 ἢν
736 2262 811 2318 aciae
825 2262 1048 2334 Kaa'oerlrrdnung
1061 2262 1191 2318 dectimmt
1201 2261 1252 2317 oei.

331 2391 455 2450 Gerbert,
469 2390 494 2446 1.
507 2386 551 2441 29.

330 2516 427 2598 Regni
439 2515 533 2578 vestri
545 2514 736 2604 vestigiaa),
748 2535 807 2599 qne
821 2536 838 2578 a
850 2516 1015 2598 primordio
1030 2517 1129 2580 divine
1142 2518 1308 2581 maiestatis
1322 2520 1441 2600 aspexit

242 2626 424 2698 clemencia,
453 2624 542 2689 modo
565 2647 619 2689 sue
642 2626 787 2690 claritatis
810 2627 947 2709 lampade
969 2625 1149 2697 illustravit,
1172 2627 1241 2689 dum
1265 2633 1295 2690 et
1310 2633 1380 2691 tunc
1397 2628 1437 2690 ad

242 2736 359 2816 regium
387 2738 542 2816 sceptrum
570 2739 600 2796 et
628 2753 707 2797 nunc
729 2754 747 2796 a
770 2734 844 2797 sede
868 2735 1019 2797 meruistis
1048 2736 1214 2815 apostolica
1244 2736 1441 2818 solempniter

241 2843 401 2927 approbari
423 2844 460 2931 ¹).
495 2843 576 2907 Sane
604 2849 715 2924 agente
738 2846 831 2925 sup'er
852 2846 962 2906 virtute
987 2844 1112 2912 celesti,
1139 2845 1234 2926 patris
1263 2866 1300 2907 ac
1328 2844 1440 2908 domini

241 2953 335 3017 nostri
353 2952 459 3015 summi
476 2948 625 3033 pontilicis
644 2952 673 3039 2)
691 2956 874 3033 cooperante
892 2952 1069 3023 clemencia,
1083 2973 1140 3015 nec
1157 2974 1216 3016 non
1230 2953 1439 3019 sollicitudinis

242 3068 272 3126 et
284 3061 442 3144 vigilancie
456 3065 558 3123 nostre
575 3060 675 3123 studio
692 3061 890 3131 succedente,
905 3065 975 3143 post
990 3060 1099 3124 multos
1117 3067 1147 3124 et
1163 3061 1264 3126 varios
1281 3069 1441 3137 tractatus,

242 3169 378 3252 negociis
401 3167 554 3249 regalibus
571 3168 655 3230 suavi
672 3169 866 3232 condimento
890 3168 1051 3232 concordie
1075 3171 1270 3250 temperatis,
1299 3172 1441 3237 cardina·

241 3280 329 3350 lium,
356 3278 540 3360 prelatorum
572 3277 635 3341 sive
665 3277 790 3341 aliorum
818 3277 1006 3341 multitudine
1028 3278 1058 3340 in
1081 3276 1192 3340 domini
1216 3298 1294 3360 pape
1321 3281 1440 3361 palacio

244 3388 419 3459 assistente,
445 3386 641 3450 demandato
658 3386 793 3450 eiusdem
810 3384 940 3456 domini,
968 3386 1107 3449 invocato
1124 3386 1201 3449 illins
1219 3387 1355 3460 nomine,
1379 3409 1439 3473 quo

244 3503 368 3561 anctore
400 3495 530 3558 feliciter
561 3495 660 3558 omnia
690 3498 925 3576 prosperantur,
964 3496 995 3555 in
1031 3494 1167 3576 proximo
1206 3499 1331 3558 venturo
1364 3498 1443 3562 l‘esto

243 3606 375 3669 omnium
407 3611 580 3669 sarretorum
606 3605 686 3687 apud
714 3604 819 3668 urbem
859 3603 897 3666 ad
930 3603 1084 3686 imperiale
1119 3604 1344 3686 suscipiendum
1378 3607 1445 3670 dia-

243 3717 329 3779 dema
366 3715 521 3778 serenitati
554 3722 654 3779 vestre
688 3716 848 3778 terminum
885 3714 1022 3778 duximus
1060 3712 1277 3796 prefigcndum.
1330 3716 1444 3800 Sicqne

242 3831 311 3907 post
326 3845 419 3907 pasca
435 3823 514 3886 idem
532 3823 669 3887 dominus
693 3829 798 3887 noster
819 3843 900 3906 papa
921 3822 980 3887 iter
1002 3822 1143 3905 arripiet,
1172 3843 1303 3906 superno
1321 3829 1445 3888 auctore

241 3935 363 4018 previa,
400 3934 430 3995 in
460 3933 575 3995 ltaliam
613 3933 806 4014 profecturus
826 3930 865 4017 ³).
906 3932 969 3995 Hec
1003 3929 1123 4015 quidem
1156 3937 1187 3995 et
1218 3932 1276 3995 alia
1307 3934 1442 3997 seriatim

345 4062 379 4128 a)
399 4058 507 4130 fastigia
519 4058 547 4112 Z.

449 4182 572 4190 cmv—.-

274 4248 297 4308 1)
317 4253 364 4296 Das
377 4251 483 4312 geschah
497 4264 532 4295 am
545 4249 585 4294 28.
599 4248 741 4305 September
756 4248 980 4302 teruennenses
994 4247 1018 4292 S.
1034 4247 1077 4292 111
1094 4248 1141 4292 und
1154 4248 1232 4307 vcrgl.
1248 4251 1271 4294 S.
1285 4247 1333 4292 274
1346 4250 1413 4293 dnm.

277 4339 301 4399 2)
321 4344 413 4404 Gregor
425 4342 452 4386 X.

275 4432 301 4493 ⁸)
321 4437 398 4481 Unoer
416 4432 483 4477 Brief
499 4432 544 4485 ist,
562 4445 630 4476 wenn
649 4444 690 4484 er,
708 4444 757 4475 was
778 4431 822 4474 mir
840 4429 988 4474 aweit'ellraft
1000 4430 1109 4482 acheiot,
1124 4429 1233 4474 wlrkliclr
1246 4442 1273 4473 so
1287 4429 1449 4487 geachriebcn

318 4526 357 4577 iot,
371 4522 417 4566 wie
430 4535 456 4566 er
467 4522 519 4566 hier
533 4522 645 4579 vorHcgt,
659 4522 704 4566 wic
714 4535 755 4565 aas
766 4520 828 4565 Note
842 4520 854 4563 1
870 4520 1027 4580 hervorgetrt,
1042 4521 1101 4566 nach
1115 4521 1167 4564 dem
1182 4519 1372 4575 temptantum
1385 4518 1449 4565 1274

317 4612 482 4674 geschrleben.
502 4614 534 4656 Da
556 4625 583 4657 er
600 4612 693 4670 beoagt,
712 4612 766 4656 dass
788 4612 832 4655 der
849 4612 920 4669 Papot
938 4611 988 4656 siclo
1008 4621 1060 4656 zum
1082 4611 1170 4658 Zweck
1183 4612 1227 4655 dar
1239 4609 1446 4668 Kaiserkrdnung‚

317 4706 355 4750 dic
373 4702 546 4761 Allerheiligen
565 4702 703 4749 otattfinden
723 4704 799 4757 solla,
821 4704 879 4748 nach
900 4704 985 4748 (tolera
1004 4704 1063 4750 nach
1085 4704 1168 4747 ltalien
1187 4701 1298 4761 begeban
1317 4701 1400 4753 rollo,
1422 4717 1449 4746 so
