3209 5392
1264 491 1309 559 61

132 678 184 726 uec
205 663 250 724 vir
270 668 372 743 potest
393 683 459 727 eom
479 664 648 746 prohibere.
683 665 716 729 Si
733 683 806 745 ergo
829 664 925 746 aliqua
942 669 1075 727 matrona
1093 664 1178 726 daret
1193 684 1259 725 meo
1276 664 1315 750 a)

131 771 318 843 monasterio,
334 772 378 833 vel
391 772 535 835 venderet
551 773 717 855 cuicunque
730 774 953 854 possessionem
961 771 1088 854 aliquam
1096 792 1152 854 que
1167 778 1248 834 esset
1261 773 1315 834 dos

129 879 199 950 eius.
215 879 246 941 in
262 879 420 960 priuilegio
442 880 533 943 debet
558 880 623 945 lieri
650 880 779 952 mentio‚·
808 881 887 962 quod
914 880 980 962 ipsa
1002 880 1139 963 possedit
1159 901 1222 944 rem
1237 881 1316 942 illam

129 986 346 1051 iuredotalicio.
356 989 469 1051 -Dos
483 989 573 1052 etiam
586 989 696 1054 dicitur
706 989 756 1051 illa
768 989 999 1071 possessioque
1012 989 1098 1051 datur
1114 988 1202 1051 alicui
1216 989 1316 1050 eccle-

130 1095 170 1157 sie
182 1095 300 1158 noviter
316 1098 397 1159 facte
414 1097 445 1159 in
469 1097 635 1161 subsidium
655 1097 786 1187 plebani,
805 1103 835 1161 et
851 1105 974 1161 vocatur
995 1097 1026 1159 in
1047 1097 1163 1179 vulgari
1186 1099 1313 1163 Widem.

129 1204 226 1267 Solent
241 1204 324 1267 enim
340 1206 472 1267 ecclesie
490 1205 587 1269 dotari
610 1206 758 1288 aliquibus
774 1205 1017 1287 possessionibus
1040 1212 1071 1269 et
1092 1206 1141 1267 illa
1161 1205 1314 1287 possessio

128 1318 244 1375 vocatur
271 1315 329 1378 dos
356 1299 489 1379 ecclesie
516 1320 547 1377 et
573 1315 665 1378 debet
692 1335 760 1378 esse
776 1313 881 1385 libera,
899 1313 977 1377 sicut
992 1314 1122 1379 ccclesia
1143 1314 1236 1376 libera
1259 1321 1339 1395 est.

127 1421 163 1482 ita
178 1419 216 1506 l)
233 1428 265 1484 ut
294 1443 383 1485 nemo
413 1423 522 1486 debeat
548 1423 618 1485 inde
646 1422 786 1503 accipere
815 1430 941 1487 stouras
968 1423 1014 1484 vel
1043 1422 1116 1485 alias
1144 1422 1314 1485 exactiones

132 1549 304 1612 quocunque
322 1531 441 1594 nomine
459 1537 645 1594 censeantur.

554 1730 600 1773 Be
615 1728 678 1773 iure
692 1729 873 1783 patronatus.

632 1824 759 1867 Distinetio
772 1824 810 1868 111.

207 1976 264 2039 Est
280 1983 383 2039 autem
398 1976 438 2060 c)
453 1977 500 2038 ius
517 1983 701 2059 patronatus,
725 1978 805 2061 quod
818 1977 940 2058 proprie
957 1976 1087 2057 pertinet
1103 1976 1141 2038 ad
1157 1976 1247 2047 illurn,
1265 1976 1314 2059 qui
1324 2002 1398 2043 rnre
1409 2015 1429 2042 ι.

128 2088 167 2146 est
180 2089 327 2165 patronus
344 2085 468 2147 alicuius
486 2086 630 2156 ecclesie;
647 2086 695 2147 ille
711 2092 811 2148 autem
826 2090 950 2147 uocatur
961 2091 1103 2164 patronus
1121 2080 1261 2156 ecclesie,
1273 2083 1313 2165 d)

128 2193 172 2273 qui
187 2192 277 2255 alicui
297 2193 428 2255 ecclesie
441 2199 511 2256 ante
525 2195 783 2257 consecrationem
799 2193 898 2276 aliqua
910 2193 1055 2273 impendit
1066 2192 1224 2264 beneficia,
1237 2194 1315 2255 sicut

126 2302 149 2362 si
166 2301 215 2364 dat
236 2301 364 2365 fundum
382 2301 432 2364 ubi
449 2301 613 2365 edificanda
630 2307 677 2365 est
692 2302 834 2374 ecclesia,
857 2304 903 2363 vel
926 2301 952 2363 si
975 2301 1094 2364 edificat
1116 2322 1192 2372 eam,
1218 2301 1264 2363 vel
1288 2299 1314 2362 si

127 2408 200 2474 dotat
223 2431 293 2473 eam
313 2411 360 2496 e),
377 2399 455 2474 unde
472 2431 596 2473 versus:

207 2521 371 2583 Patronum
392 2519 506 2584 t'aciunt
523 2521 587 2591 dos,
605 2520 764 2590 edificatio,
782 2521 900 2583 lundus.

207 2628 358 2692 Patronus
384 2629 485 2711 itaque
501 2634 681 2711 potestatem
698 2629 788 2692 babet
804 2628 979 2691 conferendi
996 2629 1155 2690 ecclesiam
1172 2629 1220 2691 cui
1241 2630 1313 2698 vult,

129 2741 156 2797 et
180 2737 271 2801 debet
295 2745 470 2819 presentare
488 2737 526 2825 f)
544 2739 685 2819 episcopo
708 2738 788 2799 illum
811 2737 859 2800 cui
882 2736 1006 2801 contulit
1027 2738 1199 2809 ecclesiam,
1222 2743 1255 2800 ut
1275 2739 1313 2801 ab

129 2843 186 2926 ipso
200 2848 240 2935 9)
256 2847 438 2911 investiatur
465 2847 542 2910 dono
570 2847 689 2918 altaris;
720 2847 880 2928 episcopus
907 2852 1007 2908 tamen
1033 2851 1134 2926 potest
1159 2845 1314 2927 indignum

128 2956 260 3018 refutare.
297 2957 443 3019 Patronus
473 2959 563 3019 etiam
591 2956 681 3018 debet
708 2956 869 3017 ecclesiam
898 2955 1060 3017 defendere
1083 2954 1120 3017 ab
1137 2954 1264 3027 iniuriis,
1282 2960 1313 3018 et

128 3063 231 3143 primus
246 3065 332 3128 vadit
347 3065 378 3126 in
393 3063 588 3146 processione
604 3062 644 3150 d)
662 3083 753 3125 cause
768 3063 901 3135 bononis,
914 3069 1014 3145 potest
1027 3063 1116 3126 etiam
1127 3063 1313 3127 moderatum

128 3171 315 3237 sublevamen
346 3173 384 3236 ab
417 3154 547 3235 ecclesia
579 3177 717 3254 repetere
745 3173 775 3235 si
806 3172 897 3236 luerit
926 3192 1055 3255 pauper;
1084 3172 1162 3235 unde
1190 3193 1313 3236 versus:

391 3319 505 3372 Patrono
519 3318 633 3372 debetur
647 3318 740 3379 bonor,
754 3334 823 3370 onus
836 3316 1006 3386 utilitasque:

390 3410 544 3471 Prosontet‚
557 3413 667 3480 preest,
682 3407 823 3472 defendat,
837 3408 924 3462 alitur
936 3423 1045 3479 egenus.

588 3587 633 3630 Be
648 3587 838 3631 testamentis.

631 3682 756 3753 Distinetio
769 3682 803 3727 lV.

208 3818 264 3881 Est
280 3824 311 3883 et
327 3817 371 3880 ius
388 3817 577 3890 testamenti,
594 3817 652 3881 boc
668 3818 841 3899 specialiter
857 3822 976 3887 notate,
994 3816 1063 3899 quia
1079 3818 1253 3900 frequenter
1274 3817 1308 3902 i)

129 3927 259 3991 occurrit.
306 3927 361 3989 Est
398 3932 497 3988 autem
534 3931 746 3990 testamentum
784 3927 869 4009 quasi
906 3925 1065 3989 voluntatis
1097 3926 1199 3989 ultime
1230 3927 1308 3990 iusta

128 4036 266 4097 sententia
297 4035 334 4098 de
357 4057 393 4101 eo
414 4035 495 4117 quod
511 4040 580 4116 post
603 4040 729 4111 mortem
746 4054 830 4097 suam
846 4034 951 4117 aliquis
968 4034 1033 4097 lieri
1054 4035 1161 4107 voluit,
1190 4036 1307 4117 quando

127 4140 259 4207 videlicet
285 4145 373 4208 bomo
399 4145 436 4207 de
463 4145 640 4226 patrimonio
664 4151 694 4208 et
720 4143 811 4207 rebus
834 4144 896 4207 suis
920 4144 997 4207 iuste
1021 4145 1160 4227 disponit.
1191 4145 1310 4210 Dicitur

129 4256 217 4316 autom
232 4262 455 4320 testamentum
477 4253 561 4336 quasi
578 4255 706 4319 testatio
722 4256 838 4319 mentis
860 4274 951 4336 super
973 4255 1169 4337 dispositione
1186 4255 1308 4319 heredi-

128 4360 206 4433 tatis,
229 4363 324 4445 etqui
342 4363 414 4426 iacit
430 4366 640 4425 testamentum
658 4368 782 4425 vocatur
798 4371 942 4429 testator.
975 4364 1012 4427 llt
1029 4364 1206 4436 notandum,
1229 4365 1308 4449 quod

210 4526 243 4594 a)
258 4529 349 4580 nostro
362 4527 389 4595 z.¹
405 4557 438 4568 -
452 4526 485 4594 o)
499 4526 534 4579 rer
548 4526 620 4580 reru
632 4502 661 4580 v.
676 4556 711 4565 -
724 4526 755 4595 ε)
769 4528 848 4579 eriam
861 4527 905 4581 fur
918 4536 1004 4580 aurem
1017 4529 1044 4583 z.
1056 4558 1088 4567 -
1102 4531 1137 4599 u)
1150 4530 1194 4582 me
1208 4527 1248 4583 m
1262 4533 1307 4599 qur

130 4612 272 4695 ielrlttlss-
286 4618 318 4686 e)
332 4619 373 4671 rel
398 4617 468 4670 unde
487 4617 555 4670 fehlt
568 4617 596 4670 γ’.
613 4649 643 4659 ·-
662 4615 694 4687 f)
708 4617 859 4686 presentari
885 4618 914 4671 V.
933 4648 968 4657 —
983 4620 1018 4689 9)
1037 4619 1165 4688 episcopo
1188 4620 1229 4673 fiir
1248 4619 1306 4688 ipso

130 4701 153 4752 Z·
170 4734 200 4744 —
212 4705 243 4774 l)
260 4708 334 4760 circa
346 4708 484 4762 ecclesiam
498 4710 525 4763 Z.
543 4737 571 4747 ·-
587 4707 614 4772 i)
629 4706 794 4777 frequentius
808 4709 834 4760 Z.
1067 4700 1078 4723 ³
