3209 5392
784 898 847 969 lu.

570 1079 630 1140 llex
647 1078 840 1142 benenom
859 1080 889 1143 ll.
907 1081 1073 1162 prevlnele.

651 1231 729 1287 1275.
744 1233 796 1287 Juli
813 1233 856 1287 10.
870 1234 997 1303 Tburcgi.

225 1375 313 1446 Konip
325 1375 430 1446 liudolf
438 1376 532 1430 memet
545 1377 596 1430 den
608 1374 831 1447 Reiebwetreuen
849 1377 878 1431 in
891 1376 993 1440 Italion,
1013 1381 1077 1433 dces
1089 1395 1120 1430 er
1131 1380 1212 1433 rediet
1223 1378 1291 1433 noclr
1306 1377 1423 1433 Berethi-

224 1482 297 1536 pnnq
311 1464 507 1519 Deutoeblondr
526 1465 632 1520 dorthin
648 1465 765 1520 lommen
776 1469 879 1533 werde,
893 1468 951 1521 ond
962 1486 994 1521 zu
1007 1469 1066 1521 dem
1081 1469 1191 1523 Zweclce
1202 1469 1293 1524 acinon
1307 1470 1424 1522 Konzier

226 1554 339 1624 liudolf,
361 1556 412 1608 den
429 1554 789 1610 Jobonniterordensmeistcr
809 1558 938 1629 Berinper
956 1559 1013 1612 aad
1029 1559 1080 1611 den
1104 1558 1207 1629 Grofen
1223 1546 1350 1614 Heinrich
1373 1576 1423 1613 von

434 1645 612 1716 sortiariae
624 1662 712 1716 saepen
725 1647 774 1700 der
793 1646 1014 1717 Verbereitunpen
1027 1649 1215 1702 voroueeende.

318 1790 446 1842 Muratori
462 1788 622 1858 Scriptores,
635 1788 663 1851 9,
675 1789 738 1843 720.

318 1933 363 1996 Ab
386 1939 424 2014 α)
459 1934 509 1995 illo
541 1933 621 1996 bono
654 1935 872 2017 patrefamilias
900 1935 1037 2016 protinus
1065 1941 1096 1998 et
1122 1936 1272 1998 instanter
1293 1954 1311 1998 a
1334 1933 1422 1997 nobis

108 2041 355 2123 ‚014³„„exigitur
371 2041 515 2111 debitum,
532 2043 582 2125 qui
598 2062 727 2124 peregre
743 2041 951 2123 proficiscens,
967 2044 1111 2106 familiam
1128 2062 1213 2106 suam
1230 2062 1303 2106 cure
1320 2047 1424 2105 nostre

226 2148 395 2230 supposuit,
412 2149 460 2212 cui
479 2150 602 2220 talenta,
619 2167 679 2231 que
696 2149 836 2220 credidit,
854 2150 992 2230 cogimur
1013 2149 1141 2213 reddere
1164 2150 1326 2232 duplicata.
1362 2148 1427 2212 Sed

125 2337 129 2343 1
226 2263 257 2320 et
272 2258 340 2321 vice
356 2257 516 2348 reciproca
532 2276 587 2320 nos
604 2257 736 2319 excitant
752 2256 904 2320 adtributa
921 2256 962 2341 a)
977 2259 1098 2320 fortune
1114 2258 1264 2321 beacioris
1278 2257 1426 2338 auspicia,

223 2372 258 2429 ut
274 2366 312 2430 ab
330 2367 385 2436 eis,
402 2385 476 2449 quos
493 2366 625 2428 Romane
638 2365 766 2427 dicionis
782 2365 940 2446 imperium
956 2386 1011 2429 suo
1027 2366 1142 2447 gremio
1160 2366 1327 2428 dinoscitur
1349 2384 1424 2426 oon-

223 2465 338 2546 fovere‚
366 2473 562 2536 subiectionis
591 2479 621 2535 et
649 2472 828 2535 obediencie
864 2472 998 2536 debitum
1033 2474 1197 2557 exigamus.
1235 2473 1427 2537 Ammirande

225 2581 326 2644 tamen
354 2580 541 2644 condicionis
576 2580 752 2643 utrumlibet
786 2585 833 2643 est
861 2581 1011 2654 debiturn,
1038 2583 1065 2644 si
1091 2582 1240 2646 subtiliter
1266 2583 1427 2651 intuemur.

226 2689 312 2752 cuius
328 2690 443 2751 soluoio
457 2687 601 2751 debitoris
614 2689 813 2750 emolumenta
825 2709 884 2750 non
897 2688 1013 2759 minuit,
1027 2694 1119 2770 auget
1131 2688 1230 2759 fidem,
1251 2691 1340 2753 immo
1357 2692 1425 2773 plus

227 2796 339 2860 crescit
366 2799 495 2860 solventi
522 2795 660 2867 comodo,
682 2817 772 2879 quam
794 2798 972 2879 suscipienti
995 2797 1135 2879 proficiat
1160 2799 1356 2864 incremento.
1390 2801 1426 2864 si

228 2905 308 2968 enim
346 2905 468 2969 comissi
505 2887 660 2985 regiminis
700 2924 919 2989 prosequamur
934 2904 1093 2972 ,effectum
1116 2908 1167 2993 b),
1196 2908 1234 2970 ad
1262 2908 1426 2971 vindictam

227 3016 375 3078 malorum
396 3012 514 3076 laudem
535 3034 606 3075 vero
623 3014 780 3083 bonorum,
805 3019 835 3075 ct
857 3014 1030 3096 temporalis
1046 3015 1169 3078 honoris
1186 3017 1336 3098 stipendia
1353 3036 1430 3099 quc-

130 3195 136 3208 ,
231 3124 335 3193 rimus,
353 3122 422 3185 dum
445 3121 643 3184 clarificemur
663 3123 694 3184 in
717 3123 797 3185 lama
821 3127 851 3186 et
866 3121 1079 3185 retribucionis
1102 3129 1204 3185 eterne
1226 3145 1281 3206 spe
1305 3124 1432 3207 pulchra

229 3231 391 3300 reficimur,
403 3230 474 3291 dum
489 3228 662 3309 proficimus
679 3229 709 3291 in
725 3229 821 3292 salute
837 3229 924 3291 -si
942 3231 1048 3301 eciam,
1066 3232 1148 3294 iuxta
1166 3231 1266 3294 divine
1282 3232 1424 3295 iussionis

232 3340 374 3408 edictum,
390 3359 449 3420 que
466 3343 535 3400 sunt
552 3336 672 3398 Cesaris
689 3337 795 3400 Cesari
817 3338 1045 3419 persolvantur,
1075 3339 1233 3421 recipienti
1255 3341 1323 3421 plus
1340 3360 1424 3402 com-

231 3448 313 3510 modi
330 3453 360 3509 et
373 3446 497 3509 honoris
515 3444 691 3527 acquiritur,
709 3465 797 3528 quam
814 3445 942 3507 solventi
960 3446 1132 3509 vexationis
1150 3453 1182 3510 et
1197 3448 1298 3510 oneris
1315 3467 1427 3530 aggre-

232 3561 329 3638 getur.
361 3557 405 3618 Ea
423 3555 462 3641 β)
480 3574 587 3635 nempe
604 3558 674 3615 sunt
691 3553 801 3623 omnia,
815 3553 842 3614 si
855 3552 893 3615 ad
906 3572 1009 3616 verum
1025 3555 1221 3625 recurrimus,
1239 3556 1428 3620 subditorum

231 3665 331 3728 votiva
353 3664 515 3734 levamina,
545 3682 602 3744 que
621 3661 695 3726 ¹sunt
715 3661 887 3725 huiusmodi
911 3662 1062 3725 molimina
1086 3663 1283 3745 principatus.
1317 3664 1351 3727 ln
1366 3664 1427 3730 hoc

233 3773 311 3835 enirn
328 3770 424 3853 gloria
441 3770 522 3852 regis
540 3770 695 3839 attollitur,
712 3770 737 3831 si
754 3770 785 3832 in
825 3770 888 3833 acis
904 3769 1090 3851 plenitudine
1109 3772 1252 3852 populum
1268 3772 1380 3854 dirigat
1396 3779 1427 3836 ct

233 3883 264 3943 in
291 3881 397 3961 vigore
423 3879 542 3941 iusticie
570 3881 699 3940 tueatur.
733 3787 878 3958 Legimus
905 3897 977 3939 vero
1008 3897 1099 3960 quam
1127 3879 1231 3959 plures
1253 3898 1307 3960 pro
1330 3881 1432 3964 quiete

233 3988 402 4071 reipublice
418 3988 531 4050 eximiis
549 4007 582 4049 se
599 3986 798 4052 immiscuisse
822 3984 975 4048 laboribus
1000 3991 1029 4048 et
1052 3966 1303 4050 intollerabilibus
1318 4008 1429 4070 grava·

234 4098 363 4161 minibus
380 4095 561 4159 subdidisse.
593 4096 632 4157 Et
647 4095 720 4157 licet
735 4098 797 4156 tam
813 4093 974 4175 periculosi
991 4093 1161 4157 sollicitudo
1188 4096 1309 4176 negocii
1331 4098 1428 4160 omui-

234 4206 291 4269 bus
319 4211 400 4269 terre
422 4202 608 4286 principibus
638 4202 801 4272 debeatur,
829 4202 954 4264 Romani
983 4207 1084 4264 tamen
1107 4202 1226 4284 imperii
1255 4205 1426 4268 veneranda

236 4313 415 4383 sublimitas,
443 4333 502 4395 que
529 4312 560 4374 in
589 4311 720 4373 omnium
748 4309 974 4391 presidencium
1004 4310 1115 4379 oculis,
1140 4311 1228 4373 velud
1249 4312 1281 4373 iu
1303 4315 1427 4393 speculo
1492 4292 1493 4295 Ἴ

237 4421 412 4490 collocatur,
434 4424 519 4483 tanto
541 4418 713 4481 t'erveucius
736 4417 835 4480 zelare
851 4437 971 4498 pacem,
993 4423 1077 4480 tanto
1102 4417 1219 4481 avidius
1242 4418 1430 4482 subditorum

233 4529 356 4593 iusticie
374 4527 465 4593 debet
481 4528 649 4598 intendere,
666 4531 777 4609 quanto
801 4526 923 4589 clariori
946 4526 1102 4608 presagio,
1113 4533 1143 4589 et
1160 4527 1342 4590 evidenciori
1359 4548 1430 4610 per-

328 4675 363 4738 o)
378 4674 415 4728 So
429 4673 470 4726 ltu
482 4672 608 4726 attributa
623 4672 650 4725 V.
668 4701 701 4710 —-
714 4669 745 4736 b)
762 4668 875 4724 officium
890 4670 1031 4725 Bodinann.
