3209 5392
274 531 351 603 394

266 705 410 788 provisio,
426 725 484 790 que
500 707 647 791 pollentes
663 728 811 790 personas
828 708 958 773 libenter
974 709 1098 782 extollit,
1121 715 1152 772 et
1170 709 1260 792 erigit
1275 710 1462 774 virtuositate
1582 790 1583 793 Ἴ

270 814 455 897 prefulgidas
472 820 502 878 et
518 815 790 898 circumspectione
812 819 977 899 preclaras,
999 825 1043 891 ut,
1066 818 1147 881 sicut
1169 838 1204 881 ex
1221 818 1311 900 glebe
1326 820 1464 883 fecundi-

268 929 335 988 tate
362 923 474 988 letatur
501 924 652 1017 agricola,
681 925 761 989 sicut
789 926 946 991 ortulanus
975 927 1086 990 exultat
1115 948 1152 989 ex
1174 927 1326 999 flosculis,
1351 930 1399 992 sic
1415 949 1465 993 nos

269 1032 453 1114 gaudeamus
470 1054 506 1095 ex
519 1030 753 1116 obsequencium
770 1034 852 1098 cultu
869 1035 1012 1099 continuo
1025 1035 1144 1099 fructus
1157 1036 1289 1117 exoptati
1301 1038 1466 1120 manipulos

268 1146 467 1223 reportantes.
485 1141 655 1223 Eapropter
672 1161 798 1205 noscere
812 1144 948 1208 volumus
964 1129 1134 1215 universos,
1150 1148 1211 1207 tam
1227 1151 1465 1231 posterosdquam

268 1255 437 1329 presentes,
455 1250 620 1334 quodcum
638 1252 783 1315 honestus
801 1252 842 1338 a)
853 1252 900 1315 vir
914 1252 966 1322 N.,
982 1252 1084 1315 innate
1102 1251 1161 1314 sibi
1185 1272 1202 1315 a
1218 1254 1463 1336 progenitoribus

269 1360 331 1420 suis
349 1359 427 1422 avite
443 1358 597 1422 fidelitatis
614 1360 769 1431 instinctu,
787 1381 863 1444 erga
879 1381 934 1424 nos
958 1368 988 1424 et
1003 1362 1168 1425 Romanum
1191 1362 1350 1445 imperium
1367 1365 1465 1430 inces-

269 1472 373 1530 santer
387 1467 501 1531 eniteat
523 1470 618 1550 gratis
642 1468 785 1552 operibus
809 1478 840 1534 et
863 1470 1018 1555 obsequiis
1034 1471 1210 1543 fructuosis,
1227 1493 1293 1543 uos,
1311 1475 1466 1557 cupientes

268 1583 391 1660 propter
412 1578 470 1640 lroc
493 1578 591 1660 ipsum
613 1579 807 1660 prerogativa
834 1581 946 1643 favoris
970 1587 1001 1644 et
1022 1580 1127 1664 gracie
1143 1581 1288 1664 prosequi
1305 1583 1466 1667 specialis:

268 1686 366 1749 eidem
382 1687 419 1751 N.
438 1693 468 1750 et
484 1688 547 1751 suis
563 1687 728 1751 heredibus
744 1687 864 1771 plenam
877 1695 908 1752 et
920 1690 1045 1753 liberam
1058 1690 1164 1752 damus
1179 1693 1374 1773 presencium
1391 1697 1466 1757 serie

269 1800 460 1880 potestatem,
477 1795 689 1859 tabellionatus
707 1797 839 1860 olficium
856 1799 923 1862 vice
940 1804 1042 1862 nostra
1059 1799 1215 1882 nostrique
1233 1803 1268 1881 b)
1283 1803 1414 1864 nominis
1431 1803 1466 1889 c)

269 1904 474 1968 committendi
492 1905 762 1976 etauctoritatem,
786 1906 944 1990 prestandi
970 1912 1087 1971 tutores
1116 1916 1148 1970 et
1175 1912 1345 1980 curatores,
1368 1911 1462 1975 iuter-

267 2014 398 2099 pouendi
423 2013 595 2085 decretum,
623 2015 789 2096 protocolla
819 2021 850 2079 ct
872 2016 1071 2080 instrumenta
1100 2016 1239 2080 similiter
1267 2022 1466 2105 exemplandi,

268 2124 408 2186 alimenta
441 2122 625 2186 decernendi
657 2130 688 2187 et
720 2124 819 2187 omnia
850 2125 1001 2195 faciendi,
1034 2145 1093 2208 que
1125 2126 1163 2188 ad
1196 2125 1294 2209 ipsum
1327 2135 1467 2212 spectant

268 2231 409 2303 officium,
426 2251 556 2314 persone
569 2233 618 2295 vel
629 2233 768 2315 personis
781 2234 918 2316 ydoneis,
932 2255 1006 2317 quas
1020 2234 1118 2297 eidem
1130 2235 1241 2299 uiderit
1253 2244 1467 2320 congruentes,

266 2342 386 2424 proviso
414 2346 515 2405 tamen
542 2340 625 2424 prius
655 2361 743 2425 quam
766 2343 805 2405 ad
828 2343 926 2424 ipsum
949 2348 1121 2407 assumatur
1141 2343 1291 2415 officium,
1316 2353 1467 2431 quatenus

266 2452 432 2515 iuramento
456 2449 609 2514 fidelitatis
632 2450 750 2522 debite,
779 2451 861 2536 quod
882 2472 938 2534 per
960 2452 1057 2537 ipsum
1073 2454 1108 2516 N.
1129 2458 1160 2515 ct
1182 2474 1253 2516 suos
1270 2454 1404 2519 heredes
1430 2456 1468 2520 ab

267 2561 341 2643 ipsis
358 2559 437 2642 exigi
454 2561 591 2623 volumus
607 2565 638 2627 et
653 2561 796 2643 prestari,
809 2561 1005 2646 solempniter
1017 2561 1105 2625 nobis
1119 2563 1292 2646 nostrisque
1304 2584 1467 2629 successo-

266 2669 351 2733 ribus
368 2669 583 2753 astringantur.

843 2876 905 2948 47.

269 3057 373 3117 torma
389 3052 556 3137 prlrllcgll‚
580 3073 640 3137 qus
663 3054 770 3119 clrltas
786 3053 996 3136 prlrllcglatur
1012 3055 1092 3136 qued
1109 3055 1189 3118 circs
1207 3057 1253 3118 sul
1272 3056 1466 3142 nonpossint

513 3166 602 3226 extre
618 3164 769 3229 clrltstem
785 3182 868 3227 suan
886 3162 975 3227 clterl
990 3162 1039 3224 rel
1055 3163 1219 3226 conveulrl.

642 3320 720 3375 1276.
740 3320 842 3375 lanuar
859 3319 905 3375 26.
924 3321 1093 3392 Nureuberg.

269 3465 356 3536 Koaiq
368 3464 474 3536 bardolf
482 3465 581 3539 befrcit
593 3465 640 3521 die
652 3467 758 3538 Batrper
770 3482 820 3522 con
834 3463 1087 3522 sclavanicas-Hac
1104 3482 1154 3520 cca
1171 3464 1298 3536 frendeo
1314 3465 1464 3522 Gericlrten.

359 3611 486 3671 Gerbert,
499 3611 525 3677 3,
540 3610 731 3683 stqssoehmer
743 3611 810 3682 Reg.
825 3610 902 3674 nuc,
915 3628 958 3666 uo.
971 3609 1035 3665 230.

256 3772 259 3777 ’
358 3758 403 3821 Ad
434 3757 493 3821 hoc
524 3758 563 3821 ad
594 3776 733 3840 supreme
765 3755 922 3838 dignitatis
951 3756 1068 3840 apicem
1096 3777 1114 3819 a
1143 3776 1285 3839 supremo
1312 3761 1344 3820 et
1371 3757 1464 3841 primo

268 3887 429 3951 regnorum
453 3870 582 3931 omnium
612 3865 767 3930 conditore
790 3866 1004 3948 cognoscimus
1033 3886 1088 3928 uos
1116 3869 1260 3937 vocatos,
1291 3866 1371 3948 quod
1397 3866 1464 3928 dum

268 3977 387 4040 cunctis
401 3976 456 4040 sub
474 3977 568 4040 tutela
585 3976 680 4039 nostri
696 3976 854 4057 regiminis
872 3974 1044 4038 constitutis
1061 3974 1093 4035 in
1109 3974 1173 4036 iure
1197 3974 1260 4036 sive
1279 3973 1463 4037 exhibicione

268 4084 341 4148 iuris
364 4084 470 4148 faciles
493 4084 638 4148 debemus
661 4084 791 4148 existere
815 4089 845 4147 et
862 4084 892 4146 in
910 4083 1014 4166 gracia
1029 4081 1188 4144 liberales:
1214 4081 1272 4144 illis
1290 4083 1461 4165 ampliorem

268 4194 400 4275 graciam
418 4199 448 4256 et
463 4193 584 4257 maioris
601 4193 704 4275 gracie
719 4192 936 4276 plenitudinem
954 4190 1076 4273 dignum
1090 4189 1228 4254 ducimus
1241 4189 1398 4273 impertiri,
1415 4188 1463 4272 qul

267 4323 285 4365 a
302 4302 413 4366 nostris
429 4308 461 4365 et
477 4303 595 4384 imperii
611 4301 749 4366 serviciis
766 4301 855 4365 nullis
873 4299 1086 4363 adversitatum
1102 4298 1274 4362 turbinibus
1288 4299 1460 4364 avelluntur.

269 4413 344 4474 Cum
360 4412 463 4495 itaque
481 4412 583 4475 dilecti
601 4410 641 4497 α)
658 4409 711 4473 filii
727 4411 764 4475 N.
783 4414 821 4492 d)
838 4415 900 4473 tam
923 4409 1032 4473 deuote
1054 4407 1208 4471 fidelitatis
1231 4407 1361 4471 servicia
1380 4406 1462 4469 nobis

265 4519 468 4601 impenderint
484 4525 516 4582 et
531 4520 715 4603 impendant,
732 4518 812 4604 quod
829 4519 964 4600 ipsorum
980 4536 1089 4599 preces
1106 4515 1186 4601 apud
1203 4520 1338 4580 nostram
1354 4516 1461 4580 maies-

357 4665 392 4733 c)
406 4663 572 4735 etproridns
586 4664 612 4715 Z.
637 4694 670 4701 -
694 4663 726 4730 t)
746 4663 831 4715 nostrl
850 4663 877 4714 Z.
898 4692 931 4699 -
952 4661 983 4726 e)
999 4660 1105 4714 nomine
1122 4660 1144 4715 V
1163 4662 1215 4714 und
1235 4660 1262 4711 Z.
1277 4689 1310 4697 -
1324 4658 1359 4728 d)
1378 4655 1462 4713 dilecti

267 4756 412 4813 Fmfifi
