3209 5392
1287 515 1364 589 nna

163 681 320 782 'quaquam
349 696 535 784 sufficiamus
558 695 712 758 exsolvere
730 693 882 762 actiones,
912 713 963 756 eas
991 697 1108 761 tamen,
1137 710 1211 774 quas
1234 688 1367 755 universi

133 797 135 800 ⁵
173 809 268 870 nostri
290 807 417 870 allectus
446 811 477 869 et
504 805 593 868 animi
615 804 694 866 vires
719 807 861 884 possunt,
885 801 1084 865 dominacioni
1106 806 1207 865 vestre
1230 799 1368 864 duximus

174 902 361 988 referendas,
384 935 459 999 pura
481 920 512 978 et
533 916 616 979 clara
638 911 829 977 confessione
852 912 884 975 in
905 913 998 975 uestri
1016 912 1138 974 honoris
1154 909 1282 993 tytulum
1301 929 1369 973 cum

174 1029 283 1111 gaudio
301 1026 488 1112 profitentes,
508 1046 563 1089 nos
581 1029 611 1088 et
627 1029 746 1086 nostros
763 1041 818 1105 pro
836 1023 910 1085 tanti
927 1021 991 1083 fore
1009 1019 1149 1084 beneficii
1165 1018 1266 1082 debito
1283 1018 1369 1082 vobis

175 1156 291 1199 exnunc
320 1134 520 1217 obligacionis
549 1140 693 1216 perpetue
723 1130 868 1193 obnoxios
898 1127 1061 1192 debitores.
1085 1128 1212 1198 Verum,
1236 1127 1371 1212 quamvis

174 1264 234 1308 non
258 1245 352 1307 solum
375 1245 405 1306 in
426 1243 485 1306 hoc
508 1243 583 1304 tanti
599 1241 720 1303 honoris
738 1239 834 1302 nostri
852 1239 996 1321 negocio,
1020 1236 1076 1300 sed
1094 1237 1190 1300 eciam
1205 1235 1289 1299 circa
1305 1235 1373 1298 uni-

173 1372 261 1418 versa
278 1351 440 1435 obsequia,
465 1349 621 1414 commoda
645 1355 675 1410 et
698 1347 889 1431 beneplacita
906 1352 1008 1411 restra
1023 1351 1105 1409 totos
1123 1363 1177 1408 nos
1195 1344 1326 1408 subdere
1344 1347 1489 1406 etrusca.

59 1444 66 1451 ⁴
98 1545 101 1549 y
175 1454 323 1546 exponere
348 1478 462 1524 summo
487 1458 637 1521 desiderio
660 1447 849 1527 ferveamus,
878 1456 948 1540 quia
971 1460 1073 1518 tamen
1095 1453 1126 1518 in
1148 1455 1206 1517 hac
1228 1458 1314 1535 parte
1338 1451 1374 1514 de

177 1570 278 1634 oblata
295 1568 485 1632 assumcione
502 1567 594 1629 officii
610 1566 718 1629 vestris
735 1565 858 1628 obedire
870 1564 1019 1628 mandatis
1032 1561 1156 1644 grandis
1169 1582 1260 1625 cause
1273 1559 1376 1625 obsta·
1438 1558 1453 1648 J

179 1681 247 1744 culo
268 1677 464 1762 impedimur,
488 1675 688 1739 dominacioni
712 1678 813 1738 vestre
836 1673 1054 1737 instantissime
1079 1671 1299 1754 supplicamus,
1321 1687 1377 1752 pro

177 1790 256 1852 dono
273 1787 376 1868 gracie
393 1785 590 1869 postulantes,
604 1787 752 1866 quatenus
769 1781 856 1845 nobis
873 1782 982 1853 velitis,
1000 1780 1080 1866 quod
1096 1779 1233 1861 regimen
1245 1783 1378 1843 vestrum

174 1919 237 1962 non
254 1896 451 1965 admittimus,
464 1893 631 1973 indulgere,
647 1891 735 1963 certi,
753 1890 834 1976 quod
848 1910 958 1973 magna
972 1894 1018 1953 est
1030 1887 1201 1959 excusacio,
1215 1909 1272 1973 qne
1286 1887 1378 1951 effec-

124 2078 127 2082 ,
177 2013 226 2070 tus
251 2004 347 2068 nostri
370 2005 516 2066 fervorem
540 1999 577 2063 ab
602 1998 758 2083 obsequiis
781 1999 889 2061 vestris
917 1996 1147 2080 presencialiter
1174 1996 1322 2060 subtrahit
1349 2000 1380 2059 et

176 2112 297 2177 avertit.
317 2150 359 2160 -
376 2108 505 2192 Explicit
521 2113 580 2171 etc.
602 2107 629 2192 1)

746 2307 795 2380 Π.

765 2487 793 2548 1.

175 2627 226 2681 nin
239 2643 338 2690 armer,
353 2623 555 2678 cerccbuldctcr
567 2620 702 2683 Klerc'lrer,
718 2620 832 2677 Student
843 2620 872 2673 in
884 2619 981 2681 Paris,
994 2619 1069 2675 curet
1079 2618 1156 2676 einen
1168 2618 1382 2675 Archidc'ncouuc

647 2728 689 2763 um
707 2710 914 2783 Untcrctu‘tzunp.

760 2883 790 2923 a.

301 2994 552 3059 Reverenlissimo
570 2995 688 3059 domino
706 3018 771 3067 suo,
787 2988 942 3078 paternam
965 2993 1225 3057 mansuetudinem
1240 2996 1386 3058 recolenti

183 3105 306 3170 domino
327 3104 473 3168 Clementi
490 3106 542 3168 tali
559 3111 589 3168 et
605 3107 829 3190 archidyacono
848 3125 918 3167 suus
936 3105 988 3175 ll,
1014 3105 1138 3167 scolaris
1156 3104 1282 3169 devotus
1299 3105 1384 3169 Pari·

186 3213 307 3285 siensis,
329 3215 458 3277 salutem
476 3219 505 3276 et
521 3219 657 3296 paratam
674 3215 712 3277 ad
729 3214 794 3278 eius
813 3213 957 3298 obsequia
974 3214 1164 3276 voluntatem.
1357 3282 1359 3287 ,

277 3324 309 3385 ln
329 3323 502 3386 memoriam
521 3324 601 3385 uenit
621 3324 759 3387 Tulliana
777 3323 952 3386 sentencia:
977 3321 1089 3404 optima
1107 3321 1271 3393 hereditas,
1290 3322 1386 3384 omni-

191 3450 251 3513 que
275 3431 442 3514 patrocinio
462 3433 652 3514 prestancior
668 3454 684 3495 a
701 3432 876 3514 parentibus
896 3412 1075 3512 relinquitur
1091 3430 1194 3494 liberis
1213 3430 1309 3512 gloria
1326 3428 1388 3493 vir-

185 3543 285 3602 tutum
295 3560 304 3610 ;
332 3545 363 3601 et
379 3539 449 3622 quia
465 3559 565 3602 rerum
581 3544 734 3621 gestarum
750 3538 888 3619 ignarum
905 3559 973 3601 esse
990 3530 1104 3624 nephas
1121 3540 1387 3613 estiudicandum,

186 3647 255 3710 ideo
273 3652 376 3709 vestre
394 3647 599 3711 dominacioni
615 3648 825 3728 congratulor,
849 3667 937 3731 quem
959 3648 1065 3711 felices
1088 3656 1229 3732 parentes
1250 3651 1387 3715 felicitati

186 3775 242 3818 sue
274 3754 422 3817 heredem
455 3755 655 3838 reliquerunt,
685 3774 811 3837 quorum
844 3775 949 3817 manus
983 3763 1205 3828 consueverunt
1236 3758 1388 3823 destillare

188 3862 377 3932 muneribus,
393 3881 524 3946 qnorum
541 3861 637 3925 eciam
654 3861 894 3927 munificenciam
911 3882 968 3924 non
987 3863 1070 3926 licuit
1082 3867 1231 3947 ignorare.
1252 3868 1389 3933 Vestram
1398 3885 1443 3924 col·
1451 3884 1506 3924 9³¹»-

189 3972 283 4053 igitur
299 3988 368 4033 cum
384 3969 522 4032 libertate
539 3971 676 4040 naturali,
694 3991 753 4032 non
769 3970 844 4032 meis
860 3970 984 4038 meritis,
1002 3969 1157 4034 subnixius
1169 3973 1388 4042 discrecionem

193 4080 370 4162 suppliciter
387 4080 493 4142 invoco
511 4086 542 4142 et
558 4080 695 4163 requiro,
717 4083 866 4162 quatenus
882 4075 992 4147 michi,
1015 4078 1123 4144 devoto
1147 4081 1259 4146 clerico
1275 4090 1388 4158 vestro,

192 4188 250 4250 iam
268 4189 402 4252 studenti
418 4188 564 4259 Parisius,
592 4191 713 4251 onerato
740 4185 865 4255 debitis,
896 4206 1040 4268 oppresso
1064 4189 1261 4271 indigenciis,
1287 4199 1389 4257 notam

190 4297 312 4361 faciatis
331 4296 544 4360 hereditariam
560 4295 720 4380 pietatem,
744 4300 776 4358 ut
798 4294 982 4375 patrizantes
1006 4295 1035 4356 in
1058 4294 1213 4360 beneficiis
1235 4302 1389 4382 patrizetis

160 4490 162 4494 Ι
192 4405 288 4487 gloria
305 4405 473 4468 ethonore.

226 4643 253 4703 ¹)
269 4649 315 4691 her
328 4648 412 4707 iibrige
425 4647 492 4692 Tbeil
506 4647 548 4690 der
561 4647 624 4691 Seite
638 4645 669 4690 ist
681 4647 739 4691 lecr.
756 4646 806 4689 Fol.
817 4642 849 4687 st
863 4663 894 4672 -
908 4643 962 4689 9321
974 4644 1037 4703 lolgt
1050 4646 1092 4690 der
1104 4649 1218 4695 tractatus
1231 4651 1260 4696 dc
1270 4652 1390 4698 Pharaone

195 4740 220 4783 et
232 4738 328 4794 loseph.
347 4739 370 4782 S.
385 4737 526 4796 binleitung.
