3209 5392
1280 477 1353 548 aot

163 661 338 724 manifestos
362 659 492 723 ecclesie
518 665 620 723 nostre
646 661 767 732 hostes,
793 667 823 723 et
845 654 976 723 ecclesie
999 662 1102 719 nostre
1127 660 1226 718 castra
1248 654 1359 717 dolosis

163 767 281 830 insidiis
315 772 420 830 contra
449 767 520 829 tidei
544 788 599 830 sue
623 768 756 831 debitum
780 769 917 831 detinent
939 770 1088 848 occupata
1111 764 1162 849 a),
1196 763 1257 826 Hos
1281 763 1359 825 enim

162 875 222 937 iam
251 880 321 937 aute
350 875 503 937 biennium
533 877 856 940 excommunicacionis
885 873 1041 938 sentencia
1070 872 1126 934 rite
1156 878 1186 934 et
1212 865 1359 952 legittime

161 983 320 1046 innodatos
345 985 585 1066 exspectavimus
608 984 646 1046 ad
670 985 828 1048 emendam
836 1006 845 1056 ;
870 984 924 1047 sed
948 982 1088 1067 quoniam
1110 981 1140 1042 in
1164 980 1277 1042 eisdem
1302 1001 1360 1042 uon

163 1090 287 1153 emende
304 1091 449 1174 speciem,
466 1091 522 1154 sed
539 1092 696 1155 demencie
712 1093 849 1174 spiritum
866 1092 1036 1174 graviorem
1053 1088 1213 1160 sensimus,
1231 1088 1360 1171 eoquod

161 1200 265 1281 peiora
283 1199 433 1281 prioribus
452 1204 630 1282 attemptare
647 1205 753 1283 postea
770 1183 884 1264 temere
900 1204 1163 1282 presumpserunt:
1189 1187 1254 1268 nos,
1271 1195 1360 1259 indu-

160 1310 216 1370 ciis
229 1313 260 1371 et
273 1308 381 1372 edictis
394 1309 541 1390 legitimis
555 1309 598 1370 eis
616 1308 705 1382 datis,
724 1310 761 1371 de
778 1307 1018 1383 ministerialium
1035 1312 1207 1371 nostrorum
1223 1306 1358 1376 consilio,

161 1418 316 1480 sentencia
328 1424 359 1479 et
374 1437 535 1489 consensu,
548 1418 621 1481 iuris
635 1419 738 1480 ordine
751 1418 917 1500 peremnia
930 1417 1100 1487 observato,
1115 1416 1237 1478 eosdem
1249 1415 1358 1477 fratres

159 1526 340 1606 privavimus
357 1525 436 1587 omni
455 1525 617 1606 dignitate,
635 1527 753 1589 nomine
772 1534 802 1590 et
823 1528 963 1598 honore,‘
979 1546 1036 1609 que
1053 1525 1090 1588 ab
1109 1524 1239 1587 ecclesia
1257 1528 1358 1587 nostra

158 1637 306 1700 hactenus
324 1635 503 1706 habuerunt,
521 1635 737 1699 denunciantes
755 1658 809 1701 eos
825 1638 951 1699 infames
970 1641 1000 1699 et
1022 1657 1039 1697 a
1055 1635 1211 1716 legittimis
1228 1635 1357 1706 actibus,

158 1751 300 1827 tanquam
315 1746 393 1808 viros
405 1742 564 1816 inhabiles,
578 1745 615 1808 de
629 1751 731 1810 cetero
744 1745 945 1827 repellendos,
954 1744 1274 1808 excommunicacionis
1288 1766 1358 1807 sen-

158 1855 269 1924 tencia,
284 1873 371 1936 quam
388 1855 418 1916 in
435 1855 519 1936 ipsos
535 1855 721 1936 protulimus,
739 1854 949 1918 nichilominus
961 1859 1136 1936 aggravata.
1164 1855 1274 1917 Verum
1290 1874 1358 1917 cum

158 1963 231 2025 dicti
244 1964 354 2025 fratres
368 1984 403 2025 ex
415 1963 583 2026 huiusmodi
596 1963 751 2026 maleficiis
763 1962 930 2027 manifestis
944 1969 974 2027 et
987 1965 1141 2027 sentencia
1154 1968 1256 2027 nostra
1268 1964 1359 2045 legit-

157 2073 230 2134 time
253 2072 416 2136 subsecuta
433 2074 471 2157 d)
489 2072 638 2155 proscribi
656 2074 819 2135 meruerint
836 2077 866 2134 et
883 2072 1037 2154 dampnari
1054 2094 1071 2136 a
1087 2074 1174 2155 regia
1190 2073 1356 2145 maiestate,

157 2183 352 2246 serenitatem
369 2189 500 2246 vestram
525 2182 701 2264 suppliciter
725 2203 899 2254 exoramuS,
922 2188 1069 2265 quatenus
1092 2184 1247 2265 predictos
1270 2185 1355 2267 pacis

157 2293 280 2373 publice
304 2292 475 2356 turbatores
500 2298 530 2354 et
552 2294 656 2374 utique
679 2291 783 2355 hostes
807 2291 924 2375 imperii
947 2311 1002 2372 per
1025 2295 1209 2356 sentenciam
1226 2298 1355 2357 vestram
1366 2304 1443 2344 fol-⁵⁹
1454 2306 1474 2343 a.

157 2401 278 2482 publice
290 2401 500 2482 proscribatis,
508 2407 641 2464 nostram
654 2401 684 2463 in
697 2403 780 2482 ipsos
793 2402 883 2465 latam
897 2403 1082 2465 sentenciam
1096 2402 1306 2467 confirmantes
1318 2406 1355 2492 1)·

158 2511 226 2572 Dat.
245 2515 303 2571 etc.

734 2715 796 2785 55.

504 2896 636 2956 lrelutus
654 2896 830 2974 inperatori
849 2896 1010 2976 supplicat.

161 3052 214 3106 uin
231 3052 347 3123 Biecbof
361 3055 434 3107 dmet
452 3055 505 3107 den
522 3054 610 3123 Kdnip
627 3052 732 3123 liudolf
748 3052 792 3108 die
815 3073 863 3109 coo
886 3053 938 3107 idm
962 3053 1172 3126 uitrecbtmdceip
1192 3053 1358 3126 peaebebeoc

198 3136 380 3216 Udertrupuup
394 3145 496 3216 einiger
508 3164 540 3197 zu
553 3144 652 3198 aeirvem
669 3147 801 3217 Sprenyel
811 3145 959 3217 pebdrr‘per
974 3143 1090 3200 Kirclveo
1103 3164 1134 3198 eu
1147 3146 1316 3218 widerrufen.

252 3290 375 3352 Gerbert,
390 3290 416 3353 3,
429 3289 473 3343 38.
488 3289 596 3352 Stobbe‚
611 3307 652 3342 no.
670 3290 728 3343 123.

249 3438 337 3499 Licet
360 3438 398 3499 de
422 3436 639 3501 sublimacione
663 3457 716 3499 seu
740 3439 901 3500 ereacione
923 3443 1024 3500 vestra
1042 3443 1103 3500 toto
1121 3439 1229 3500 mentis
1246 3439 1355 3500 affectu

160 3547 198 3609 ob
223 3567 307 3628 spem
333 3547 518 3609 detensionis
543 3553 682 3630 sperate,
707 3566 765 3629 qua
791 3552 919 3609 vacante
944 3548 1071 3629 imperio
1088 3549 1217 3610 fraudati
1235 3551 1354 3619 luimus,

159 3656 265 3718 merito
290 3655 433 3719 fiduciam
458 3656 637 3726 habeamus,
660 3662 760 3719 tamen
783 3658 897 3738 experti
927 3657 1096 3728 didicimus,
1120 3660 1199 3740 quod
1216 3659 1252 3721 ad
1281 3680 1356 3742 quo-

161 3765 289 3827 rundam
314 3765 478 3827 emulorum
504 3768 675 3827 nostrorum
703 3765 770 3828 falsi
805 3766 1034 3846 suggestionem
1064 3772 1094 3828 et
1120 3767 1182 3828 veri
1212 3788 1356 3849 suppres-

251 3928 285 3989 n)
307 3925 353 3978 Bai
374 3925 509 3979 Bodmaon
534 3928 603 3994 lolgt
623 3926 680 3980 bier
699 3927 842 3996 fulgendo,
867 3930 1068 3982 nnuweifelholt
1095 3946 1185 3999 wegen
1212 3930 1283 3982 ibres
1304 3948 1354 3983 sn-

158 4018 293 4087 stossigen
314 4017 415 4071 lohalts
435 4019 639 4088 weggelnssene
653 4018 753 4073 Stelle:
773 4021 869 4088 raptus
889 4020 1031 4088 virginum,
1052 4024 1079 4072 et
1097 4020 1228 4074 violentas
1242 4038 1354 4090 oppres-

157 4109 245 4162 siones
264 4108 404 4161 mulierum
431 4108 636 4176 coniugatorum
662 4112 889 4178 praesumpcione
915 4111 1076 4182 dampnabili
1103 4113 1298 4164 commiserunt.
1323 4142 1353 4152 -

159 4199 191 4270 b)
211 4201 237 4253 in
257 4199 279 4251 V
298 4198 430 4270 corrigirt‘
442 4199 485 4252 idr
505 4198 553 4251 dus
574 4201 798 4269 ansgestricbenc
818 4201 972 4254 substitute.

185 4492 207 4549 ¹)
227 4497 257 4540 Es
277 4495 341 4554 folgt
359 4495 382 4537 in
398 4496 416 4536 V
430 4496 468 4539 ein
482 4495 563 4539 leerer
575 4495 680 4540 liniirter
693 4496 762 4542 linum
777 4510 822 4541 von
838 4498 869 4542 8⁰
882 4497 973 4552 Zeileu,
987 4500 1080 4544 worout·
1087 4500 1149 4543 donn
1165 4500 1206 4543 mit
1219 4513 1257 4543 no.
1273 4500 1303 4545 55
1317 4502 1356 4545 die

228 4585 324 4629 triber-e
346 4583 444 4637 Sebrilt‚
462 4584 554 4629 welche
573 4586 615 4629 dns
635 4587 707 4631 Werk
728 4599 774 4631 von
793 4587 844 4631 Ful.
866 4587 896 4631 52
915 4602 935 4633 o.
956 4601 996 4632 no.
1016 4586 1032 4632 l
1050 4589 1086 4633 bis
1104 4590 1155 4633 Fol.
1175 4590 1204 4634 58
1223 4592 1245 4634 d.
1265 4603 1304 4634 nn.
1325 4590 1355 4634 lt)

228 4675 376 4735 lortgetvihrt
390 4675 464 4728 batte,
477 4675 566 4719 wieder
580 4676 681 4721 cintritt.

221 4769 314 4813 Fontes.
332 4765 400 4810 autu.
413 4767 439 4810 ll.
456 4766 498 4810 Bd.
510 4767 578 4810 XXV·
1103 4763 1137 4816 26
