3209 5392
1253 501 1329 596 aaa

55 691 61 702 ·
140 677 281 762 corrigas
307 684 368 744 tam
384 679 415 744 io
431 677 530 764 capite
557 698 644 763 quarn
661 678 691 743 io
719 677 870 742 membris.
903 678 977 743 Cum
993 682 1092 742 autem
1107 676 1215 762 prelati
1232 675 1333 740 eccle-

139 786 254 852 siarum
271 808 342 871 sepe
357 793 481 873 proptcr
498 787 717 870 occupaeiones
733 787 912 870 multiplices
935 793 964 852 et
986 787 1162 852 occasiones
1179 786 1251 850 alias
1274 806 1334 849 non
1384 818 1385 822 =

142 895 299 961 sufficiant
313 898 483 964 ministrare
505 896 614 981 populo
639 895 763 960 verbum
785 896 843 961 Dei
872 902 902 961 et
924 896 962 961 ob
990 896 1049 961 hoc
1073 901 1216 962 statutum
1243 896 1334 980 fuerit

126 1005 175 1070 in
198 1006 326 1071 concilio
348 1005 498 1091 generali,
525 1012 559 1070 ut
580 1006 618 1071 ad
641 1012 744 1069 sancte
767 1005 983 1089 predicationis
1006 1003 1136 1069 officium
1163 1004 1218 1069 viri
1246 1025 1334 1069 assu·

141 1121 263 1180 mantur
284 1116 412 1200 ydonei,
438 1120 578 1201 potentes
605 1114 636 1177 in
658 1134 749 1198 opere
773 1120 804 1178 et
826 1135 981 1187 sermono,
1004 1114 1054 1198 qui
1078 1114 1183 1198 plebes
1206 1115 1334 1178 sollicite

141 1226 321 1300 visitantes,
349 1246 402 1291 eas
429 1225 521 1310 verbo
551 1223 691 1290 edificent
719 1229 750 1287 et
772 1225 923 1308 exemplo:
948 1224 1064 1316 aliquos
1087 1224 1125 1288 de
1149 1224 1267 1288 clericis
1283 1229 1335 1287 tue

67 1347 70 1352 '
141 1335 283 1418 dyocesis
304 1342 405 1401 tecum
426 1334 579 1398 associare
601 1353 763 1416 procures,
791 1332 842 1416 qui
866 1332 1057 1397 coadiutores
1075 1338 1106 1396 et
1122 1338 1334 1417 cooperatores

139 1446 174 1509 in
187 1445 295 1530 quilous
308 1445 437 1529 expedit,
450 1445 623 1526 existentes,
634 1450 696 1508 tam
711 1443 803 1508 verbo
819 1443 1039 1526 predicacionis
1052 1463 1138 1528 quam
1152 1444 1336 1508 visitacionis

142 1556 246 1621 cilicio
285 1555 340 1621 tiloi
372 1554 547 1638 suffragium
579 1553 792 1618 convenienter
823 1553 1002 1637 inpendant‚
1047 1560 1194 1636 quatenus
1225 1560 1276 1618 tna
1307 1559 1337 1616 et

143 1665 281 1749 ipsorum
298 1663 498 1728 sollicitudine
520 1664 598 1726 muri
630 1662 798 1727 Jerusalem
815 1668 846 1727 et
860 1663 1002 1745 templum
1013 1661 1133 1725 Domini
1149 1668 1335 1745 reparentur.

142 1775 180 1844 Si
211 1794 283 1839 vero
315 1773 478 1859 quidquam
510 1770 696 1836 difficultatis
723 1772 898 1845 emerserit,
927 1771 1007 1857 quod
1037 1770 1174 1835 videatur
1203 1792 1259 1856 per
1284 1792 1338 1835 vos

144 1882 282 1968 expediri
320 1902 379 1945 non
409 1877 518 1964 posse,
550 1879 581 1942 id
612 1880 710 1964 ipsum
740 1881 780 1944 ad
812 1880 916 1944 sedem
947 1880 1054 1944 referri
1077 1880 1117 1964 a)
1145 1880 1340 1964 apostolicam

145 2011 305 2077 procures.
338 1989 401 2054 Nes
418 1989 497 2053 enim
518 1991 549 2051 in
571 1988 647 2061 hiis,
674 1994 764 2073 prout
787 1996 965 2073 oportunum
980 1987 1088 2061 fuerit,
1104 1988 1159 2052 tihi
1175 1989 1340 2055 efficaciter

145 2101 325 2168 assistemus
342 2105 373 2162 et
389 2097 593 2162 necessarium
610 2098 805 2181 inpendemus
830 2098 970 2164 auxilium
992 2103 1023 2161 et
1043 2097 1185 2162 favorem.
1226 2099 1340 2181 Quodsi

143 2209 329 2295 superbiis,
352 2228 410 2291 que
427 2207 649 2278 mandavimus,
681 2205 838 2289 negligens
855 2212 992 2289 repertus
1009 2206 1101 2270 fueris
1124 2208 1170 2271 vel
1186 2209 1340 2281 remissus,

143 2340 217 2385 cnm
239 2317 354 2381 securis
383 2316 420 2380 ad
443 2315 574 2379 radicem
603 2314 787 2380 infructuoso
817 2314 933 2380 arboris
971 2314 1011 2377 sit
1037 2316 1191 2398 ponenda,
1218 2337 1341 2399 gravem

139 2448 254 2515 penam
293 2436 434 2510 tanquam
467 2425 518 2509 qui
553 2439 589 2486 ex
616 2423 674 2486 hoc
703 2423 882 2506 culpalibem
925 2429 956 2488 te
985 2424 1104 2497 reddis,
1139 2427 1253 2509 poteris
1282 2448 1342 2490 non

143 2537 287 2604 inmerito
304 2536 474 2599 formidare.

248 2714 366 2789 Raynald
381 2714 413 2768 ad
428 2731 451 2766 a.
471 2712 551 2773 1227,
570 2711 597 2783 ξ.
611 2712 655 2771 63.
669 2711 746 2766 theilt
764 2714 807 2765 cin
825 2712 990 2766 Bruchstdclr
1012 2706 1099 2769 dieses
1123 2714 1166 2769 bei
1192 2715 1243 2769 ilnn
1263 2733 1343 2787 ency-

151 2808 241 2864 clisclr
264 2808 424 2880 gehaltenen
444 2806 608 2860 Schreibene
630 2809 709 2859 anter
732 2805 791 2857 dem
815 2805 908 2860 Datum
925 2806 1062 2873 Anagniae
1079 2805 1102 2859 ll
1120 2807 1158 2860 ld.
1176 2807 1229 2861 Jol.
1249 2807 1343 2878 pontii.

154 2900 243 2955 nostri
257 2917 281 2955 a.
296 2899 321 2953 1.
334 2899 389 2959 mit,
401 2897 455 2950 uod
468 2897 544 2949 leitet
557 2912 587 2948 es
601 2895 848 2965 folgendormaesen
861 2894 917 2949 ein:
931 2895 1050 2967 lusigoce
1064 2902 1125 2950 sunt
1137 2914 1170 2951 eo
1190 2905 1344 2969 argumento

153 2993 254 3046 literae
270 2991 303 3045 ad
312 2989 445 3043 insubriae
459 2987 596 3060 praesules
610 2991 745 3050 exaratae,
759 2987 856 3058 quibus
864 2986 937 3056 ipsos
957 2987 1090 3051 hortatur,
1112 2994 1141 3042 ut
1164 2990 1344 3062 exstirpandis

148 3082 310 3154 populorum
328 3080 397 3133 vitiis
415 3085 553 3140 vacarent,
574 3084 686 3149 paterne
704 3077 828 3131 admonet
842 3085 893 3132 etc.
911 3109 940 3120 -
961 3079 1095 3133 Bodmann
1116 3098 1142 3151 p.
1157 3081 1209 3133 225
1233 3083 1279 3136 hat
1292 3082 1345 3138 deu

157 3171 354 3242 volletttndigen
369 3170 443 3225 Brici
453 3170 500 3223 mit
513 3170 620 3240 einigen
632 3167 854 3238 dlweichungen,
864 3165 964 3237 jedoch
979 3170 1049 3224 chuc
1062 3171 1161 3227 Nomen
1175 3174 1227 3227 und
1241 3173 1345 3227 Datum.

729 3396 787 3466 16.

481 3577 560 3668 lopo
577 3577 644 3640 duel
661 3577 777 3640 lustrle
794 3576 841 3640 rel
858 3575 950 3639 ollcol
966 3576 1036 3640 allo.

575 3737 654 3791 1253.
667 3738 720 3793 Juli
735 3737 799 3791 oder
815 3738 929 3808 August.

155 3888 287 3942 innocen
313 3886 360 3939 W.
385 3883 491 3955 foedent
509 3884 563 3938 dea
578 3885 683 3955 joopen
712 3885 813 3955 Herzop
839 3900 887 3936 aon
916 3874 1082 3949 deterrca'ct,
1107 3882 1217 3951 Otator,
1234 3884 1300 3956 anf,
1323 3883 1350 3939 in

154 3976 340 4033 Dcaledartea't
355 3974 404 4046 fota
421 3973 466 4029 die
482 3972 731 4047 capenaadcintirloe
752 3975 861 4038 Gocdc,
882 3974 929 4028 mit
948 3976 998 4028 der
1013 3976 1073 4029 Gott
1084 3973 1130 4030 ida
1148 3974 1177 4029 in
1189 3975 1240 4029 der
1257 3975 1352 4030 Btutte

154 4069 205 4123 der
226 4068 334 4141 Juqend
350 4084 380 4121 ao
401 4065 514 4122 crhodca
531 4063 613 4130 dade,
636 4066 694 4119 dem
719 4065 821 4136 Kdnipe
853 4063 971 4119 Wtdclnr
997 4067 1022 4119 in
1046 4068 1095 4121 der
1118 4067 1274 4141 Fdrderuoq
1298 4071 1354 4124 und

386 4157 561 4230 Befeatiyunq
573 4157 622 4211 der
635 4154 753 4210 Freiloeit
767 4157 816 4211 der
831 4154 929 4210 rareto
941 4155 1115 4213 teiznceten.

250 4303 285 4370 Si
293 4304 388 4392 gratis
401 4302 506 4387 illapsa
515 4302 569 4368 tibi
577 4303 707 4386 desuper
713 4322 868 4366 munerum
878 4303 917 4389 t)
923 4303 1070 4368 beneficia
1081 4304 1245 4369 divinorum
1259 4308 1353 4390 gratis

161 4415 304 4487 assumis,
321 4413 401 4477 aliud
418 4412 508 4497 digne
523 4433 581 4477 non
598 4413 710 4485 valens,
726 4419 756 4476 te
773 4414 871 4497 ipsum
883 4413 914 4476 in
925 4412 1022 4477 landis
1036 4413 1216 4480 sacrificium
1228 4417 1354 4512 Domino

161 4524 268 4597 debes,
291 4524 342 4608 qui
365 4524 468 4588 liorem
491 4522 653 4587 iuventutis
677 4531 728 4587 tue
745 4523 783 4586 ad
798 4529 958 4605 provectus
975 4524 1095 4607 hylares
1112 4534 1173 4590 tam
1188 4527 1354 4592 manifestis
1365 4566 1472 4609 M„

251 4745 287 4815 a)
301 4741 398 4797 reterri
410 4758 450 4795 am
463 4738 565 4798 Rande.
581 4770 613 4779 -
627 4741 658 4811 d)
673 4738 770 4795 innu'm
785 4743 852 4795 etna
864 4764 899 4787 =
913 4739 940 4795 io
958 4758 1092 4798 numerum
1107 4740 1204 4800 Codex.
