3209 5392
249 525 273 593 s

239 784 244 793 ‚
301 691 316 701 ”
339 692 535 767 Cardinolcs'
550 696 711 768 'diaconos
743 703 796 766 vet
820 697 1099 784 mddiuconosa),
1116 697 1247 763 abbates
1272 696 1451 785 simplices,

243 810 428 899 prepositos
458 814 488 872 et
520 811 606 874 ciros
637 810 807 898 redipiosos
838 816 869 873 et
899 829 1006 874 omnes
1033 806 1204 891 inferioris
1233 807 1359 894 produt
1381 806 1452 870 'tam

246 918 375 981 feminas
389 920 393 935 '
407 917 564 999 religiosas
588 914 686 1002 'quam
718 921 798 983 viros
829 939 889 983 uno
919 914 1009 979 modo
1041 902 1165 979 saliat:
1204 915 1285 977 viros
1312 915 1455 997 ¹appellat

251 1022 397 1101 guilertus
428 1028 460 1089 in
490 1020 611 1091 Christo
641 1027 753 1100 filios“,
790 1024 918 1093 seminas
952 1026 1098 1101 „dilectas
1129 1025 1159 1088 in
1192 1023 1311 1087 Christo
1342 1023 1453 1096 filias“,

251 1130 405 1198 amnibus:
432 1130 580 1208 „sulutem
596 1140 628 1199 et
643 1136 839 1217 apostolicam
855 1132 1129 1198 benedictionem.

339 1245 555 1333 Imperatores
576 1246 698 1310 salutat
720 1244 779 1308 hoc
806 1242 910 1307 modo:
940 1244 1096 1325 Eugenius
1119 1241 1281 1325 episcopiis
1304 1262 1328 1303 s.
1346 1244 1379 1304 s.¹
1395 1242 1454 1305 Dei

249 1355 358 1418 dilecto
374 1354 405 1415 in
421 1352 541 1416 Christo
557 1350 616 1415 filio
633 1370 669 1416 ac
685 1351 766 1416 hdeli
782 1374 838 1418 suo
854 1353 1050 1417 invictissimo
1067 1353 1266 1415 Romanorum
1278 1351 1453 1432 imperaturi

249 1456 279 1527 e't
296 1481 416 1545 semper
431 1467 560 1544 augusto
577 1461 705 1526 salutem
722 1469 752 1526 et
768 1463 964 1545 apostolicam
985 1460 1238 1525 benedictionem.
1271 1461 1324 1524 Sic
1343 1460 1454 1524 ‘scribit

249 1573 448 1636 Romanorum
464 1571 529 1652 regi
546 1569 678 1635 nondum
695 1579 856 1644 coronato,
873 1571 1050 1654 appelando
1067 1589 1136 1634 eum
1152 1570 1327 1652 simpliciter
1347 1588 1454 1650 regem

248 1682 295 1744 vel
312 1681 441 1743 electum
457 1680 590 1743 Romane
607 1680 747 1743 ecclesie.
782 1681 926 1744 Similiter
934 1658 1047 1744 'scribit
1063 1680 1257 1768 imperatori
1269 1679 1452 1744 Constanti-

250 1790 453 1876 nopolitano,
476 1788 654 1870 appellando
677 1809 746 1855 eum
768 1788 910 1852 dilectum
926 1790 957 1851 in
973 1787 1207 1854 Christo‘tilium
1223 1793 1255 1852 et
1269 1789 1356 1867 regni
1373 1788 1454 1851 Con-

251 1897 506 1979 stantinopolitani
523 1894 769 1979 gubernatorem,
786 1899 924 1971 salutem,
942 1904 975 1962 ut
990 1917 1091 1980 supra.

252 2044 255 2051 ·
342 2006 399 2071 Sir
413 2006 529 2072 scribit
543 2008 819 2072 Jsrosolemituuo
836 2016 867 2073 et
882 2009 955 2095 rspi
969 2007 1128 2074 Francis:
1151 2004 1307 2087 [ingenius
1324 2008 1384 2069 etc.
1403 2006 1454 2068 dil.

251 2116 282 2177 in
298 2115 416 2179 Christo
433 2112 492 2177 lilio
506 2115 690 2180 Francorum
706 2117 814 2180 illustri
830 2117 907 2197 regi,
922 2116 986 2179 viro
1002 2115 1152 2179 katholico
1168 2134 1205 2177 ac
1222 2115 1456 2179 Christianitatis

250 2224 393 2289 imitatori
408 2222 448 2310 l)
466 2224 604 2297 salutem,
620 2230 654 2289 ut
671 2242 771 2308 supra.

252 2350 256 2357 ·
341 2332 513 2396 Notandum
535 2333 642 2406 etiarn,
666 2335 746 2417 quod
770 2333 907 2397 dominus
923 2351 1001 2416 papa
1031 2334 1142 2399 nullum
1169 2335 1381 2416 imperaturam
1408 2337 1456 2400 rel

251 2459 355 2522 regem
374 2440 530 2523 appellat,
553 2444 607 2505 sed
630 2440 749 2506 hdelem
777 2449 809 2506 et
837 2442 978 2507 dilectum
1007 2462 1110 2516 suum,
1137 2444 1194 2506 nisi
1223 2463 1308 2516 eum,
1337 2445 1388 2571 qui
1409 2451 1458 2508 est

251 2551 425 2614 infeudatus
443 2551 480 2613 ah
499 2552 629 2616 ecclesia
645 2553 788 2616 Romana

306 2658 512 2748 Principes
533 2683 598 2727 oon
619 2663 796 2731 katholicos
819 2663 864 2724 sic
888 2664 1012 2726 salutat:
1036 2661 1192 2743 Eugenius
1215 2663 1378 2745 episcopus
1396 2671 1455 2728 etc.

253 2772 488 2833 Sarracenorum
505 2771 571 2852 regi
587 2771 634 2834 vel
657 2771 796 2836 soldano:
823 2773 949 2836 salutem
971 2770 1056 2837 robis
1080 2790 1139 2833 nun
1162 2771 1374 2853 impendimus,
1398 2794 1458 2836 nou

252 2879 333 2962 quod
364 2899 465 2942 ueram
498 2879 625 2942 salutem
656 2886 787 2944 vestram
816 2901 876 2944 non
903 2880 1128 2953 desideramus,
1161 2880 1215 2942 scd
1243 2881 1324 2963 quod
1355 2903 1457 2945 veram

252 2987 395 3059 salutem,
417 2987 523 3051 lesum
545 2987 697 3051 Christum
719 3008 773 3070 pro
791 2988 888 3053 salute
905 2989 1026 3052 humani
1044 2990 1166 3071 generis
1184 2989 1375 3062 crucifixum,
1398 3011 1458 3054 non

251 3095 387 3169 creditis,
400 3103 431 3160 st
444 3097 583 3179 quoniam
596 3097 752 3161 christiani
764 3099 892 3161 nominis
908 3100 1098 3181 professores
1111 3099 1233 3163 afficere
1246 3119 1305 3163 non
1318 3102 1456 3164 cessatis.

306 3276 310 3279 ,
342 3191 660 3282 Emcommanicutos‚
689 3209 893 3279 interdictos,
923 3207 1098 3281 hereticos,
1126 3209 1236 3273 iudeos
1264 3208 1309 3271 sic
1331 3209 1457 3272 salutat:

250 3315 406 3398 [ingenius
429 3319 488 3379 etc.
512 3316 564 3378 tali
587 3317 854 3381 excommunicato.
889 3315 976 3398 Quod
998 3316 1086 3380 vobis
1113 3316 1300 3380 salutationis
1328 3319 1457 3398 gratiam

164 3445 168 3451 ’
250 3444 310 3487 non
336 3423 554 3506 impendimus,
582 3444 641 3487 non
662 3425 693 3488 id
716 3424 811 3489 efficit
833 3433 936 3490 nostra
960 3425 1094 3497 duricia,
1121 3426 1177 3488 sed
1200 3425 1238 3487 de
1259 3427 1369 3489 vestris
1384 3426 1457 3490 illud

251 3533 431 3616 perniciosis
449 3530 625 3596 excessibus
642 3534 771 3598 dinoscit
759 3541 809 3598 tur
826 3554 976 3599 emanare

342 3642 399 3704 Alii
415 3642 469 3705 viri
486 3640 629 3705 katholici
646 3642 715 3705 dum
731 3643 842 3707 talibus
859 3643 996 3708 scribunt
1012 3664 1045 3706 sc
1058 3648 1262 3725 proponunte
1264 3650 1342 3725 tpro
1359 3645 1456 3709 salute

251 3751 309 3814 boc
338 3750 537 3814 concludunt.
568 3752 715 3814 recedere
744 3772 762 3814 a
789 3754 866 3815 malo
890 3754 957 3817 eti
955 3772 1045 3816 acere
1067 3751 1179 3815 henum
1200 3752 1263 3815 vel:
1289 3753 1327 3816 de
1349 3754 1456 3835 spirit

251 3858 462 3923 obstinationis
479 3860 517 3922 ad
535 3861 672 3944 spiritum
689 3859 861 3925 obedientie
878 3882 911 3924 se
927 3862 1104 3926 transferre.

263 3968 267 3973 ’
343 3970 537 4036 Putriorchs
550 3972 599 4036 sic
614 3971 761 4037 scribunt
775 3972 901 4036 domino
917 3991 1003 4056 pope
1018 3969 1107 4032 modo
1123 3970 1361 4034 incommutabili
1377 3973 1457 4035 omni

251 4085 404 4161 tempore:
441 4081 564 4143 Summo
591 4080 622 4142 in
651 4079 770 4143 Christo
798 4079 876 4162 patri
905 4085 936 4142 et
963 4079 1081 4142 domino
1109 4079 1245 4160 Eugeuio
1273 4081 1330 4143 Dei
1358 4082 1457 4162 gratia

141 4211 241 4252 rusa.
253 4186 448 4252 sacrosancte
465 4188 597 4251 ecclesie
613 4206 727 4251 summu
744 4186 877 4269 pontifici
892 4190 926 4250 Α.
945 4187 1051 4253 eadem
1068 4189 1165 4269 gratia
1187 4189 1255 4252 talis
1272 4190 1455 4271 patriarcha,

250 4295 322 4361 licet
338 4296 496 4377 indignus,
514 4296 641 4360 'salutem
656 4297 687 4358 in
704 4296 841 4359 omuibus
858 4301 920 4358 tam
934 4296 1074 4359 ‘debitam
1097 4300 1186 4379 quam
1203 4298 1392 4380 condignam.
1410 4336 1455 4348 -

245 4404 306 4472 Sic
334 4404 470 4471 scribunt
497 4424 601 4468 omnes
630 4404 816 4478 cardinales,
848 4405 1086 4487 semiepiscopi,
1117 4404 1255 4489 episcopi
1288 4414 1319 4472 et
1352 4428 1455 4489 omnes

248 4534 380 4600 persons
394 4514 603 4581 ecclesiastice
616 4514 772 4599 utriusque
784 4518 885 4589 sexus,
898 4514 1019 4580 mutatis
1032 4515 1161 4596 propriis
1175 4516 1344 4637 nominibus
1356 4517 1456 4598 digni

251 4631 347 4689 tatum
364 4631 394 4690 et
404 4623 632 4699 ciliciorum.¹

344 4753 378 4823 a)
393 4752 612 4809 subditosll-
584 4752 661 4823 -d)
676 4750 835 4811 imitatorem
848 4750 880 4807 V.
1245 4800 1249 4807 .
1293 4774 1352 4815 ·ι,
