3209 5392
215 414 266 485 20

213 589 380 672 regracieri
397 610 456 652 non
475 586 641 652 sufficimus
655 585 735 669 qnod
747 583 848 648 multis
864 582 1079 646 beneficiorum
1094 581 1239 663 impensis
1256 577 1416 642 effectibus

211 701 360 763 hactenus
376 718 424 760 me
441 697 594 780 respicere
612 693 759 766 voluistis,
776 693 856 757 unde
873 692 954 776 quod
969 711 1025 775 per
1040 691 1120 754 vires
1142 710 1225 754 meas
1241 711 1303 754 non
1318 688 1417 762 valeo,

214 807 352 890 suppleat
368 806 419 890 qui
436 811 483 869 est
497 804 644 869 bonorum
662 802 792 867 omnium
809 802 981 865 retributor.
998 838 1043 850 --
1058 800 1229 864 Notandum
1245 819 1318 862 vero
1335 799 1417 881 quod

215 917 274 979 bec
302 915 450 998 particula
478 913 568 977 debet
596 933 664 975 esse
692 931 819 976 consors
847 930 916 975 eum
938 909 1134 992 sequentibus
1158 909 1190 972 in
1211 907 1354 979 materia,
1377 910 1419 972 ita

216 1024 296 1110 quod
326 1021 404 1086 bene
437 1024 595 1087 conveniat
626 1023 750 1086 materie
782 1027 813 1084 θῖ
843 1020 988 1084 mittentis
1015 1018 1155 1083 allectum
1183 1017 1223 1102 α)
1252 1017 1419 1100 exprimere

216 1134 364 1204 videatur,
381 1132 513 1215 alioquin
529 1132 626 1213 magis
640 1131 698 1194 erit
710 1130 853 1194 dedecori
870 1148 959 1213 quam
971 1128 1142 1192 honori-
1153 1128 1228 1192 ltem
1244 1126 1419 1198 notandum,

218 1241 299 1325 quod
321 1228 530 1322 captacionem
545 1239 753 1302 benivolencie
770 1259 831 1302 non
848 1244 895 1301 est
912 1258 1039 1301 necesse
1057 1257 1177 1319 semper
1198 1256 1325 1318 ponere,
1349 1234 1421 1318 quia

219 1349 399 1434 quandoque
422 1347 457 1431 ὂ)
479 1353 601 1413 tacetur
622 1347 754 1420 omnino,
771 1348 952 1431 quandoque
970 1346 1133 1412 artificiose
1149 1345 1293 1410 inseritur
1313 1364 1421 1408 nerra·

225 1459 306 1526 cioni
322 1458 370 1522 vel
384 1457 540 1541 peticioni.

673 1640 975 1726 tenerenturne).
1037 1708 1039 1712 .

314 1803 459 1887 Sequitur
471 1802 509 1867 de
520 1802 710 1876 narracione,
726 1802 758 1865 id
774 1809 822 1867 est
838 1804 932 1867 tercia
947 1808 1033 1886 parte
1044 1802 1202 1885 principali
1215 1801 1351 1885 epistole.
1368 1799 1426 1865 Est

222 1919 322 1980 autem
334 1913 472 1977 narracio
485 1932 585 1976 rernm
599 1918 811 1994 congestarum
823 1913 940 1996 posicio
959 1913 1016 1997 d);
1034 1893 1171 1977 narracio
1185 1919 1231 1976 θεῖ
1243 1911 1426 1976 intencionis

221 2026 285 2089 eius
303 2024 354 2108 qui
371 2021 478 2086 scribit
494 2022 669 2104 explicacio.
693 2021 866 2085 Notandum
883 2023 979 2084 eciam
997 2023 1022 2084 si
1040 2023 1156 2085 scribas
1173 2022 1279 2085 maiori
1294 2041 1426 2104 persone

220 2136 299 2197 inter
319 2132 413 2196 laicos
436 2132 481 2194 sic
503 2131 587 2194 dicas
609 2132 639 2193 in
655 2130 803 2212 principio
820 2132 1024 2194 narracionis:
1045 2130 1235 2201 Excellencie
1252 2132 1298 2194 vel
1315 2131 1426 2195 nobili-

223 2243 278 2308 tati
296 2240 334 2325 e)
351 2246 451 2304 vestre
475 2238 623 2321 significo.
657 2239 731 2302 Item
754 2239 918 2302 notandum
933 2238 985 2326 f),
1003 2241 1029 2302 si
1052 2242 1158 2304 maiori
1180 2241 1212 2304 in
1228 2242 1308 2304 clero
1332 2241 1431 2323 scrip-

224 2352 310 2422 seris,
328 2349 412 2412 dicas
426 2349 483 2434 q):
500 2348 683 2412 Reverencie
696 2348 743 2410 vel
757 2348 922 2419 sanctitati,
933 2349 1111 2429 prudencie,
1129 2350 1311 2413 discrecioni
1327 2357 1430 2415 vestre

225 2457 373 2542 significo.
387 2458 558 2522 Notandum
575 2456 682 2527 eciam,
699 2455 780 2540 quod
795 2456 933 2520 narracio
950 2458 1008 2520 alia
1025 2464 1071 2521 est
1087 2459 1222 2540 simplex,
1239 2459 1296 2522 alia
1314 2459 1433 2542 duplex,

225 2570 284 2633 alia
300 2565 452 2646 multiplex
466 2563 523 2650 lJ:
541 2565 665 2647 simplex
678 2570 725 2628 θεῖ
737 2565 857 2648 quando
870 2570 985 2629 tantum
1002 2586 1093 2629 unum
1109 2575 1248 2632 narratur
1260 2570 1433 2650 negocium,

227 2676 335 2759 duplex
363 2680 410 2738 θεῖ
439 2674 557 2757 quando
582 2673 640 2737 duo
668 2678 828 2737 narrantur
856 2674 1001 2755 negocia,
1029 2675 1183 2758 multiplex
1206 2678 1325 2759 quando
1347 2679 1435 2760 plura

228 2790 387 2849 narrantur
413 2782 550 2865 negocia.
576 2782 638 2846 Sed
665 2782 791 2845 maxima
819 2783 925 2846 cancie
954 2790 1001 2848 est
1032 2784 1202 2848 adhibenda
1233 2787 1264 2849 in
1296 2787 1435 2870 negociis

229 2893 383 2978 pluribus:

322 3002 368 3065 Ne
383 3004 513 3085 primum
527 2999 637 3071 medio,
654 2998 785 3063 medium
801 3020 839 3063 ne
856 3001 1009 3083 discrepet
1024 3002 1083 3065 imo
1104 3003 1142 3090 ¹).

322 3111 368 3176 dd
384 3111 462 3174 banc
479 3110 627 3175 cautelam
645 3113 774 3195 quedam
791 3120 861 3177 sunt
876 3115 995 3178 vincula
1011 3113 1197 3189 adhibenda,
1219 3119 1277 3182 hec
1302 3119 1435 3183 scilicet:

233 3222 365 3293 interea,
394 3220 532 3301 insuper,
560 3226 693 3284 ceterum
723 3226 754 3284 et
781 3222 890 3285 similia
911 3223 1035 3285 materie
1053 3225 1278 3298 conveniencia,
1296 3228 1437 3311 quoniam

236 3328 316 3413 quod
343 3329 418 3392 tacit
444 3328 494 3410 pix
521 3328 553 3390 in
574 3328 659 3399 navi,
682 3329 741 3392 hoc
764 3329 880 3393 iaciunt
902 3330 1142 3411 coniunctiones,
1164 3336 1391 3417 preposiciones
1408 3344 1438 3401 et

237 3437 380 3504 adverbia
395 3437 424 3499 in
440 3435 545 3499 literis.
929 3454 931 3457 ·

708 3623 750 3687 Ile
766 3624 915 3706 peticione
929 3621 970 3705 i).

333 3765 477 3847 Sequitur
498 3765 535 3828 de
551 3766 718 3847 peticione,
741 3785 799 3849 que
823 3773 870 3830 est
892 3775 997 3850 quarta
1019 3789 1089 3851 pars
1112 3771 1286 3853 principalis
1302 3773 1439 3855 epistole.

241 3872 296 3937 Est
312 3879 412 3937 eutem
427 3874 550 3956 peticio,
567 3893 626 3956 qua
643 3873 674 3936 in
691 3875 818 3956 epistola
840 3895 904 3936 rem
925 3877 1055 3958 aliquam
1077 3878 1277 3943 desideratam
1299 3881 1440 3963 petimus.

241 3983 280 4047 lit
295 3983 468 4055 notandum,
491 3985 571 4067 quod
599 3989 714 4065 septem
741 3989 812 4048 sunt
833 3985 913 4048 modi
935 3986 987 4070 qui
1009 3986 1119 4051 cadunt
1140 3989 1207 4053 loco
1229 3991 1389 4071 peticionis
1413 3993 1444 4055 in

333 4113 367 4178 a)
381 4110 561 4164 intencionem
580 4109 608 4164 Z.
623 4139 657 4149 -
671 4109 703 4181 d)
723 4110 939 4181 quandoquidem
956 4112 984 4163 Z.
1003 4142 1033 4152 -
1048 4113 1080 4181 c)
1094 4113 1161 4167 bist.
1181 4114 1224 4168 lX.
1249 4145 1277 4154 —
1298 4116 1333 4184 d)
1354 4133 1444 4173 rernm

245 4202 382 4267 gestarum
396 4201 468 4252 velut
478 4204 612 4269 gestarum
626 4198 745 4271 posiei03
759 4201 841 4254 elius:
853 4202 1008 4256 narracioZ.
1018 4232 1046 4241 -
1056 4205 1086 4273 e)
1103 4205 1143 4256 rel
1156 4207 1355 4275 magnificencie
1369 4211 1398 4263 Z.
1409 4243 1443 4253 -

244 4289 346 4360 f)ltem
361 4294 415 4342 not.
424 4290 490 4343 fehlt
503 4292 529 4343 Z.
547 4321 575 4330 —
589 4292 624 4362 q)
634 4296 696 4345 tuoe
707 4290 782 4344 dieas
796 4292 824 4345 Z.
837 4322 868 4330 -
879 4291 914 4361 l)
927 4293 977 4347 alia
992 4298 1033 4346 est
1043 4295 1149 4366 duplex,
1161 4299 1211 4353 alie
1223 4301 1336 4374 simplex
1345 4309 1399 4361 ete.
1413 4309 1444 4363 V.
1534 4322 1535 4325 ’

246 4380 275 4447 i)
290 4379 354 4433 [list.
371 4382 393 4432 x
408 4379 476 4433 fehlt
491 4381 519 4433 V.
1002 4390 1004 4394 ⁴

248 4516 573 4529 —--———--

273 4614 298 4673 1)
311 4616 367 4661 llor.
381 4629 417 4660 ars
430 4615 494 4673 posit.
514 4613 567 4661 152.
586 4617 663 4662 Primo
681 4631 710 4663 ne
728 4619 837 4671 medium,
855 4620 931 4664 medio
949 4634 978 4665 ae
995 4623 1117 4683 discrepet
1133 4628 1211 4673 imum.
