3209 5392
1320 428 1369 499 la

259 597 439 667 Nouelerue
455 602 617 666 mutiero.
650 599 792 664 Naucleri
808 599 848 662 ad
868 600 997 662 invicem
1014 620 1049 663 se
1069 602 1211 673 salutant,
1232 601 1371 666 scribunt

168 706 244 770 sibi:
269 713 299 771 et
315 708 354 791 a)
370 709 409 772 ad
423 715 543 791 portum
558 708 732 790 pertingere
748 726 817 772 cum
833 708 963 780 fortuna,
979 709 1043 771 uel:
1061 709 1188 774 salutem
1204 715 1235 773 et
1249 710 1371 793 pericu·

163 815 261 878 lorum
277 818 453 882 discrimina
469 818 592 882 evitare.

228 973 233 979 -
252 928 403 993 Raeticae
414 928 551 994 rustico:
566 926 707 1009 Agricole
716 927 868 1008 simplices
876 927 1013 990 scribunt
1024 927 1063 990 ad
1070 927 1200 991 invicem
1213 927 1369 993 dicentes:

160 1034 292 1097 salutem
314 1056 371 1099 nec
392 1057 453 1099 non
474 1038 640 1109 frumento,
663 1036 732 1101 vino
756 1042 786 1099 et
808 1034 873 1098 oleo
897 1034 1035 1108 stabiliri,
1052 1038 1114 1100 vel:
1139 1037 1314 1102 salutemet
1334 1038 1366 1103 in

159 1143 336 1209 animalium
353 1144 465 1210 fetibus
482 1145 668 1208 habundare.

642 1349 685 1411 lte
701 1347 825 1412 exordio
840 1344 889 1429 l).

249 1508 399 1591 Expedita
416 1510 617 1580 salutacione,
636 1529 694 1592 que
711 1514 844 1590 estpars
867 1507 993 1589 epistole
1008 1507 1183 1589 principalis
1206 1513 1237 1571 et
1257 1508 1365 1594 prima,

158 1637 239 1680 nunc
275 1617 436 1681 videndum
464 1624 511 1682 est
538 1619 576 1681 de
604 1617 730 1701 epistole
757 1623 843 1700 parte
870 1615 1027 1699 principali
1056 1616 1206 1690 secunda,
1235 1635 1293 1699 que
1316 1622 1365 1680 est

153 1726 296 1808 captacio
313 1727 531 1799 benivolencia
548 1747 606 1810 que
622 1725 758 1809 pluribus
775 1724 945 1787 nominibus
962 1724 1139 1807 appellatur,
1156 1724 1363 1801 diciturenim

159 1834 325 1917 aliquando
337 1836 561 1924 proverbium,
584 1833 744 1917 aliquando
768 1855 891 1922 arengo
908 1833 959 1917 e),
982 1832 1142 1915 aliquando
1164 1832 1362 1919 prohemium

151 1951 362 2026 nuncupatur:
403 1944 456 2007 sed
489 1944 654 2007 communis
687 1964 760 2006 usus
799 1944 888 2006 istam
927 1942 1003 2005 solet
1040 1941 1219 2023 particulam
1259 1941 1361 2005 dicere

150 2055 304 2139 coptocio
320 2055 544 2124 benivolencia
562 2073 598 2115 eo
615 2052 695 2135 quod
711 2054 776 2135 ipsa
789 2052 949 2133 negocium
969 2071 1135 2133 congruum
1148 2051 1212 2113 sive
1228 2071 1362 2114 commo-

150 2162 220 2224 dum
243 2163 340 2225 faciat
367 2166 398 2226 et
417 2142 548 2224 animum
569 2162 715 2226 auditoris
737 2161 909 2224 benivolum
930 2161 1046 2224 reddat.
1079 2162 1285 2226 Propertium
1308 2166 1357 2226 θεῖ

149 2270 281 2353 quedam
298 2270 459 2334 similitudo
473 2270 698 2354 methaphorice
711 2271 868 2333 continens
882 2269 1129 2333 consuetudinem
1147 2267 1352 2351 approbatam,

152 2381 246 2443 sicut:
273 2381 352 2443 Mus
375 2380 413 2441 in
438 2385 585 2461 sporta,
613 2380 768 2461 ignisin
796 2379 897 2451 sinu,
933 2397 1092 2460 serpens
1123 2376 1161 2438 in
1192 2378 1358 2458 gremio:

148 2490 216 2552 hec
248 2490 330 2552 tria
361 2508 431 2550 non
462 2489 589 2552 solent
620 2488 700 2551 suis
739 2488 902 2570 prebere
933 2485 1158 2568 hospitibus
1195 2506 1348 2551 munera

152 2597 347 2679 graciosa.
398 2597 581 2661 Exordium
612 2603 660 2660 est
690 2597 871 2679 principium
903 2595 1071 2666 oracionis,
1107 2614 1163 2676 per
1200 2595 1280 2677 quod
1318 2597 1356 2658 ad

148 2707 332 2769 audiendum
366 2706 533 2769 instituitur
564 2706 680 2768 animus
714 2704 859 2768 auditoris
868 2725 877 2775 ;
901 2702 985 2765 verbi
1014 2703 1134 2784 gracia:
1159 2703 1233 2766 Eius
1260 2703 1359 2785 pietas

149 2820 193 2878 est
228 2815 377 2898 precipue
416 2814 669 2886 commendanda,
711 2815 762 2898 qui
798 2812 840 2899 d)
880 2812 964 2893 prius
1009 2831 1098 2894 quam
1137 2812 1195 2873 sibi
1233 2832 1360 2894 precum

147 2926 296 2990 instancia
342 2925 530 3008 porrigatur,
577 2924 668 3005 digno
707 2922 855 2986 beneficio
899 2921 1036 3003 prevenit
1086 2921 1270 3001 indigentem
1304 2920 1354 3005 e).

147 3035 277 3123 drenge
306 3040 353 3098 est
380 3034 509 3116 quedam
536 3034 649 3116 prolixa
678 3033 830 3115 prefacio‚
859 3051 918 3114 que
945 3030 984 3091 ad
1012 3029 1248 3092 benivolenciam
1282 3049 1356 3111 cap·
1365 3047 1477 3088 runa

147 3144 266 3206 tardam
302 3143 504 3224 premittitur,
545 3148 575 3206 et
608 3143 666 3205 bac
684 3162 766 3204 raro
800 3141 908 3222 aliquis
946 3138 1041 3201 utitur
1071 3138 1151 3220 apud
1181 3140 1352 3211 modernos,

148 3253 202 3315 nisi
235 3253 269 3314 in
299 3251 383 3313 curia
406 3252 557 3321 Romana:
590 3251 674 3313 verbi
706 3250 826 3332 gracia:
868 3248 946 3329 „Qui
982 3247 1041 3309 scit
1077 3268 1109 3308 se
1145 3247 1210 3311 aliis
1242 3268 1354 3330 prepo-

147 3361 244 3432 situm,
264 3380 326 3422 non
343 3359 468 3422 moleste
485 3360 564 3422 serat
580 3358 620 3445 f]
636 3359 765 3441 aliquem
783 3358 841 3419 sibi
863 3378 932 3419 esse
948 3355 1112 3439 prelatum;
1135 3356 1201 3437 ipsa
1226 3375 1354 3439 namque

146 3469 277 3532 Romana
295 3468 435 3540 ecelesia,
453 3487 511 3550 que
529 3468 839 3549 disponenteDomino
852 3472 949 3530 mater
961 3470 1008 3528 est
1021 3469 1197 3528 cunctorum
1209 3463 1352 3535 bdelium,

148 3576 188 3640 ita
217 3579 301 3640 vires
332 3597 402 3639 suas
435 3577 502 3639 aliis
533 3578 673 3639 ecclesiis
706 3575 857 3659 disposuit
885 3573 1074 3658 largiendas,
1110 3580 1144 3638 ut
1174 3574 1205 3637 in
1235 3581 1353 3656 partem

147 3693 250 3749 vocate
263 3685 306 3772 9)
322 3682 1117 3768 sintsollicitudiuis,noninplenitudinempotestatis.
1132 3681 1349 3747 Hincestetc.“

146 3794 347 3860 Prohemicm
361 3800 408 3858 est
420 3815 518 3858 sermo
531 3795 723 3877 preambulus
742 3795 781 3858 ad
802 3794 942 3865 dicenda,
956 3792 1000 3855 sic
1012 3790 1097 3853 verbi
1113 3791 1233 3871 gracia:
1253 3792 1349 3867 „Cum

145 3903 215 3964 tales
233 3924 304 3965 esse
328 3901 491 3965 debeamus
515 3904 593 3986 apud
618 3903 755 3968 subditos
778 3904 883 3986 quales
901 3922 967 3973 nos,
985 3919 1052 3964 cum
1069 3897 1182 3962 subditi
1199 3919 1357 3975 essemus,

145 4018 261 4076 nostros
286 4031 356 4075 esse
379 4012 514 4075 volumus
530 4011 571 4099 h)
587 4014 735 4095 prelatos,
753 4013 895 4075 miramur
910 4011 1119 4080 vehementer,
1143 4010 1223 4091 quod
1241 4018 1348 4078 contra

145 4119 279 4208 talemi)
308 4121 452 4185 clericum
468 4121 606 4202 rigiditas
623 4127 723 4185 vestra
741 4122 817 4185 adeo
846 4128 894 4184 est
916 4119 1079 4182 effrenata“
1099 4124 1157 4181 etc.
1193 4119 1347 4208 Coptaeio

148 4230 358 4296 hmicolenoic
382 4236 428 4293 θεῖ
460 4231 610 4314 quoddam
643 4232 896 4303 blandimentum,
929 4249 988 4313 quo
1021 4227 1196 4308 recipientis
1229 4230 1346 4293 animus

145 4335 295 4402 benivolus
323 4337 460 4401 redditur
487 4340 569 4402 circa
585 4360 744 4422 personam
761 4342 943 4410 mittentem:
968 4336 1052 4399 verbi
1067 4334 1195 4416 gracia:
1230 4336 1345 4412 „Vobis

161 4466 164 4476 '
230 4467 264 4536 a)
279 4465 394 4520 salutem
406 4481 454 4519 vor
467 4470 494 4519 et
507 4475 687 4537 nuergatnzeo.
706 4470 734 4508 -’
745 4467 921 4539 h)Distinctlo
940 4441 1052 4517 Vllu-
1065 4460 1097 4527 c)
1117 4461 1259 4515 exordium.
1269 4465 1297 4517 Ζ.
1317 4497 1342 4506 -

147 4555 178 4622 d)
191 4573 241 4625 que
259 4558 289 4611 V.
306 4586 336 4595 -
352 4556 385 4623 e)
399 4555 577 4626 indignantem
590 4559 619 4612 V.
638 4589 665 4598 -
680 4559 792 4630 frfaot
813 4561 841 4613 Z.
856 4590 890 4597 -
912 4558 947 4628 p)
968 4551 1059 4607 vocati
1081 4550 1109 4603 V.
1125 4578 1159 4589 —
1171 4549 1205 4619 h)
1225 4555 1345 4610 volomus

149 4657 203 4696 esse
215 4646 244 4700 V.
261 4677 286 4686 -
305 4644 558 4714 veracitatem.

1078 4746 1120 4800 2.
