3209 5392
1289 531 1366 604 273

172 690 352 767 vendicare,
380 698 405 760 si
427 697 506 781 apud
529 719 581 762 ros
604 701 808 764 exaudicionis
834 709 956 785 paterne
980 705 1114 785 graciam
1139 695 1367 787 consequamur,

176 805 258 868 Sanc
276 824 344 867 oum
360 806 543 869 honorabilis
560 808 607 870 vir
621 809 658 871 N.
675 848 719 857 —
736 809 853 891 inquo,
870 817 960 892 prout
977 818 1098 892 experte
1121 812 1321 893 comperimus
1339 818 1369 875 et

175 914 389 994 cognovimus,
419 915 530 978 clarior
556 914 626 978 fidei
654 917 856 1000 puritatisque
885 917 1013 981 scintilla
1041 918 1229 1000 resplenduit
1257 920 1369 982 -sic

173 1019 288 1102 perioie
303 1021 442 1084 litteralis
458 1025 633 1105 prestanoia
649 1025 772 1107 polleat,
789 1025 835 1086 sio
851 1025 980 1088 honeste
1003 1027 1064 1088 rite
1080 1045 1256 1109 morumque
1273 1027 1371 1089 nitore

174 1129 363 1209 prefulgeat,
397 1131 478 1213 quod
507 1131 615 1195 nullius
644 1131 878 1195 obumbracione
913 1132 1051 1214 caliginis
1086 1133 1150 1197 visa
1178 1134 1219 1197 sit
1249 1154 1371 1198 suorum

177 1234 373 1299 laudabilium
401 1258 525 1320 operum
543 1239 665 1301 claritas
682 1239 825 1301 nubilari:
861 1259 915 1321 pro
932 1260 968 1302 eo
986 1245 1087 1303 vestre
1105 1241 1268 1314 sanctitati,
1284 1247 1374 1323 prout

178 1341 250 1406 licet
263 1351 294 1407 et
309 1364 480 1427 possumus,
503 1346 682 1429 suppliciter
703 1348 893 1419 inclinamus,
916 1353 1055 1432 petentes
1078 1355 1225 1432 quatenus
1243 1370 1278 1412 ex
1294 1369 1369 1412 con-

177 1457 264 1516 suete
278 1452 475 1533 benignitatis
489 1455 656 1518 clemencia
665 1457 705 1541 a)
713 1456 885 1518 rutilantem
897 1455 972 1520 tanti
986 1456 1042 1519 riri
1056 1458 1209 1520 lucernam
1223 1457 1372 1519 demedio

178 1559 316 1642 caliginis
340 1580 430 1642 super
453 1562 667 1625 candelabrum
689 1564 858 1645 graciosius
881 1564 1070 1637 attollentes,
1098 1553 1282 1628 monasterio
1310 1565 1373 1634 tali,

177 1669 257 1753 quod
281 1668 435 1732 viduitatis
458 1671 525 1732 exui
550 1669 677 1733 clamide
700 1671 850 1744 clamitat,
879 1673 916 1735 de
938 1672 1033 1756 ipsius
1056 1691 1186 1752 persona
1210 1671 1374 1758 dignemini

176 1776 346 1857 previdere.
364 1778 459 1840 Reata
477 1778 555 1839 enim
572 1777 741 1839 huiusmodi
757 1778 898 1848 ecclesia,
916 1784 947 1841 ut
964 1778 1167 1841 verisimiliter
1182 1778 1373 1849 arbitramur,

181 1904 214 1945 se
230 1884 343 1965 poterit
357 1889 509 1968 reputare,
527 1886 553 1947 si
570 1886 714 1948 meruerit
730 1905 842 1969 sponso
859 1892 920 1972 tam
938 1886 1063 1967 egregio
1080 1885 1224 1966 copulari.

751 2091 813 2160 ot.

588 2232 784 2295 bononorum
800 2250 853 2294 rex
870 2231 982 2294 iudici.⁴

182 2350 265 2422 Kdoiy
277 2352 381 2422 liudolf
391 2351 498 2422 fordere
517 2351 595 2406 einen
608 2351 717 2407 Richter
737 2354 797 2424 auf,
820 2351 911 2407 seineu
927 2351 1061 2407 Getreneo
1072 2354 1109 2408 N.
1129 2354 1185 2407 und
1201 2354 1235 2407 N.
1254 2352 1284 2407 ia
1301 2350 1376 2407 ihrer

183 2440 542 2514 Erdccboftoanyelecendeit
562 2445 644 2496 eolles
667 2441 751 2496 liecbt
773 2442 938 2514 cayedeiben
959 2461 992 2495 cu
1014 2446 1114 2507 leucen,
1136 2442 1222 2497 domit
1241 2442 1283 2497 sie
1304 2441 1377 2496 rdobt

280 2549 440 2618 getwanqen
452 2534 568 2593 werden,
583 2550 619 2585 cn
631 2534 685 2586 den
697 2532 867 2604 dedno'plo‘oben
880 2531 1061 2587 Iiiobterctubl
1073 2551 1105 2585 ou
1118 2531 1282 2587 recurrerem

272 2641 417 2699 Bcdmann,
430 2656 457 2708 p.
473 2638 525 2692 178
537 2639 591 2692 und
604 2640 751 2693 Firnhaber
764 2641 863 2693 Fontes
878 2656 930 2694 rer.
944 2641 1036 2693 dustr.
1050 2640 1076 2699 6,
1090 2658 1116 2710 p.
1131 2640 1174 2694 tt.

273 2748 433 2831 Querelam
450 2767 573 2829 gravem
589 2746 721 2810 fidelium
737 2753 909 2811 nostrorum
925 2748 962 2809 N.
981 2752 1011 2809 ct
1027 2747 1064 2810 N.
1083 2768 1178 2829 nuper
1193 2749 1376 2829 accepimus,

184 2856 487 2940 continentemquod
496 2854 765 2937 superhereditate
774 2875 877 2917 eorum
890 2861 1026 2935 paterna,
1039 2855 1135 2936 inqua
1148 2854 1187 2941 b)
1199 2855 1332 2936 ipsorum
1340 2856 1377 2919 de

180 2965 244 3027 iure
262 2964 393 3027 'funiculi
415 2963 604 3035 ceciderunt,
621 2982 680 3025 non
702 2963 799 3024 levem
816 2963 933 3043 irrogas
957 2962 1001 3024 eis
1024 2962 1179 3034 iniuriam,
1208 2969 1239 3026 et
1261 2962 1376 3024 eisdem

94 3053 95 3058 ἵ
146 3070 158 3080 “
181 3072 314 3135 indebite
331 3074 465 3154 denegas
483 3072 635 3143 exhibere,
654 3071 733 3153 quod
750 3070 884 3133 debitum
902 3070 947 3132 eis
964 3068 1147 3132 hereditarie
1172 3071 1376 3133 successionis

182 3179 317 3242 noscitur
332 3178 516 3260 inpendisse.
551 3177 701 3260 Quocirca
717 3177 772 3240 tibi
789 3178 910 3258 precise
927 3176 1114 3247 mandamus,
1136 3182 1285 3260 quatenus
1301 3177 1376 3260 ipsis

181 3307 273 3369 super
288 3288 444 3368 premissis
468 3292 529 3351 tam
550 3290 688 3369 prompte
710 3285 831 3348 iusticie
854 3284 1070 3367 plenitudinem
1086 3285 1210 3349 studeas
1227 3286 1375 3367 inpertiri,

181 3395 261 3477 quod
289 3416 349 3458 non
376 3401 524 3477 cogantur
551 3396 697 3476 deinceps
726 3414 818 3475 super
846 3395 969 3457 defectu
997 3393 1168 3457 huiusmodi
1197 3394 1234 3457 ad
1258 3394 1376 3477 regium

181 3503 310 3566 tribunal
327 3503 440 3567 habere
457 3522 625 3573 recursum,
642 3508 672 3565 et
689 3523 744 3564 nos
767 3502 894 3586 proinde
916 3502 983 3572 tibi,
1007 3503 1033 3564 si
1055 3508 1139 3564 recta
1156 3503 1205 3565 via
1222 3503 1252 3564 in
1269 3504 1377 3565 eodem

180 3612 262 3673 sacto
284 3610 483 3693 processeris,
501 3631 560 3673 non
577 3610 730 3672 declinans
749 3611 787 3672 ad
805 3610 958 3672 dexteram
981 3611 1028 3671 uel
1046 3610 1207 3680 sinistram,
1225 3611 1375 3691 condigne

180 3718 370 3800 gratitudinis
387 3719 485 3781 vicem
503 3719 539 3780 de
555 3716 736 3781 liberalitate
753 3717 838 3798 regia
856 3718 1066 3805 rependemus.

755 3942 818 4011 62.

510 4083 571 4146 Ber
587 4083 783 4146 Romanorum
800 4083 831 4146 N.
850 4084 1047 4146 universitati.

183 4204 269 4276 Konip
283 4205 388 4275 liudolf
405 4203 537 4277 empfieblt
558 4203 636 4259 einen
656 4205 786 4276 perviscera
804 4203 951 4267 Jodonnec,
977 4206 1029 4258 den
1051 4222 1081 4259 er
1103 4222 1135 4257 au
1157 4204 1257 4259 ceinem
1271 4203 1377 4274 Kopion

458 4294 580 4366 gemacht
592 4294 648 4358 bct,
661 4296 720 4348 dem
739 4293 908 4349 Wodlwollen
923 4294 999 4348 einer
1012 4295 1098 4348 Stodt.

271 4421 369 4502 Digne
403 4423 469 4484 illos
503 4420 697 4502 prerogativa
737 4422 849 4483 favoris
873 4419 1098 4500 amplectimur,
1123 4418 1172 4503 qui
1193 4439 1249 4501 per
1269 4421 1378 4484 merita

181 4528 323 4592 virtuosis
334 4529 475 4611 operibns
490 4549 522 4591 se
536 4530 623 4591 nobis
637 4529 773 4612 placidos
782 4527 981 4589 exhibuerunt
993 4526 1374 4608 ethominibusgraciosos.

275 4693 308 4760 o)
322 4692 465 4746 clemencie
480 4692 508 4743 V.
524 4722 555 4732 -
571 4693 603 4760 d)
619 4710 671 4760 quo
686 4693 713 4746 V.

241 4794 337 4838 sontes.
350 4794 417 4838 aeon.
431 4795 457 4838 n.
471 4793 510 4836 co.
524 4794 589 4836 xxv.
1127 4780 1161 4832 18
