3209 5392
811 769 874 838 44.
957 806 962 815 -

240 943 405 1023 Ιιιροηιοι
421 942 482 1019 regi
505 943 585 1023 quod
601 942 733 1005 delectat
749 960 815 1004 eun
832 942 861 1005 el
877 946 909 1006 et
924 943 1024 1005 domui
1039 960 1092 1004 sue
1114 945 1261 1025 perpetua
1277 942 1438 1006 lutitan-

731 1055 794 1115 tate
812 1051 937 1115 couniri.

239 1210 287 1265 uin
306 1210 404 1265 Kaieer
424 1207 542 1264 schreibt
562 1209 645 1263 einen
667 1209 781 1281 Koniye,
802 1211 853 1267 wie
873 1211 936 1266 celer
958 1230 988 1264 er
1005 1208 1141 1274 nodneelre,
1164 1210 1229 1264 daea
1253 1210 1312 1265 ihre
1333 1213 1442 1265 Hdaeer

376 1298 463 1353 dareb
475 1298 533 1353 eine
546 1298 844 1371 Familienverlindunq
855 1297 922 1354 neele
933 1300 1019 1372 feater
1030 1299 1162 1370 oaeiniqt
1172 1299 1288 1354 werden.

329 1445 464 1507 Funiculi
481 1445 606 1528 triplicis
623 1446 753 1510 adunata
770 1446 952 1516 coniunctio,
970 1446 1048 1509 iuxta
1066 1445 1211 1527 sapientis
1229 1447 1377 1530 eloquium
1399 1447 1442 1534 ¹),

240 1553 328 1616 facile
345 1575 405 1615 non
422 1554 579 1617 consuevit
596 1558 718 1637 rupture
736 1554 893 1635 dispendio
910 1555 1040 1623 conteri,
1055 1555 1215 1636 presertim
1233 1555 1283 1618 ubi
1301 1575 1442 1638 unaque-

239 1684 297 1745 que
330 1663 373 1725 sie
405 1663 544 1745 triplicati
571 1663 693 1727 funiculi
716 1664 833 1744 porcio,
866 1662 971 1725 solidis
1003 1664 1167 1726 instaurata
1196 1664 1367 1746 principiis,
1400 1665 1439 1726 ad

239 1771 377 1833 immensi
393 1770 510 1833 ferendi
528 1771 687 1834 moliminis
702 1791 793 1835 onera
811 1769 923 1834 sufficit
938 1793 994 1853 per
1010 1792 1043 1832 se
1061 1771 1165 1854 ipsam.
1184 1773 1247 1835 Hac
1265 1773 1443 1836 considera-

240 1879 327 1942 cione
340 1885 477 1961 pensata,
490 1879 626 1943 videntes
640 1901 675 1942 ex
685 1881 743 1943 alto
752 1881 862 1944 virtute
878 1901 932 1945 vos
949 1881 1030 1943 indui
1049 1887 1079 1944 et
1094 1882 1261 1964 preclaram
1280 1881 1442 1952 dominam,

240 1989 365 2070 insignis
388 1988 482 2053 vestri
505 1988 584 2050 tbori
608 1996 798 2059 consortem,
826 1988 1030 2069 generositate
1053 1989 1161 2052 florere
1178 1990 1366 2059 naturalium,
1384 2010 1442 2052 nec

240 2117 300 2161 nou
327 2096 481 2180 sapiencie
510 2096 728 2161 instructabilis
756 2097 915 2161 altitudine
944 2098 1053 2161 celitus
1083 2098 1231 2161 ordinari:
1268 2098 1343 2160 libet
1370 2118 1439 2159 cum

240 2206 341 2269 inclita
358 2211 459 2270 vestra
476 2227 591 2289 suaque
622 2206 709 2269 domo
737 2212 883 2291 perpetue
907 2207 1118 2271 familiaritatis
1143 2207 1218 2269 inire
1236 2206 1427 2269 consorcium

241 2323 271 2379 et
293 2318 411 2399 utrique
440 2336 495 2398 per
522 2315 757 2378 indissociabilia
782 2317 886 2380 federa
911 2318 1039 2387 couniri,
1063 2325 1095 2380 ut
1118 2318 1223 2379 domus
1247 2317 1363 2401 imperii
1380 2337 1439 2379 una

241 2446 310 2489 oum
322 2427 443 2495 vestris,
460 2423 708 2488 confibulacionis
724 2426 839 2487 alterne
856 2427 961 2506 gavisa
978 2426 1102 2496 solacio,
1120 2433 1150 2489 et
1168 2428 1264 2489 amico
1282 2447 1317 2489 ac
1334 2432 1437 2490 mutuo

241 2535 353 2617 ubique
386 2534 530 2616 suffragio
562 2535 721 2603 coadiuta,
754 2534 784 2595 in
816 2536 926 2616 tytulos
951 2535 1051 2617 prisce
1079 2536 1219 2619 potencie
1248 2538 1439 2605 reformetur,

242 2648 392 2709 excelsius
409 2647 518 2709 vestris
534 2651 762 2731 vestrorumque
779 2647 991 2709 familiaritatis
1003 2647 1187 2729 amplexibus
1201 2649 1359 2713 adbesura.
1375 2649 1440 2731 Que

241 2756 363 2841 quidem
379 2757 409 2818 in
426 2756 523 2825 nobis,
540 2761 665 2819 auctore
682 2756 783 2820 divina
807 2757 983 2827 clemencia,
1006 2757 1219 2820 fortunacioris
1235 2759 1363 2841 auspicii
1380 2761 1439 2820 iam

242 2870 404 2947 augmenta
419 2863 606 2947 suscipiens,
630 2870 660 2927 et
677 2865 716 2928 ad
732 2863 810 2928 lilios
828 2864 974 2937 liliorum,
998 2872 1086 2949 prout
1109 2886 1181 2948 spes
1203 2866 1347 2948 pulchra,
1369 2887 1440 2949 pro-

242 2974 369 3038 mittitur
397 2974 570 3037 successiva
606 2974 792 3042 beatitudine
831 2974 1013 3045 derivanda,
1048 2976 1074 3036 si
1103 2977 1182 3038 inter
1210 2997 1264 3039 nos
1294 2982 1439 3058 concepte

242 3083 449 3164 eolligacionis
467 3089 497 3146 et
513 3103 636 3167 pervus
654 3084 829 3147 familiarius
847 3084 993 3167 requisite
1017 3085 1146 3147 felicitas
1170 3087 1200 3147 iu
1216 3086 1333 3148 votivos
1351 3105 1441 3147 even-

241 3197 291 3255 tus
314 3198 344 3253 et
361 3210 514 3273 congruos
526 3191 700 3279 adolescat,
716 3191 802 3255 vobis
820 3198 850 3254 et
865 3194 975 3255 vestris
993 3193 1101 3256 abesse
1119 3214 1176 3255 non
1194 3194 1316 3275 poterit,
1340 3194 1441 3255 sedin

243 3299 361 3362 cunctis
379 3300 633 3381 oportunitatibus
650 3299 817 3364 efficaciter
834 3301 989 3383 aspirabit.

817 3507 882 3579 45.

125 3703 232 3747 roasa.
266 3682 368 3746 lerna
399 3683 565 3763 prlvllogil‚
605 3702 662 3764 quo
701 3688 864 3767 lmpcrotor
895 3686 1002 3768 reciplt
1034 3687 1064 3749 ln
1096 3705 1178 3750 suam
1210 3689 1424 3769 protectionem

730 3797 951 3859 monasterinm.

244 3955 323 4006 Ferm
336 3952 409 4007 einee
421 3953 618 4024 Prieilepiume,
637 3952 722 4009 durch
740 3953 854 4009 welebee
872 3955 914 4010 ein
933 3954 1022 4026 Kdniq
1038 3957 1105 4009 oder
1120 3956 1218 4012 Kaieer
1235 3956 1319 4011 ciuem
1338 3954 1440 4009 reinbe-

243 4043 440 4100 unmittelboren
452 4047 558 4100 Kloeter
575 4046 620 4102 die
638 4046 803 4117 Privileqien
820 4045 910 4101 aanor
928 4049 1079 4118 Vorpdnyer
1097 4048 1219 4120 tentatiqt
1234 4048 1292 4102 und
1310 4057 1438 4102 eraeuert.

334 4191 444 4254 stubba,
459 4192 521 4246 206.

334 4340 366 4402 ln
384 4340 542 4402 excellenti
560 4338 682 4423 specula
698 4341 783 4420 regie
799 4341 967 4403 maiestatis
985 4340 1179 4404 ordinacione
1197 4340 1296 4406 diuina
1313 4339 1441 4403 feliciter

244 4449 400 4512 constituti
414 4449 451 4510 ad
464 4449 708 4531 prospiciendum
721 4449 842 4511 utilitati
856 4447 1000 4521 fidelium,
1012 4450 1276 4535 perspicacitatem
1290 4450 1440 4514 oculorum

243 4559 333 4639 longe
349 4559 470 4642 lateque
489 4559 692 4628 diffundimus,
711 4558 988 4621 ecclesiasticarum
1004 4580 1199 4641 personarum
1219 4560 1443 4644 indempnitati-

274 4799 297 4858 1)
316 4804 408 4849 Eccles.
423 4817 444 4847 c.
459 4802 482 4850 l.
499 4804 534 4847 la.
