3209 5392
1290 600 1367 673 355

174 767 414 852 reprehensibile
438 766 602 839 videretur,
626 770 652 831 si
680 769 724 832 sie
746 775 883 850 repente,
907 771 952 833 sie
974 771 1189 855 precipitantcr
1210 754 1248 836 ad
1276 774 1368 837 colla-

175 877 292 941 cionem
320 876 487 960 aliquorum
516 876 722 950 districtuum,
755 879 793 940 ad
828 879 950 941 easdem
976 883 1075 942 terras
1092 881 1299 964 spectancium
1315 882 1367 969 a),

182 985 353 1049 huiusmodi
371 986 580 1050 declaracione
603 1007 657 1050 seu
679 986 867 1050 discussione
889 988 1040 1070 neglecta,
1063 988 1112 1074 cui
1139 988 1280 1054 videlicet
1301 990 1369 1074 qui-

179 1093 348 1176 busquidve
365 1093 404 1179 b)
428 1094 465 1157 de
487 1094 553 1157 iure
570 1100 787 1178 competerent,
805 1115 859 1157 nos
877 1095 1065 1177 contingeret
1079 1097 1216 1180 prosilire
1236 1096 1273 1183 1);
1298 1098 1368 1162 Ideo

178 1207 279 1267 vestra
306 1202 393 1266 nobis
420 1209 561 1285 porrecta
586 1203 697 1285 peticio
726 1222 780 1286 pro
804 1203 885 1265 dicto
907 1204 944 1267 N.
971 1204 1009 1267 ad
1036 1224 1161 1287 presens
1185 1211 1232 1269 est
1259 1207 1369 1271 effectu

174 1312 329 1374 frustrata.
365 1311 452 1392 Quod
470 1312 573 1394 ntique
589 1316 720 1374 mentem
735 1313 851 1395 regiam
873 1311 1067 1394 displicencie
1090 1313 1197 1396 spiritu
1218 1335 1277 1377 non
1298 1336 1369 1399 per-

138 1477 140 1481 ,
174 1418 294 1489 turbet,
316 1438 385 1481 cnm
408 1419 485 1490 sint,
508 1425 542 1482 nt
564 1420 676 1491 nostis,
699 1419 885 1501 agendorum
906 1439 1068 1502 processus
1091 1421 1262 1485 huiusmodi
1283 1423 1369 1507 equis

173 1527 341 1592 trutinandi
357 1526 477 1590 iudiciis
495 1533 525 1590 et
541 1528 665 1591 maturis
682 1528 871 1591 examinandi
887 1529 1021 1592 consiliis
1038 1534 1069 1592 ct
1085 1530 1210 1603 exectis,
1222 1552 1261 1595 ne
1273 1532 1370 1615 possit

181 1637 391 1701 mutabilitatis
415 1642 445 1700 et
467 1637 671 1701 inconstancic
699 1639 785 1720 argui
812 1637 1004 1721 presidcncia
1025 1639 1209 1723 principalis.
1243 1641 1370 1706 Verum-

180 1751 281 1808 tamen
297 1744 334 1808 ad
351 1748 452 1808 vestre
468 1746 564 1827 glorie
580 1745 693 1827 tytulos
709 1745 890 1809 attollendos
906 1750 968 1810 tam
983 1747 1099 1810 fervido
1115 1747 1248 1829 gerimus
1264 1751 1370 1813 incon-

174 1873 263 1917 cusse
276 1853 458 1917 sinceritatis
475 1853 626 1926 affectum,
645 1854 771 1939 quode)
787 1854 909 1918 libuerit
922 1855 1008 1918 robis
1021 1855 1063 1941 d)
1080 1855 1119 1918 ad
1133 1857 1170 1944 e)
1187 1877 1371 1940 recuperan-

181 1962 250 2025 dum
266 1961 314 2024 ins
330 1961 440 2045 prefati
457 1963 616 2026 camerarii
631 1963 725 2027 nestri
741 1968 912 2027 nostrarum
926 1964 964 2047 f)
980 1965 1112 2028 excitare
1133 1955 1241 2029 virium
1262 1970 1377 2048 potem·

175 2069 263 2140 ciam,
293 2068 378 2132 vobis
396 2069 439 2156 p)
469 2075 498 2134 et
526 2071 554 2133 ei
583 2090 674 2154 snper
700 2071 759 2135 hoc
787 2070 818 2133 in
851 2071 1059 2134 benivolencie
1091 2072 1254 2154 singularis
1285 2072 1371 2136 uberi

179 2178 349 2250 affluencia,
373 2185 516 2261 quantum
534 2178 599 2242 sine
615 2179 689 2242 iuris
706 2198 864 2263 possumus
882 2181 1000 2252 iniuria,
1023 2181 1151 2244 libenter
1168 2188 1197 2245 et
1212 2181 1377 2246 liberaliter

175 2286 359 2351 intendimus
377 2287 519 2369 aspirare.

749 2512 784 2582 6.

513 2690 709 2753 Romanorum
726 2690 789 2769 regi
806 2692 959 2774 provincio
975 2694 1031 2755 eto.

175 2841 241 2895 Eine
263 2841 375 2895 Prooinz
388 2840 522 2910 ddcryr‘edt
542 2839 601 2894 oieb
620 2842 677 2893 und
696 2840 753 2895 ibrc
777 2843 868 2895 stacte
886 2838 946 2893 und
966 2841 1124 2909 Fectrroyco,
1144 2837 1201 2893 ihre
1225 2838 1295 2891 Habe
1316 2838 1372 2890 und

434 2930 620 2999 Bevoltcrnnp
633 2930 692 2984 dem
706 2928 819 2985 Scbntzc
832 2931 879 2983 dec
892 2928 993 2998 Kdnc'yc
1005 2928 1114 2999 llndolf.

267 3077 443 3141 Benedictio
474 3082 505 3139 et
535 3069 668 3145 claritas,
697 3075 852 3159 sapiencia
880 3079 910 3136 et
937 3074 1110 3155 graciarum
1139 3071 1237 3142 actio,
1264 3074 1370 3147 honor,

174 3189 269 3250 virtus
294 3191 324 3249 et
346 3185 490 3248 fortitudo
514 3183 626 3248 viventi
649 3184 679 3245 in
702 3184 806 3245 secula
830 3183 1010 3251 seculorum,
1033 3182 1085 3264 qni
1097 3168 1245 3262 'vergente
1267 3180 1369 3243 mundi

174 3316 302 3379 vespere
324 3295 355 3356 in
378 3292 485 3356 diebus
509 3293 620 3356 nostris
637 3291 761 3355 Romani
784 3289 990 3352 monarchiam
1007 3289 1134 3371 imperii,
1151 3289 1211 3350 iam
1227 3290 1318 3351 veluti
1340 3290 1371 3351 in

175 3404 304 3489 pedibus
343 3401 486 3464 fictilibus
519 3400 716 3468 titubantem,
757 3418 847 3461 aureo
881 3397 981 3481 capite
1020 3396 1189 3465 decoravit,
1233 3416 1306 3477 rege
1331 3397 1370 3482 ln)

175 3512 316 3576 videlicet
328 3512 442 3573 honore
460 3515 489 3571 et
506 3509 601 3590 gloria
618 3507 771 3577 decorato,
789 3527 878 3589 quem
894 3528 946 3569 rex
961 3490 1078 3586 rigum,
1102 3505 1185 3567 dives
1209 3504 1240 3566 in
1256 3524 1371 3578 omnes,

247 3694 286 3759 a)
308 3691 346 3744 sic
366 3690 406 3744 bis
425 3681 606 3760 spectanciunn
629 3705 669 3741 am
687 3687 777 3741 Rande
797 3688 826 3741 V.
846 3716 879 3725 ·-
900 3686 932 3753 b)
951 3686 1051 3755 quib'q,
1071 3702 1103 3737 ve
1126 3685 1156 3738 V.
1179 3713 1214 3722 -
1235 3684 1267 3752 c)
1290 3685 1313 3737 si
1340 3702 1370 3736 cu

178 3789 315 3849 ergdnzen.
342 3810 371 3820 —
397 3780 431 3847 d)
451 3779 527 3832 nohis
549 3779 578 3831 Z·
602 3808 635 3816 -
660 3780 692 3845 c)
711 3777 744 3829 ad
764 3777 974 3847 recuperandum
997 3774 1036 3826 bis
1054 3775 1211 3845 ¹potenciam
1237 3775 1303 3827 fehlt
1328 3774 1371 3826 bei

177 3873 302 3925 Gerbcrt.
333 3900 361 3910 -
392 3870 424 3941 f)
461 3874 606 3922 vestrarum
642 3869 733 3921 Rodm.
770 3868 822 3919 und
853 3866 961 3919 Stohhe.
992 3895 1022 3904 —
1057 3866 1092 3935 p)
1122 3868 1149 3918 et
1180 3865 1253 3918 robis
1277 3865 1304 3916 Z.
1339 3893 1366 3901 —

176 3963 210 4031 b)
232 3962 305 4032 regio
319 3962 347 4014 Z.

209 4276 231 4336 ¹)
245 4260 343 4323 Hieroni
353 4276 449 4322 becieht
467 4275 518 4320 sich
533 4275 598 4319 wohl
611 4274 699 4320 Otnkar
712 4275 736 4318 in
750 4275 835 4326 ciuem,
854 4274 914 4317 nach
927 4271 1041 4324 Dolliner‚
1055 4270 1118 4315 binde
1134 4270 1193 4314 1275
1207 4271 1266 4314 oder
1278 4271 1371 4329 Anfang

248 4362 311 4413 1276
324 4367 510 4427 geschriebenen
524 4365 615 4411 Briese:
637 4364 694 4409 Nam
714 4368 765 4408 culn
784 4364 858 4408 sciret
877 4360 942 4420 (scil.
958 4373 1038 4406 comes
1052 4356 1199 4416 docebimus)
1216 4360 1278 4416 quod
1292 4374 1371 4407 comcs

250 4459 398 4515 lindolphus,
422 4457 461 4513 qui
480 4456 570 4501 electus
589 4469 642 4500 esse
661 4456 684 4499 in
707 4468 788 4513 regem
811 4454 897 4499 dicitnr
916 4454 1072 4497 Romanorum
1096 4436 1144 4494 s..
1168 4451 1250 4495 nostre
1265 4450 1372 4496 inimicus

248 4551 312 4594 esset
329 4547 511 4608 magnificencie
529 4547 646 4603 capitalis,
665 4547 782 4591 dominum
801 4547 827 4589 Α.
848 4544 963 4589 iuniorem
983 4556 1063 4602 regem
1077 4543 1186 4601 Ungarie,
1206 4555 1274 4599 quem
1287 4542 1371 4600 prodi-

248 4641 311 4686 torie
334 4641 497 4697 subripuerat,
520 4640 614 4683 nolebat
637 4639 710 4695 ipsius
732 4640 759 4683 ll.
784 4636 878 4682 comitis
900 4634 949 4680 lllie
972 4633 1151 4679 matrimonialis
1175 4634 1263 4678 rinonli
1288 4633 1371 4680 federe

253 4732 378 4788 copulare,
402 4732 486 4786 petens
509 4743 574 4775 nnnm
594 4733 697 4775 nostram
716 4731 863 4788 provinciam
882 4727 909 4772 ab
929 4727 1012 4771 eodem
1031 4726 1117 4770 comite
1136 4727 1161 4769 R.
1184 4725 1228 4768 sibi
1253 4724 1302 4769 dari
1325 4725 1372 4768 etc.

251 4814 444 4879 common
968 4808 974 4815 ’

1099 4896 1154 4949 23*’
