<?xml version="1.0" encoding="UTF-8"?>
<!DOCTYPE html PUBLIC "-//W3C//DTD XHTML 1.0 Transitional//EN"
    "http://www.w3.org/TR/xhtml1/DTD/xhtml1-transitional.dtd">
<html xmlns="http://www.w3.org/1999/xhtml" xml:lang="en" lang="en">
 <head>
  <title>
</title>
<meta http-equiv="Content-Type" content="text/html;charset=utf-8" />
  <meta name='ocr-system' content='tesseract 3.04.00' />
  <meta name='ocr-capabilities' content='ocr_page ocr_carea ocr_par ocr_line ocrx_word'/>
</head>
<body>
  <div class='ocr_page' id='page_1' title='image "./fontesrerumaust00unkngoog_0117.png"; bbox 0 0 3209 5392; ppageno 0'>
   <div class='ocr_carea' id='block_1_1' title="bbox 291 479 341 549">
    <p class='ocr_par' dir='ltr' id='par_1_1' title="bbox 291 479 341 549">
     <span class='ocr_line' id='line_1_1' title="bbox 291 479 341 549; baseline -0.02 0"><span class='ocrx_word' id='word_1_1' title='bbox 291 479 341 549; x_wconf 85' lang='lat' dir='ltr'>ao</span> 
     </span>
    </p>
   </div>
   <div class='ocr_carea' id='block_1_2' title="bbox 284 654 1575 1824">
    <p class='ocr_par' dir='ltr' id='par_1_2' title="bbox 286 654 1461 846">
     <span class='ocr_line' id='line_1_2' title="bbox 286 654 1461 742; baseline 0.001 -26"><span class='ocrx_word' id='word_1_2' title='bbox 286 655 383 716; x_wconf 86' lang='lat' dir='ltr'>amica</span> <span class='ocrx_word' id='word_1_3' title='bbox 400 654 549 725; x_wconf 84' lang='lat' dir='ltr'>fidelibus,</span> <span class='ocrx_word' id='word_1_4' title='bbox 565 674 623 736; x_wconf 84' lang='lat' dir='ltr'>pax</span> <span class='ocrx_word' id='word_1_5' title='bbox 640 655 753 718; x_wconf 89' lang='lat' dir='ltr'>eisdem</span> <span class='ocrx_word' id='word_1_6' title='bbox 769 654 974 742; x_wconf 70' lang='lat' dir='ltr'>proveniato)</span> <span class='ocrx_word' id='word_1_7' title='bbox 991 661 1022 719; x_wconf 92' lang='lat' dir='ltr'>et</span> <span class='ocrx_word' id='word_1_8' title='bbox 1037 654 1190 720; x_wconf 90' lang='lat' dir='ltr'>incumbat</span> <span class='ocrx_word' id='word_1_9' title='bbox 1202 655 1383 721; x_wconf 85' lang='lat' dir='ltr'>desiderium</span> <span class='ocrx_word' id='word_1_10' title='bbox 1397 674 1461 718; x_wconf 88' lang='lat' dir='ltr'>coa.-</span> 
     </span>
     <span class='ocr_line' id='line_1_3' title="bbox 286 761 913 846; baseline 0.01 -23"><span class='ocrx_word' id='word_1_11' title='bbox 286 761 433 845; x_wconf 88' lang='lat' dir='ltr'>sequendi</span> <span class='ocrx_word' id='word_1_12' title='bbox 449 763 562 844; x_wconf 87' lang='lat' dir='ltr'>premia</span> <span class='ocrx_word' id='word_1_13' title='bbox 578 784 782 846; x_wconf 88' lang='lat' dir='ltr'>supernorum.</span> <span class='ocrx_word' id='word_1_14' title='bbox 911 771 913 776; x_wconf 75' lang='grc'>’</span> 
     </span>
    </p>

    <p class='ocr_par' dir='ltr' id='par_1_3' title="bbox 284 871 1575 1824">
     <span class='ocr_line' id='line_1_4' title="bbox 375 871 1463 956; baseline -0.003 -20"><span class='ocrx_word' id='word_1_15' title='bbox 375 872 455 936; x_wconf 86' lang='lat' dir='ltr'>ltcm</span> <span class='ocrx_word' id='word_1_16' title='bbox 486 871 530 935; x_wconf 87' lang='lat' dir='ltr'>cd</span> <span class='ocrx_word' id='word_1_17' title='bbox 560 873 651 938; x_wconf 76' lang='lat' dir='ltr'>idem</span> <span class='ocrx_word' id='word_1_18' title='bbox 684 872 806 936; x_wconf 81' lang='lat' dir='ltr'><strong>Grande</strong></span> <span class='ocrx_word' id='word_1_19' title='bbox 837 872 1013 955; x_wconf 79' lang='lat' dir='ltr'><strong>producitur</strong></span> <span class='ocrx_word' id='word_1_20' title='bbox 1046 874 1134 938; x_wconf 87' lang='lat' dir='ltr'>matri</span> <span class='ocrx_word' id='word_1_21' title='bbox 1165 874 1323 956; x_wconf 89' lang='lat' dir='ltr'>gaudium,</span> <span class='ocrx_word' id='word_1_22' title='bbox 1353 871 1463 935; x_wconf 88' lang='lat' dir='ltr'>babenti</span> 
     </span>
     <span class='ocr_line' id='line_1_5' title="bbox 286 977 1465 1063; baseline 0.005 -22"><span class='ocrx_word' id='word_1_23' title='bbox 286 977 378 1042; x_wconf 87' lang='lat' dir='ltr'>filium</span> <span class='ocrx_word' id='word_1_24' title='bbox 404 979 586 1052; x_wconf 91' lang='lat' dir='ltr'>virtuosum,</span> <span class='ocrx_word' id='word_1_25' title='bbox 613 979 639 1042; x_wconf 90' lang='lat' dir='ltr'>si</span> <span class='ocrx_word' id='word_1_26' title='bbox 667 1000 777 1063; x_wconf 87' lang='lat' dir='ltr'>sponse</span> <span class='ocrx_word' id='word_1_27' title='bbox 807 979 963 1063; x_wconf 88' lang='lat' dir='ltr'>speciose,</span> <span class='ocrx_word' id='word_1_28' title='bbox 991 982 1107 1044; x_wconf 81' lang='lat' dir='ltr'>famose</span> <span class='ocrx_word' id='word_1_29' title='bbox 1134 1001 1171 1045; x_wconf 92' lang='lat' dir='ltr'>ac</span> <span class='ocrx_word' id='word_1_30' title='bbox 1198 981 1292 1046; x_wconf 92' lang='lat' dir='ltr'>nobili</span> <span class='ocrx_word' id='word_1_31' title='bbox 1323 980 1465 1063; x_wconf 79' lang='lat' dir='ltr'>copulatur</span> 
     </span>
     <span class='ocr_line' id='line_1_6' title="bbox 286 1087 1575 1173; baseline -0.002 -22"><span class='ocrx_word' id='word_1_32' title='bbox 286 1087 390 1151; x_wconf 83' lang='lat' dir='ltr'>ledere</span> <span class='ocrx_word' id='word_1_33' title='bbox 423 1087 583 1169; x_wconf 89' lang='lat' dir='ltr'>conjugali.</span> <span class='ocrx_word' id='word_1_34' title='bbox 627 1088 690 1153; x_wconf 93' lang='lat' dir='ltr'>Nos</span> <span class='ocrx_word' id='word_1_35' title='bbox 721 1088 830 1171; x_wconf 89' lang='lat' dir='ltr'>igitur,</span> <span class='ocrx_word' id='word_1_36' title='bbox 863 1089 913 1173; x_wconf 85' lang='lat' dir='ltr'>qui</span> <span class='ocrx_word' id='word_1_37' title='bbox 939 1089 1013 1154; x_wconf 88' lang='lat' dir='ltr'>licet</span> <span class='ocrx_word' id='word_1_38' title='bbox 1048 1089 1181 1154; x_wconf 77' lang='lat' dir='ltr'>inmeriti</span> <span class='ocrx_word' id='word_1_39' title='bbox 1212 1110 1316 1154; x_wconf 89' lang='lat' dir='ltr'>curam</span> <span class='ocrx_word' id='word_1_40' title='bbox 1346 1088 1465 1171; x_wconf 81' lang='lat' dir='ltr'>gerimus</span> <span class='ocrx_word' id='word_1_41' title='bbox 1574 1139 1575 1142; x_wconf 63' lang='grc'>,</span> 
     </span>
     <span class='ocr_line' id='line_1_7' title="bbox 287 1195 1467 1280; baseline -0.002 -19"><span class='ocrx_word' id='word_1_42' title='bbox 287 1196 416 1261; x_wconf 90' lang='lat' dir='ltr'>omnium</span> <span class='ocrx_word' id='word_1_43' title='bbox 439 1195 635 1259; x_wconf 90' lang='lat' dir='ltr'>ecclesiarum</span> <span class='ocrx_word' id='word_1_44' title='bbox 658 1216 695 1261; x_wconf 90' lang='lat' dir='ltr'>ac</span> <span class='ocrx_word' id='word_1_45' title='bbox 717 1198 848 1261; x_wconf 90' lang='lat' dir='ltr'>omnium</span> <span class='ocrx_word' id='word_1_46' title='bbox 870 1197 1002 1261; x_wconf 76' lang='lat' dir='ltr'>ecclesie</span> <span class='ocrx_word' id='word_1_47' title='bbox 1023 1195 1149 1262; x_wconf 87' lang='lat' dir='ltr'>filiorum</span> <span class='ocrx_word' id='word_1_48' title='bbox 1170 1205 1258 1280; x_wconf 90' lang='lat' dir='ltr'>patre</span> <span class='ocrx_word' id='word_1_49' title='bbox 1279 1199 1311 1262; x_wconf 91' lang='lat' dir='ltr'>id</span> <span class='ocrx_word' id='word_1_50' title='bbox 1337 1197 1467 1262; x_wconf 89' lang='lat' dir='ltr'>luminum</span> 
     </span>
     <span class='ocr_line' id='line_1_8' title="bbox 286 1306 1468 1391; baseline -0.001 -23"><span class='ocrx_word' id='word_1_51' title='bbox 286 1306 475 1388; x_wconf 86' lang='lat' dir='ltr'>disponente,</span> <span class='ocrx_word' id='word_1_52' title='bbox 491 1326 550 1369; x_wconf 90' lang='lat' dir='ltr'>non</span> <span class='ocrx_word' id='word_1_53' title='bbox 565 1306 689 1387; x_wconf 82' lang='lat' dir='ltr'>indigne</span> <span class='ocrx_word' id='word_1_54' title='bbox 705 1306 793 1388; x_wconf 90' lang='lat' dir='ltr'>plena</span> <span class='ocrx_word' id='word_1_55' title='bbox 809 1307 994 1370; x_wconf 85' lang='lat' dir='ltr'>iocunditate</span> <span class='ocrx_word' id='word_1_56' title='bbox 1010 1307 1233 1389; x_wconf 85' lang='lat' dir='ltr'>perfundimur,</span> <span class='ocrx_word' id='word_1_57' title='bbox 1258 1307 1284 1369; x_wconf 91' lang='lat' dir='ltr'>si</span> <span class='ocrx_word' id='word_1_58' title='bbox 1303 1325 1468 1391; x_wconf 88' lang='lat' dir='ltr'>quemquam</span> 
     </span>
     <span class='ocr_line' id='line_1_9' title="bbox 286 1414 1468 1500; baseline 0.001 -23"><span class='ocrx_word' id='word_1_59' title='bbox 286 1435 322 1477; x_wconf 83' lang='lat' dir='ltr'>ex</span> <span class='ocrx_word' id='word_1_60' title='bbox 339 1415 412 1497; x_wconf 88' lang='lat' dir='ltr'>ipsis</span> <span class='ocrx_word' id='word_1_61' title='bbox 429 1434 518 1497; x_wconf 88' lang='lat' dir='ltr'>quem</span> <span class='ocrx_word' id='word_1_62' title='bbox 542 1421 660 1496; x_wconf 86' lang='lat' dir='ltr'>gratum</span> <span class='ocrx_word' id='word_1_63' title='bbox 683 1415 795 1481; x_wconf 81' lang='lat' dir='ltr'>exibuit</span> <span class='ocrx_word' id='word_1_64' title='bbox 811 1414 850 1500; x_wconf 75' lang='lat' dir='ltr'>l]</span> <span class='ocrx_word' id='word_1_65' title='bbox 866 1416 1021 1480; x_wconf 89' lang='lat' dir='ltr'>evideacia</span> <span class='ocrx_word' id='word_1_66' title='bbox 1037 1415 1207 1500; x_wconf 77' lang='lat' dir='ltr'>probitatis,</span> <span class='ocrx_word' id='word_1_67' title='bbox 1231 1417 1354 1500; x_wconf 90' lang='lat' dir='ltr'>spiritus</span> <span class='ocrx_word' id='word_1_68' title='bbox 1372 1435 1468 1498; x_wconf 90' lang='lat' dir='ltr'>opera-</span> 
     </span>
     <span class='ocr_line' id='line_1_10' title="bbox 287 1523 1471 1608; baseline -0.001 -22"><span class='ocrx_word' id='word_1_69' title='bbox 287 1524 373 1587; x_wconf 92' lang='lat' dir='ltr'>cione</span> <span class='ocrx_word' id='word_1_70' title='bbox 400 1523 546 1606; x_wconf 80' lang='lat' dir='ltr'>paraclyti</span> <span class='ocrx_word' id='word_1_71' title='bbox 573 1523 728 1606; x_wconf 89' lang='lat' dir='ltr'>contingat</span> <span class='ocrx_word' id='word_1_72' title='bbox 754 1524 785 1586; x_wconf 93' lang='lat' dir='ltr'>in</span> <span class='ocrx_word' id='word_1_73' title='bbox 807 1544 956 1606; x_wconf 88' lang='lat' dir='ltr'>sponsum</span> <span class='ocrx_word' id='word_1_74' title='bbox 982 1525 1019 1587; x_wconf 94' lang='lat' dir='ltr'>N.</span> <span class='ocrx_word' id='word_1_75' title='bbox 1050 1525 1180 1590; x_wconf 90' lang='lat' dir='ltr'>ecclesie</span> <span class='ocrx_word' id='word_1_76' title='bbox 1207 1544 1266 1608; x_wconf 88' lang='lat' dir='ltr'>que</span> <span class='ocrx_word' id='word_1_77' title='bbox 1293 1526 1384 1588; x_wconf 89' lang='lat' dir='ltr'>vidua</span> <span class='ocrx_word' id='word_1_78' title='bbox 1410 1544 1471 1587; x_wconf 88' lang='lat' dir='ltr'>esse</span> 
     </span>
     <span class='ocr_line' id='line_1_11' title="bbox 284 1631 1472 1717; baseline -0.002 -20"><span class='ocrx_word' id='word_1_79' title='bbox 284 1632 456 1697; x_wconf 62' lang='lat' dir='ltr'>‘dinoscitur</span> <span class='ocrx_word' id='word_1_80' title='bbox 480 1632 649 1714; x_wconf 87' lang='lat' dir='ltr'>provideri,</span> <span class='ocrx_word' id='word_1_81' title='bbox 678 1652 735 1715; x_wconf 88' lang='lat' dir='ltr'>que</span> <span class='ocrx_word' id='word_1_82' title='bbox 763 1639 794 1696; x_wconf 91' lang='lat' dir='ltr'>et</span> <span class='ocrx_word' id='word_1_83' title='bbox 816 1631 925 1715; x_wconf 86' lang='lat' dir='ltr'>grandi</span> <span class='ocrx_word' id='word_1_84' title='bbox 946 1632 1093 1715; x_wconf 82' lang='lat' dir='ltr'>dignitate</span> <span class='ocrx_word' id='word_1_85' title='bbox 1114 1635 1265 1717; x_wconf 86' lang='lat' dir='ltr'>preminet</span> <span class='ocrx_word' id='word_1_86' title='bbox 1286 1640 1318 1699; x_wconf 87' lang='lat' dir='ltr'>et</span> <span class='ocrx_word' id='word_1_87' title='bbox 1338 1633 1472 1697; x_wconf 92' lang='lat' dir='ltr'>bonorum</span> 
     </span>
     <span class='ocr_line' id='line_1_12' title="bbox 288 1739 861 1824; baseline -0.002 -18"><span class='ocrx_word' id='word_1_88' title='bbox 288 1742 417 1818; x_wconf 83' lang='lat' dir='ltr'>iocunda</span> <span class='ocrx_word' id='word_1_89' title='bbox 433 1739 631 1804; x_wconf 84' lang='lat' dir='ltr'>concursibus</span> <span class='ocrx_word' id='word_1_90' title='bbox 647 1741 861 1824; x_wconf 89' lang='lat' dir='ltr'>conprobatur.</span> 
     </span>
    </p>
   </div>
   <div class='ocr_carea' id='block_1_3' title="bbox 349 1888 1407 2055">
    <p class='ocr_par' dir='ltr' id='par_1_4' title="bbox 349 1888 1407 2055">
     <span class='ocr_line' id='line_1_13' title="bbox 349 1888 1407 1971; baseline 0.004 -19"><span class='ocrx_word' id='word_1_91' title='bbox 349 1890 481 1959; x_wconf 76' lang='lat' dir='ltr'>dualiter</span> <span class='ocrx_word' id='word_1_92' title='bbox 496 1888 604 1951; x_wconf 86' lang='lat' dir='ltr'>subditi</span> <span class='ocrx_word' id='word_1_93' title='bbox 621 1888 651 1952; x_wconf 83' lang='lat' dir='ltr'>ln</span> <span class='ocrx_word' id='word_1_94' title='bbox 667 1889 748 1952; x_wconf 85' lang='lat' dir='ltr'>clerc</span> <span class='ocrx_word' id='word_1_95' title='bbox 764 1889 903 1953; x_wconf 77' lang='lat' dir='ltr'>tralcuil</span> <span class='ocrx_word' id='word_1_96' title='bbox 919 1895 989 1955; x_wconf 84' lang='lat' dir='ltr'>snt</span> <span class='ocrx_word' id='word_1_97' title='bbox 1004 1892 1036 1954; x_wconf 87' lang='lat' dir='ltr'>ln</span> <span class='ocrx_word' id='word_1_98' title='bbox 1052 1895 1169 1971; x_wconf 78' lang='lat' dir='ltr'>partem</span> <span class='ocrx_word' id='word_1_99' title='bbox 1185 1891 1407 1956; x_wconf 78' lang='lat' dir='ltr'>sollicitudinis.</span> 
     </span>
     <span class='ocr_line' id='line_1_14' title="bbox 783 1995 1000 2055; baseline -0.005 -16"><span class='ocrx_word' id='word_1_100' title='bbox 783 1995 913 2041; x_wconf 71' lang='lat' dir='ltr'>nassonem</span> <span class='ocrx_word' id='word_1_101' title='bbox 925 1996 953 2039; x_wconf 82' lang='grc' dir='ltr'>ιν</span> <span class='ocrx_word' id='word_1_102' title='bbox 962 1998 1000 2055; x_wconf 73' lang='lat'>0).</span> 
     </span>
    </p>
   </div>
   <div class='ocr_carea' id='block_1_4' title="bbox 289 2094 1578 2732">
    <p class='ocr_par' dir='ltr' id='par_1_5' title="bbox 289 2094 1578 2507">
     <span class='ocr_line' id='line_1_15' title="bbox 380 2094 1475 2180; baseline -0.002 -22"><span class='ocrx_word' id='word_1_103' title='bbox 380 2094 425 2158; x_wconf 93' lang='lat' dir='ltr'>Ne</span> <span class='ocrx_word' id='word_1_104' title='bbox 447 2094 578 2158; x_wconf 85' lang='lat' dir='ltr'>Romane</span> <span class='ocrx_word' id='word_1_105' title='bbox 606 2095 735 2157; x_wconf 86' lang='lat' dir='ltr'>ecclesie</span> <span class='ocrx_word' id='word_1_106' title='bbox 762 2095 909 2176; x_wconf 89' lang='lat' dir='ltr'>negocia,</span> <span class='ocrx_word' id='word_1_107' title='bbox 939 2095 1046 2178; x_wconf 87' lang='lat' dir='ltr'>quibus</span> <span class='ocrx_word' id='word_1_108' title='bbox 1074 2096 1220 2160; x_wconf 86' lang='lat' dir='ltr'>inminere</span> <span class='ocrx_word' id='word_1_109' title='bbox 1242 2115 1475 2180; x_wconf 90' lang='lat' dir='ltr'>non-possumus</span> 
     </span>
     <span class='ocr_line' id='line_1_16' title="bbox 289 2203 1477 2289; baseline -0.003 -21"><span class='ocrx_word' id='word_1_110' title='bbox 289 2226 344 2289; x_wconf 89' lang='lat' dir='ltr'>per</span> <span class='ocrx_word' id='word_1_111' title='bbox 359 2204 400 2289; x_wconf 74' lang='lat' dir='ltr'>d)</span> <span class='ocrx_word' id='word_1_112' title='bbox 417 2223 471 2269; x_wconf 89' lang='lat' dir='ltr'>nos</span> <span class='ocrx_word' id='word_1_113' title='bbox 488 2203 582 2285; x_wconf 90' lang='lat' dir='ltr'>ipsos,</span> <span class='ocrx_word' id='word_1_114' title='bbox 598 2203 753 2285; x_wconf 84' lang='lat' dir='ltr'>negligere</span> <span class='ocrx_word' id='word_1_115' title='bbox 770 2204 933 2278; x_wconf 90' lang='lat' dir='ltr'>videamur,</span> <span class='ocrx_word' id='word_1_116' title='bbox 952 2205 1082 2286; x_wconf 84' lang='lat' dir='ltr'>expedit,</span> <span class='ocrx_word' id='word_1_117' title='bbox 1098 2211 1132 2269; x_wconf 92' lang='lat' dir='ltr'>ut</span> <span class='ocrx_word' id='word_1_118' title='bbox 1147 2205 1252 2282; x_wconf 79' lang='lat' dir='ltr'>saillis</span> <span class='ocrx_word' id='word_1_119' title='bbox 1267 2206 1477 2270; x_wconf 84' lang='lat' dir='ltr'>committamus</span> 
     </span>
     <span class='ocr_line' id='line_1_17' title="bbox 290 2313 1578 2402; baseline -0.001 -26"><span class='ocrx_word' id='word_1_120' title='bbox 290 2313 469 2376; x_wconf 85' lang='lat' dir='ltr'>fiducialiter</span> <span class='ocrx_word' id='word_1_121' title='bbox 496 2313 685 2396; x_wconf 83' lang='lat' dir='ltr'>exequenda,</span> <span class='ocrx_word' id='word_1_122' title='bbox 714 2314 752 2376; x_wconf 93' lang='lat' dir='ltr'>de</span> <span class='ocrx_word' id='word_1_123' title='bbox 775 2333 900 2397; x_wconf 90' lang='lat' dir='ltr'>quorum</span> <span class='ocrx_word' id='word_1_124' title='bbox 923 2314 1085 2397; x_wconf 83' lang='lat' dir='ltr'>diligencia</span> <span class='ocrx_word' id='word_1_125' title='bbox 1106 2335 1162 2381; x_wconf 94' lang='lat' dir='ltr'>nos</span> <span class='ocrx_word' id='word_1_126' title='bbox 1186 2314 1280 2379; x_wconf 84' lang='lat' dir='ltr'>efficit</span> <span class='ocrx_word' id='word_1_127' title='bbox 1296 2314 1480 2398; x_wconf 80' lang='lat' dir='ltr'>experiencia</span> <span class='ocrx_word' id='word_1_128' title='bbox 1577 2335 1578 2402; x_wconf 63' lang='lat' dir='ltr'>y</span> 
     </span>
     <span class='ocr_line' id='line_1_18' title="bbox 296 2424 531 2507; baseline -0.009 -22"><span class='ocrx_word' id='word_1_129' title='bbox 296 2424 385 2507; x_wconf 89' lang='lat' dir='ltr'>longa</span> <span class='ocrx_word' id='word_1_130' title='bbox 402 2429 511 2487; x_wconf 90' lang='lat' dir='ltr'>certos.</span> <span class='ocrx_word' id='word_1_131' title='bbox 528 2433 531 2442; x_wconf 86' lang='grc'><em>“</em></span> 
     </span>
    </p>

    <p class='ocr_par' dir='ltr' id='par_1_6' title="bbox 292 2533 1481 2732">
     <span class='ocr_line' id='line_1_19' title="bbox 380 2533 1481 2618; baseline -0.005 -20"><span class='ocrx_word' id='word_1_132' title='bbox 380 2534 459 2598; x_wconf 83' lang='lat' dir='ltr'>item</span> <span class='ocrx_word' id='word_1_133' title='bbox 480 2534 525 2598; x_wconf 84' lang='lat' dir='ltr'>cd</span> <span class='ocrx_word' id='word_1_134' title='bbox 546 2533 637 2598; x_wconf 82' lang='lat' dir='ltr'>idem.</span> <span class='ocrx_word' id='word_1_135' title='bbox 670 2533 751 2596; x_wconf 90' lang='lat' dir='ltr'>later</span> <span class='ocrx_word' id='word_1_136' title='bbox 775 2534 996 2618; x_wconf 89' lang='lat' dir='ltr'>occupaciones</span> <span class='ocrx_word' id='word_1_137' title='bbox 1020 2533 1194 2608; x_wconf 87' lang='lat' dir='ltr'>continuas,</span> <span class='ocrx_word' id='word_1_138' title='bbox 1219 2534 1329 2618; x_wconf 86' lang='lat' dir='ltr'>quibus</span> <span class='ocrx_word' id='word_1_139' title='bbox 1347 2533 1481 2616; x_wconf 85' lang='lat' dir='ltr'>multipli-</span> 
     </span>
     <span class='ocr_line' id='line_1_20' title="bbox 292 2644 1478 2732; baseline -0.002 -27"><span class='ocrx_word' id='word_1_140' title='bbox 292 2646 369 2708; x_wconf 86' lang='lat' dir='ltr'>citer</span> <span class='ocrx_word' id='word_1_141' title='bbox 388 2661 596 2725; x_wconf 85' lang='lat' dir='ltr'>perurgemur,</span> <span class='ocrx_word' id='word_1_142' title='bbox 619 2662 686 2704; x_wconf 90' lang='lat' dir='ltr'>cum</span> <span class='ocrx_word' id='word_1_143' title='bbox 701 2662 761 2706; x_wconf 94' lang='lat' dir='ltr'>non</span> <span class='ocrx_word' id='word_1_144' title='bbox 784 2644 934 2725; x_wconf 90' lang='lat' dir='ltr'>possimus</span> <span class='ocrx_word' id='word_1_145' title='bbox 959 2644 996 2707; x_wconf 91' lang='lat' dir='ltr'>ad</span> <span class='ocrx_word' id='word_1_146' title='bbox 1021 2644 1118 2709; x_wconf 91' lang='lat' dir='ltr'>omnia</span> <span class='ocrx_word' id='word_1_147' title='bbox 1140 2644 1280 2709; x_wconf 84' lang='lat' dir='ltr'>sufficere</span> <span class='ocrx_word' id='word_1_148' title='bbox 1301 2664 1360 2728; x_wconf 90' lang='lat' dir='ltr'>per</span> <span class='ocrx_word' id='word_1_149' title='bbox 1374 2644 1414 2732; x_wconf 81' lang='lat' dir='ltr'>d)</span> <span class='ocrx_word' id='word_1_150' title='bbox 1430 2661 1478 2705; x_wconf 91' lang='lat' dir='ltr'>nos</span> 
     </span>
    </p>
   </div>
   <div class='ocr_carea' id='block_1_5' title="bbox 175 2750 1486 4478">
    <p class='ocr_par' dir='ltr' id='par_1_7' title="bbox 291 2750 1474 2942">
     <span class='ocr_line' id='line_1_21' title="bbox 291 2750 1474 2836; baseline -0.001 -22"><span class='ocrx_word' id='word_1_151' title='bbox 291 2751 386 2835; x_wconf 92' lang='lat' dir='ltr'>ipsos,</span> <span class='ocrx_word' id='word_1_152' title='bbox 402 2750 499 2835; x_wconf 90' lang='lat' dir='ltr'>aliqua</span> <span class='ocrx_word' id='word_1_153' title='bbox 515 2750 589 2834; x_wconf 91' lang='lat' dir='ltr'>ipsis</span> <span class='ocrx_word' id='word_1_154' title='bbox 605 2751 754 2815; x_wconf 86' lang='lat' dir='ltr'>interdurn</span> <span class='ocrx_word' id='word_1_155' title='bbox 770 2752 991 2824; x_wconf 89' lang='lat' dir='ltr'>committimus,</span> <span class='ocrx_word' id='word_1_156' title='bbox 1008 2753 1045 2815; x_wconf 86' lang='lat' dir='ltr'>dc</span> <span class='ocrx_word' id='word_1_157' title='bbox 1061 2772 1184 2836; x_wconf 86' lang='lat' dir='ltr'>quornm</span> <span class='ocrx_word' id='word_1_158' title='bbox 1201 2760 1325 2835; x_wconf 84' lang='lat' dir='ltr'>experta</span> <span class='ocrx_word' id='word_1_159' title='bbox 1340 2752 1474 2836; x_wconf 87' lang='lat' dir='ltr'>puritate,</span> 
     </span>
     <span class='ocr_line' id='line_1_22' title="bbox 292 2860 1375 2942; baseline 0 -17"><span class='ocrx_word' id='word_1_160' title='bbox 292 2860 468 2926; x_wconf 87' lang='lat' dir='ltr'>devocionis</span> <span class='ocrx_word' id='word_1_161' title='bbox 485 2866 516 2924; x_wconf 91' lang='lat' dir='ltr'>et</span> <span class='ocrx_word' id='word_1_162' title='bbox 532 2860 728 2924; x_wconf 89' lang='lat' dir='ltr'>discrecionis</span> <span class='ocrx_word' id='word_1_163' title='bbox 745 2860 890 2923; x_wconf 88' lang='lat' dir='ltr'>industria</span> <span class='ocrx_word' id='word_1_164' title='bbox 905 2861 1023 2942; x_wconf 90' lang='lat' dir='ltr'>plenam</span> <span class='ocrx_word' id='word_1_165' title='bbox 1038 2860 1178 2925; x_wconf 84' lang='lat' dir='ltr'>fiduciam</span> <span class='ocrx_word' id='word_1_166' title='bbox 1194 2861 1375 2925; x_wconf 89' lang='lat' dir='ltr'>obtinemus.</span> 
     </span>
    </p>

    <p class='ocr_par' dir='ltr' id='par_1_8' title="bbox 293 2970 1482 3271">
     <span class='ocr_line' id='line_1_23' title="bbox 381 2970 1481 3055; baseline -0.004 -19"><span class='ocrx_word' id='word_1_167' title='bbox 381 2974 461 3038; x_wconf 87' lang='lat' dir='ltr'>Item</span> <span class='ocrx_word' id='word_1_168' title='bbox 478 2972 522 3036; x_wconf 85' lang='lat' dir='ltr'>ad</span> <span class='ocrx_word' id='word_1_169' title='bbox 536 2972 628 3036; x_wconf 83' lang='lat' dir='ltr'>idem.</span> <span class='ocrx_word' id='word_1_170' title='bbox 661 2970 741 3033; x_wconf 92' lang='lat' dir='ltr'>lllius</span> <span class='ocrx_word' id='word_1_171' title='bbox 760 2970 905 3052; x_wconf 85' lang='lat' dir='ltr'>exemplo,</span> <span class='ocrx_word' id='word_1_172' title='bbox 918 2970 969 3054; x_wconf 89' lang='lat' dir='ltr'>qui</span> <span class='ocrx_word' id='word_1_173' title='bbox 981 2971 1142 3043; x_wconf 89' lang='lat' dir='ltr'>bominem,</span> <span class='ocrx_word' id='word_1_174' title='bbox 1159 2991 1248 3055; x_wconf 88' lang='lat' dir='ltr'>quem</span> <span class='ocrx_word' id='word_1_175' title='bbox 1264 2972 1302 3035; x_wconf 92' lang='lat' dir='ltr'>ad</span> <span class='ocrx_word' id='word_1_176' title='bbox 1318 2972 1481 3054; x_wconf 78' lang='lat' dir='ltr'>ymaginem</span> 
     </span>
     <span class='ocr_line' id='line_1_24' title="bbox 293 3079 1481 3164; baseline -0.005 -19"><span class='ocrx_word' id='word_1_177' title='bbox 293 3087 325 3145; x_wconf 91' lang='lat' dir='ltr'>et</span> <span class='ocrx_word' id='word_1_178' title='bbox 340 3079 665 3144; x_wconf 86' lang='lat' dir='ltr'>similitudinemsuam</span> <span class='ocrx_word' id='word_1_179' title='bbox 681 3079 807 3151; x_wconf 85' lang='lat' dir='ltr'>fecerat,</span> <span class='ocrx_word' id='word_1_180' title='bbox 824 3079 963 3161; x_wconf 89' lang='lat' dir='ltr'>posuisse</span> <span class='ocrx_word' id='word_1_181' title='bbox 979 3080 1090 3161; x_wconf 81' lang='lat' dir='ltr'>legitur</span> <span class='ocrx_word' id='word_1_182' title='bbox 1102 3080 1140 3142; x_wconf 93' lang='lat' dir='ltr'>ad</span> <span class='ocrx_word' id='word_1_183' title='bbox 1154 3080 1323 3143; x_wconf 89' lang='lat' dir='ltr'>custodiam</span> <span class='ocrx_word' id='word_1_184' title='bbox 1336 3080 1481 3164; x_wconf 76' lang='lat' dir='ltr'>paradysi,</span> 
     </span>
     <span class='ocr_line' id='line_1_25' title="bbox 293 3187 1482 3271; baseline -0.004 -17"><span class='ocrx_word' id='word_1_185' title='bbox 293 3196 326 3254; x_wconf 91' lang='lat' dir='ltr'>ut</span> <span class='ocrx_word' id='word_1_186' title='bbox 364 3190 525 3253; x_wconf 90' lang='lat' dir='ltr'>commissa</span> <span class='ocrx_word' id='word_1_187' title='bbox 563 3208 616 3250; x_wconf 92' lang='lat' dir='ltr'>sue</span> <span class='ocrx_word' id='word_1_188' title='bbox 656 3187 792 3250; x_wconf 91' lang='lat' dir='ltr'>custodie</span> <span class='ocrx_word' id='word_1_189' title='bbox 826 3188 908 3250; x_wconf 87' lang='lat' dir='ltr'>salva</span> <span class='ocrx_word' id='word_1_190' title='bbox 929 3189 1040 3252; x_wconf 88' lang='lat' dir='ltr'>-iorent</span> <span class='ocrx_word' id='word_1_191' title='bbox 1071 3207 1164 3271; x_wconf 86' lang='lat' dir='ltr'>seque</span> <span class='ocrx_word' id='word_1_192' title='bbox 1201 3188 1313 3251; x_wconf 87' lang='lat' dir='ltr'>ibidem</span> <span class='ocrx_word' id='word_1_193' title='bbox 1345 3194 1482 3271; x_wconf 89' lang='lat' dir='ltr'>tanquam</span> 
     </span>
    </p>

    <p class='ocr_par' dir='ltr' id='par_1_9' title="bbox 175 3295 1483 3923">
     <span class='ocr_line' id='line_1_26' title="bbox 175 3295 1481 3381; baseline -0.004 -19"><span class='ocrx_word' id='word_1_194' title='bbox 175 3309 442 3381; x_wconf 61' lang='lat' dir='ltr'>⁸⁰¹·221voperosus</span> <span class='ocrx_word' id='word_1_195' title='bbox 476 3298 610 3379; x_wconf 90' lang='lat' dir='ltr'>agricola</span> <span class='ocrx_word' id='word_1_196' title='bbox 641 3295 802 3360; x_wconf 76' lang='lat' dir='ltr'>fructuosis</span> <span class='ocrx_word' id='word_1_197' title='bbox 834 3295 975 3378; x_wconf 87' lang='lat' dir='ltr'>operibus</span> <span class='ocrx_word' id='word_1_198' title='bbox 1004 3304 1174 3371; x_wconf 85' lang='lat' dir='ltr'>exerceret,</span> <span class='ocrx_word' id='word_1_199' title='bbox 1200 3298 1267 3361; x_wconf 91' lang='lat' dir='ltr'>illos</span> <span class='ocrx_word' id='word_1_200' title='bbox 1295 3298 1333 3361; x_wconf 89' lang='lat' dir='ltr'>de</span> <span class='ocrx_word' id='word_1_201' title='bbox 1363 3316 1481 3381; x_wconf 87' lang='lat' dir='ltr'>quorum</span> 
     </span>
     <span class='ocr_line' id='line_1_27' title="bbox 289 3406 1483 3493; baseline -0.002 -23"><span class='ocrx_word' id='word_1_202' title='bbox 289 3407 438 3480; x_wconf 86' lang='lat' dir='ltr'>sciencia,</span> <span class='ocrx_word' id='word_1_203' title='bbox 460 3408 520 3470; x_wconf 90' lang='lat' dir='ltr'>vite</span> <span class='ocrx_word' id='word_1_204' title='bbox 536 3406 697 3478; x_wconf 90' lang='lat' dir='ltr'>mundicia,</span> <span class='ocrx_word' id='word_1_205' title='bbox 720 3406 956 3469; x_wconf 87' lang='lat' dir='ltr'>conversacione</span> <span class='ocrx_word' id='word_1_206' title='bbox 972 3408 1136 3489; x_wconf 91' lang='lat' dir='ltr'>approbata</span> <span class='ocrx_word' id='word_1_207' title='bbox 1154 3406 1351 3472; x_wconf 87' lang='lat' dir='ltr'>indubitatam</span> <span class='ocrx_word' id='word_1_208' title='bbox 1359 3407 1399 3493; x_wconf 80' lang='lat' dir='ltr'>e)</span> <span class='ocrx_word' id='word_1_209' title='bbox 1414 3406 1483 3469; x_wconf 89' lang='lat' dir='ltr'>lidu-</span> 
     </span>
     <span class='ocr_line' id='line_1_28' title="bbox 294 3513 1483 3599; baseline -0.003 -19"><span class='ocrx_word' id='word_1_210' title='bbox 294 3518 372 3581; x_wconf 90' lang='lat' dir='ltr'>ciam</span> <span class='ocrx_word' id='word_1_211' title='bbox 388 3516 531 3599; x_wconf 87' lang='lat' dir='ltr'>gerimus,</span> <span class='ocrx_word' id='word_1_212' title='bbox 547 3515 578 3577; x_wconf 94' lang='lat' dir='ltr'>in</span> <span class='ocrx_word' id='word_1_213' title='bbox 593 3520 709 3597; x_wconf 91' lang='lat' dir='ltr'>partem</span> <span class='ocrx_word' id='word_1_214' title='bbox 726 3513 936 3578; x_wconf 90' lang='lat' dir='ltr'>sollicitudinis</span> <span class='ocrx_word' id='word_1_215' title='bbox 952 3515 990 3578; x_wconf 91' lang='lat' dir='ltr'>ad</span> <span class='ocrx_word' id='word_1_216' title='bbox 1007 3516 1237 3580; x_wconf 90' lang='lat' dir='ltr'>custodiendum</span> <span class='ocrx_word' id='word_1_217' title='bbox 1253 3536 1381 3599; x_wconf 88' lang='lat' dir='ltr'>gregem</span> <span class='ocrx_word' id='word_1_218' title='bbox 1394 3515 1483 3579; x_wconf 91' lang='lat' dir='ltr'>domi-</span> 
     </span>
     <span class='ocr_line' id='line_1_29' title="bbox 294 3623 1482 3707; baseline -0.006 -17"><span class='ocrx_word' id='word_1_219' title='bbox 294 3627 395 3691; x_wconf 91' lang='lat' dir='ltr'>nicum</span> <span class='ocrx_word' id='word_1_220' title='bbox 423 3644 458 3688; x_wconf 94' lang='lat' dir='ltr'>eo</span> <span class='ocrx_word' id='word_1_221' title='bbox 485 3623 633 3687; x_wconf 90' lang='lat' dir='ltr'>libencius</span> <span class='ocrx_word' id='word_1_222' title='bbox 662 3642 839 3697; x_wconf 77' lang='lat' dir='ltr'>evocamus,</span> <span class='ocrx_word' id='word_1_223' title='bbox 868 3643 926 3706; x_wconf 89' lang='lat' dir='ltr'>quo</span> <span class='ocrx_word' id='word_1_224' title='bbox 953 3624 1033 3687; x_wconf 90' lang='lat' dir='ltr'>idem</span> <span class='ocrx_word' id='word_1_225' title='bbox 1060 3643 1135 3706; x_wconf 83' lang='lat' dir='ltr'>grex</span> <span class='ocrx_word' id='word_1_226' title='bbox 1160 3644 1216 3707; x_wconf 92' lang='lat' dir='ltr'>per</span> <span class='ocrx_word' id='word_1_227' title='bbox 1242 3627 1318 3690; x_wconf 90' lang='lat' dir='ltr'>tales</span> <span class='ocrx_word' id='word_1_228' title='bbox 1348 3625 1482 3691; x_wconf 86' lang='lat' dir='ltr'>custodes</span> 
     </span>
     <span class='ocr_line' id='line_1_30' title="bbox 294 3731 1483 3819; baseline -0.005 -18"><span class='ocrx_word' id='word_1_229' title='bbox 294 3735 451 3801; x_wconf 87' lang='lat' dir='ltr'>consuevit</span> <span class='ocrx_word' id='word_1_230' title='bbox 473 3732 564 3797; x_wconf 89' lang='lat' dir='ltr'>verbo</span> <span class='ocrx_word' id='word_1_231' title='bbox 587 3733 686 3795; x_wconf 87' lang='lat' dir='ltr'>divino</span> <span class='ocrx_word' id='word_1_232' title='bbox 707 3731 792 3795; x_wconf 85' lang='lat' dir='ltr'>refici</span> <span class='ocrx_word' id='word_1_233' title='bbox 816 3739 847 3797; x_wconf 89' lang='lat' dir='ltr'>ct</span> <span class='ocrx_word' id='word_1_234' title='bbox 871 3733 1007 3797; x_wconf 89' lang='lat' dir='ltr'>securius</span> <span class='ocrx_word' id='word_1_235' title='bbox 1023 3754 1041 3795; x_wconf 93' lang='lat' dir='ltr'>a</span> <span class='ocrx_word' id='word_1_236' title='bbox 1056 3731 1094 3819; x_wconf 74' lang='lat' dir='ltr'>f)</span> <span class='ocrx_word' id='word_1_237' title='bbox 1110 3734 1172 3816; x_wconf 90' lang='lat' dir='ltr'>lupi</span> <span class='ocrx_word' id='word_1_238' title='bbox 1190 3736 1310 3818; x_wconf 89' lang='lat' dir='ltr'>rapacis</span> <span class='ocrx_word' id='word_1_239' title='bbox 1339 3735 1483 3800; x_wconf 88' lang='lat' dir='ltr'>morsibus</span> 
     </span>
     <span class='ocr_line' id='line_1_31' title="bbox 295 3823 848 3923; baseline -0.018 -12"><span class='ocrx_word' id='word_1_240' title='bbox 295 3847 415 3923; x_wconf 80' lang='lat' dir='ltr'>monitis</span> <span class='ocrx_word' id='word_1_241' title='bbox 432 3844 563 3910; x_wconf 85' lang='lat' dir='ltr'>assiduis</span> <span class='ocrx_word' id='word_1_242' title='bbox 580 3841 736 3906; x_wconf 89' lang='lat' dir='ltr'>custodiri.</span> <span class='ocrx_word' id='word_1_243' title='bbox 845 3823 848 3826; x_wconf 33' lang='lat'>⁵</span> 
     </span>
    </p>

    <p class='ocr_par' dir='ltr' id='par_1_10' title="bbox 290 3949 1486 4478">
     <span class='ocr_line' id='line_1_32' title="bbox 385 3949 1484 4039; baseline -0.002 -25"><span class='ocrx_word' id='word_1_244' title='bbox 385 3959 464 4023; x_wconf 77' lang='lat' dir='ltr'>Item</span> <span class='ocrx_word' id='word_1_245' title='bbox 478 3951 528 4039; x_wconf 74' lang='lat' dir='ltr'>o).</span> <span class='ocrx_word' id='word_1_246' title='bbox 567 3952 599 4014; x_wconf 93' lang='lat' dir='ltr'>ln</span> <span class='ocrx_word' id='word_1_247' title='bbox 627 3952 707 4015; x_wconf 90' lang='lat' dir='ltr'>curis</span> <span class='ocrx_word' id='word_1_248' title='bbox 736 3949 826 4016; x_wconf 85' lang='lat' dir='ltr'>officii</span> <span class='ocrx_word' id='word_1_249' title='bbox 855 3951 1014 4034; x_wconf 91' lang='lat' dir='ltr'>pastoralis</span> <span class='ocrx_word' id='word_1_250' title='bbox 1048 3973 1102 4016; x_wconf 92' lang='lat' dir='ltr'>cor</span> <span class='ocrx_word' id='word_1_251' title='bbox 1128 3958 1264 4017; x_wconf 90' lang='lat' dir='ltr'>nostrum</span> <span class='ocrx_word' id='word_1_252' title='bbox 1296 3955 1484 4018; x_wconf 84' lang='lat' dir='ltr'>vehementer</span> 
     </span>
     <span class='ocr_line' id='line_1_33' title="bbox 296 4062 1486 4144; baseline -0.008 -12"><span class='ocrx_word' id='word_1_253' title='bbox 296 4067 452 4133; x_wconf 90' lang='lat' dir='ltr'>urentibus</span> <span class='ocrx_word' id='word_1_254' title='bbox 469 4063 561 4128; x_wconf 91' lang='lat' dir='ltr'>nichil</span> <span class='ocrx_word' id='word_1_255' title='bbox 576 4063 672 4144; x_wconf 89' lang='lat' dir='ltr'>magis</span> <span class='ocrx_word' id='word_1_256' title='bbox 695 4063 888 4127; x_wconf 88' lang='lat' dir='ltr'>cottidianam</span> <span class='ocrx_word' id='word_1_257' title='bbox 904 4062 1004 4127; x_wconf 89' lang='lat' dir='ltr'>reddit</span> <span class='ocrx_word' id='word_1_258' title='bbox 1026 4063 1114 4127; x_wconf 92' lang='lat' dir='ltr'>nobis</span> <span class='ocrx_word' id='word_1_259' title='bbox 1136 4064 1315 4127; x_wconf 87' lang='lat' dir='ltr'>instanciam</span> <span class='ocrx_word' id='word_1_260' title='bbox 1339 4065 1370 4126; x_wconf 91' lang='lat' dir='ltr'>in</span> <span class='ocrx_word' id='word_1_261' title='bbox 1391 4063 1486 4127; x_wconf 91' lang='lat' dir='ltr'>eccle-</span> 
     </span>
     <span class='ocr_line' id='line_1_34' title="bbox 290 4171 1484 4257; baseline -0.006 -18"><span class='ocrx_word' id='word_1_262' title='bbox 290 4177 409 4239; x_wconf 85' lang='lat' dir='ltr'>siarum</span> <span class='ocrx_word' id='word_1_263' title='bbox 433 4171 562 4239; x_wconf 89' lang='lat' dir='ltr'>omnium</span> <span class='ocrx_word' id='word_1_264' title='bbox 586 4171 817 4236; x_wconf 90' lang='lat' dir='ltr'>sollicitudinem</span> <span class='ocrx_word' id='word_1_265' title='bbox 841 4190 1021 4243; x_wconf 83' lang='lat' dir='ltr'>onerosam,</span> <span class='ocrx_word' id='word_1_266' title='bbox 1041 4191 1131 4255; x_wconf 86' lang='lat' dir='ltr'>quam</span> <span class='ocrx_word' id='word_1_267' title='bbox 1154 4171 1294 4257; x_wconf 68' lang='lat' dir='ltr'>quodi),</span> <span class='ocrx_word' id='word_1_268' title='bbox 1318 4173 1484 4257; x_wconf 87' lang='lat' dir='ltr'>requirente</span> 
     </span>
     <span class='ocr_line' id='line_1_35' title="bbox 297 4279 1483 4367; baseline -0.01 -17"><span class='ocrx_word' id='word_1_269' title='bbox 297 4287 447 4351; x_wconf 90' lang='lat' dir='ltr'>interdum</span> <span class='ocrx_word' id='word_1_270' title='bbox 477 4282 661 4347; x_wconf 90' lang='lat' dir='ltr'>necessitate</span> <span class='ocrx_word' id='word_1_271' title='bbox 698 4281 843 4364; x_wconf 90' lang='lat' dir='ltr'>temporis</span> <span class='ocrx_word' id='word_1_272' title='bbox 881 4287 912 4345; x_wconf 92' lang='lat' dir='ltr'>et</span> <span class='ocrx_word' id='word_1_273' title='bbox 948 4281 1069 4363; x_wconf 92' lang='lat' dir='ltr'>publice</span> <span class='ocrx_word' id='word_1_274' title='bbox 1096 4302 1318 4367; x_wconf 86' lang='lat' dir='ltr'>nonnunquam</span> <span class='ocrx_word' id='word_1_275' title='bbox 1354 4279 1483 4346; x_wconf 81' lang='lat' dir='ltr'>utilitatis</span> 
     </span>
     <span class='ocr_line' id='line_1_36' title="bbox 299 4383 1484 4478; baseline -0.008 -19"><span class='ocrx_word' id='word_1_276' title='bbox 299 4394 454 4478; x_wconf 87' lang='lat' dir='ltr'>exigencia</span> <span class='ocrx_word' id='word_1_277' title='bbox 469 4393 681 4476; x_wconf 89' lang='lat' dir='ltr'>persuadente,</span> <span class='ocrx_word' id='word_1_278' title='bbox 698 4391 819 4455; x_wconf 92' lang='lat' dir='ltr'>easdem</span> <span class='ocrx_word' id='word_1_279' title='bbox 836 4383 957 4473; x_wconf 89' lang='lat' dir='ltr'>oportet</span> <span class='ocrx_word' id='word_1_280' title='bbox 972 4391 1130 4454; x_wconf 91' lang='lat' dir='ltr'>nobiscum</span> <span class='ocrx_word' id='word_1_281' title='bbox 1147 4392 1294 4454; x_wconf 90' lang='lat' dir='ltr'>ecclesias</span> <span class='ocrx_word' id='word_1_282' title='bbox 1318 4391 1348 4453; x_wconf 91' lang='lat' dir='ltr'>in</span> <span class='ocrx_word' id='word_1_283' title='bbox 1365 4408 1484 4472; x_wconf 91' lang='lat' dir='ltr'>suppor-</span> 
     </span>
    </p>
   </div>
   <div class='ocr_carea' id='block_1_6' title="bbox 299 4514 1484 4759">
    <p class='ocr_par' dir='ltr' id='par_1_11' title="bbox 299 4514 1484 4759">
     <span class='ocr_line' id='line_1_37' title="bbox 389 4514 1481 4590; baseline -0.006 -17"><span class='ocrx_word' id='word_1_284' title='bbox 389 4520 589 4590; x_wconf 87' lang='lat' dir='ltr'>c)adveniatZ.</span> <span class='ocrx_word' id='word_1_285' title='bbox 600 4549 631 4557; x_wconf 92' lang='lat'><em>-</em></span> <span class='ocrx_word' id='word_1_286' title='bbox 643 4520 674 4588; x_wconf 82' lang='lat' dir='ltr'>d)</span> <span class='ocrx_word' id='word_1_287' title='bbox 689 4518 807 4572; x_wconf 80' lang='lat' dir='ltr'>exhibuit</span> <span class='ocrx_word' id='word_1_288' title='bbox 821 4517 892 4570; x_wconf 86' lang='lat' dir='ltr'>Z.-</span> <span class='ocrx_word' id='word_1_289' title='bbox 901 4516 934 4586; x_wconf 88' lang='lat' dir='ltr'>c)</span> <span class='ocrx_word' id='word_1_290' title='bbox 946 4518 1089 4571; x_wconf 84' lang='lat' dir='ltr'>Distinctio</span> <span class='ocrx_word' id='word_1_291' title='bbox 1104 4516 1137 4570; x_wconf 84' lang='lat' dir='ltr'>lv</span> <span class='ocrx_word' id='word_1_292' title='bbox 1150 4516 1219 4570; x_wconf 77' lang='lat' dir='ltr'>rents</span> <span class='ocrx_word' id='word_1_293' title='bbox 1229 4516 1340 4585; x_wconf 80' lang='lat' dir='ltr'>V.—d)</span> <span class='ocrx_word' id='word_1_294' title='bbox 1352 4532 1401 4585; x_wconf 92' lang='lat' dir='ltr'>pro</span> <span class='ocrx_word' id='word_1_295' title='bbox 1413 4514 1440 4567; x_wconf 75' lang='lat' dir='ltr'>V.</span> <span class='ocrx_word' id='word_1_296' title='bbox 1456 4539 1481 4550; x_wconf 87' lang='lat'>-</span> 
     </span>
     <span class='ocr_line' id='line_1_38' title="bbox 299 4599 1484 4683; baseline -0.011 -17"><span class='ocrx_word' id='word_1_297' title='bbox 299 4611 667 4683; x_wconf 78' lang='lat' dir='ltr'>c)corrigirtliirindubitata</span> <span class='ocrx_word' id='word_1_298' title='bbox 674 4612 703 4665; x_wconf 87' lang='lat' dir='ltr'>V.</span> <span class='ocrx_word' id='word_1_299' title='bbox 714 4608 786 4680; x_wconf 78' lang='lat' dir='ltr'>-f)</span> <span class='ocrx_word' id='word_1_300' title='bbox 801 4608 930 4680; x_wconf 82' lang='lat' dir='ltr'>corrigirt</span> <span class='ocrx_word' id='word_1_301' title='bbox 941 4608 986 4663; x_wconf 76' lang='lat' dir='ltr'>fiir</span> <span class='ocrx_word' id='word_1_302' title='bbox 998 4607 1068 4663; x_wconf 76' lang='lat' dir='ltr'>arv.</span> <span class='ocrx_word' id='word_1_303' title='bbox 1078 4640 1107 4650; x_wconf 97' lang='lat'>-</span> <span class='ocrx_word' id='word_1_304' title='bbox 1121 4609 1157 4680; x_wconf 77' lang='lat' dir='ltr'>y)</span> <span class='ocrx_word' id='word_1_305' title='bbox 1171 4607 1203 4662; x_wconf 81' lang='lat' dir='ltr'>ad</span> <span class='ocrx_word' id='word_1_306' title='bbox 1215 4607 1285 4663; x_wconf 87' lang='lat' dir='ltr'>idern</span> <span class='ocrx_word' id='word_1_307' title='bbox 1295 4605 1404 4675; x_wconf 58' lang='lat' dir='ltr'>Zela)</span> <span class='ocrx_word' id='word_1_308' title='bbox 1418 4599 1484 4675; x_wconf 86' lang='lat' dir='ltr'>quod</span> 
     </span>
     <span class='ocr_line' id='line_1_39' title="bbox 299 4704 483 4759; baseline -0.011 0"><span class='ocrx_word' id='word_1_309' title='bbox 299 4723 339 4759; x_wconf 81' lang='lat' dir='ltr'>arur</span> <span class='ocrx_word' id='word_1_310' title='bbox 352 4704 442 4758; x_wconf 85' lang='lat' dir='ltr'>Raude</span> <span class='ocrx_word' id='word_1_311' title='bbox 455 4705 483 4758; x_wconf 84' lang='lat' dir='ltr'>V.</span> 
     </span>
    </p>
   </div>
   <div class='ocr_carea' id='block_1_7' title="bbox 159 3493 164 3532">
    <p class='ocr_par' dir='ltr' id='par_1_12' title="bbox 159 3493 164 3532">
     <span class='ocr_line' id='line_1_40' title="bbox 159 3493 164 3532; baseline 0 0"><span class='ocrx_word' id='word_1_312' title='bbox 159 3493 164 3532; x_wconf 93' lang='lat' dir='ltr'>l</span> 
     </span>
    </p>
   </div>
   <div class='ocr_carea' id='block_1_8' title="bbox 0 0 1628 5392">
    <p class='ocr_par' dir='ltr' id='par_1_13' title="bbox 0 0 1628 5392">
     <span class='ocr_line' id='line_1_41' title="bbox 0 0 1628 5392; baseline 0 0"><span class='ocrx_word' id='word_1_313' title='bbox 0 0 1628 5392; x_wconf 95' lang='lat' dir='ltr'> </span> 
     </span>
    </p>
   </div>
  </div>
 </body>
</html>
