3209 5392
1250 549 1330 624 459

139 736 206 798 mea
221 739 305 797 tanto
325 724 479 797 liberalius
496 731 677 801 sublevetis,
699 736 810 814 quanto
833 726 962 793 nobilior
982 727 1099 793 animus
1116 732 1146 789 et
1161 724 1332 808 generalior

137 843 264 907 affectus
280 841 366 905 vobis
383 846 431 904 est
445 840 557 904 inditus
573 848 605 904 et
620 839 750 902 innatus.

719 1092 741 1133 a.

565 1236 605 1298 Ab
616 1221 706 1299 ¹ortus
724 1235 890 1324 vicinitate.

222 1377 399 1441 Honorabili
427 1377 545 1440 domino
574 1396 629 1440 suo
655 1382 801 1460 tantoque
829 1373 1061 1447 honorabiliori,
1093 1380 1205 1459 quanto
1233 1375 1330 1458 patria

102 1483 104 1486 ’
137 1483 286 1556 viciniori,
303 1474 398 1549 semet
414 1485 511 1566 ipsum
528 1490 559 1548 et
575 1483 722 1567 quidquid
737 1484 832 1547 habet
848 1484 946 1547 carius
963 1491 1060 1549 semet
1075 1484 1151 1568 ipso.

225 1592 259 1658 Si
271 1598 383 1658 terram
395 1592 559 1657 nativitatis
572 1598 673 1656 nostre
687 1590 928 1674 contempnimus
940 1598 972 1655 et
983 1593 1197 1676 compatriotas
1210 1601 1329 1657 nostros

132 1700 265 1764 uberiori
282 1701 387 1783 gracia
403 1722 463 1764 uon
478 1703 624 1774 fovemus,
642 1701 809 1764 naturalem
831 1701 930 1781 legem
947 1700 1125 1766 offendimus
1142 1707 1172 1765 et
1188 1701 1327 1766 divinam.

131 1809 226 1874 Huius
249 1829 319 1873 vero
341 1810 427 1891 leges
440 1810 667 1882 observabiles,
691 1807 884 1872 honorabiles
907 1815 937 1872 et
953 1808 1078 1873 honeste
1095 1809 1198 1882 michi,
1221 1811 1328 1874 devoto

132 1917 328 2002 compatriote
344 1924 455 1992 vestro,
479 1917 688 1982 munificencie
716 1923 816 1982 vestre
841 1936 926 2000 spem
950 1917 1106 1980 dederunt.
1141 1917 1330 2001 Quapropter

132 2026 283 2091 honestati
299 2032 399 2090 vestre
416 2026 562 2110 supplico,
580 2046 692 2108 rogans
709 2026 861 2089 humiliter
877 2032 907 2088 et
923 2024 1098 2110 requirens,
1116 2032 1264 2111 quatenus
1281 2047 1328 2091 me

131 2154 295 2220 pauperem
312 2134 453 2200 clericum
470 2140 614 2207 vestrum,
636 2134 728 2198 natali
744 2139 825 2199 terre
842 2132 984 2206 vicinum,
1000 2133 1118 2198 liberali
1133 2135 1237 2216 gracia
1254 2134 1329 2199 vici-

99 2306 101 2309 ,
132 2244 222 2316 netis,
242 2242 390 2307 diuturnis
407 2243 560 2307 laboribus
573 2243 660 2315 meis,
677 2241 787 2306 debitis
800 2247 831 2306 et
847 2241 991 2324 penuriis,
1008 2239 1118 2324 quibus
1136 2262 1195 2304 non
1213 2244 1328 2307 medio-

131 2352 223 2416 criter
244 2353 432 2433 angustiatus
449 2371 532 2424 sum,
555 2351 777 2424 succurrendo,
807 2355 848 2422 ut,
873 2348 923 2411 ubi
947 2348 1036 2412 vitam
1061 2351 1239 2433 accepistis,
1267 2354 1326 2416 vite

131 2458 260 2542 gloriam
277 2459 417 2524 dilatetis.

660 2692 662 2695 .
711 2662 740 2724 p·

531 2828 551 2889 l
567 2845 694 2908 persone
709 2828 928 2892 familiaritate.

220 2985 419 3051 sanctissimo
435 2984 555 3047 domino
580 3005 634 3047 suo
657 2989 687 3047 et
710 2984 910 3049 familiaribus
934 2988 996 3049 suis
1019 2986 1178 3069 plurimum
1200 2985 1327 3049 aflectus

127 3093 283 3159 adhibenti
300 3097 333 3159 C.
351 3100 409 3159 etc.
428 3096 463 3157 Η.
482 3097 540 3157 etc.
559 3099 655 3156 semet
671 3092 770 3178 ipsum
787 3095 825 3156 ad
844 3096 1044 3158 omnimodum
1059 3097 1243 3159 famulatum.

219 3206 393 3268 Generosus
410 3202 544 3272 animus,
561 3201 735 3265 caritativus
752 3203 879 3269 effectus
896 3202 1047 3268 amicitias
1064 3208 1094 3267 et
1109 3204 1326 3268 familiaritates

127 3309 272 3375 facillime
291 3312 430 3381 admittit,
448 3309 620 3374 difficillime
638 3330 708 3372 vero
726 3311 863 3383 dimittit,
882 3312 951 3396 quia
968 3311 1105 3377 nimirum
1122 3312 1232 3376 caritas
1249 3333 1327 3375 nun-

128 3438 217 3505 quam
234 3421 357 3492 excidit,
371 3400 536 3484 secundum
553 3419 750 3501 apostolicum
767 3421 989 3484 documentum.
1025 3422 1134 3486 Verum
1151 3420 1179 3484 si
1194 3422 1326 3506 parvita-
1337 3445 1444 3489 ruam.

126 3529 165 3592 tis
172 3548 239 3590 mee
249 3528 403 3592 recordari
415 3529 542 3612 placeat,
557 3526 869 3609 apudbenignitatem
881 3533 1022 3602 vestram,
1036 3550 1094 3592 non
1108 3528 1327 3595 sufficientibus

127 3636 242 3700 meritis
257 3639 343 3710 meis,
361 3657 501 3719 magnam
517 3639 649 3719 graciam
667 3641 698 3699 et
714 3638 945 3701 familiaritatem
962 3639 1062 3702 inveni
1079 3647 1214 3725 tempore
1230 3647 1327 3705 retro-

126 3749 204 3808 acto.
238 3744 386 3825 Quocirca
414 3746 452 3808 de
485 3746 611 3829 pristina
638 3744 868 3808 mansuetudine
892 3752 992 3810 vestra
1020 3769 1095 3812 ausu
1119 3750 1327 3813 familiaritatis

126 3871 322 3934 presumens,
345 3854 559 3916 instantissime
582 3873 636 3916 vos
658 3853 796 3938 requiro,
828 3859 975 3936 quatenus
997 3858 1170 3937 preteritam
1193 3859 1326 3939 graciam

126 3960 293 4025 exhibeatis
316 3967 488 4043 presentem
517 3961 622 4033 michi,
646 3962 753 4025 devoto
784 3962 895 4025 clerico
922 3967 1040 4035 vestro,
1070 3985 1158 4049 quem
1182 3964 1325 4028 laboriosi

127 4069 219 4133 studii
236 4068 434 4141 diuturnitas,
457 4070 602 4151 egestatis
625 4072 776 4141 anxietas,
803 4070 971 4134 debiturum
988 4092 1131 4153 pressura
1148 4072 1325 4136 beneficium

125 4180 279 4260 postulare
296 4179 496 4261 compellunt,
514 4183 544 4241 ut
562 4179 722 4242 ineffabilis
738 4179 913 4261 benignitas
930 4185 1030 4244 vestra
1048 4180 1213 4244 inneffabili
1229 4183 1324 4263 gloria

129 4295 313 4352 muneretur.
564 4300 571 4307 ’

713 4435 733 4500 l.

514 4600 535 4662 l
551 4599 682 4678 peteras
698 4599 939 4666 miserabilitate.

216 4738 616 4804 Amantissimodominosuo
624 4738 955 4819 etpietatisvisceribus
964 4742 1098 4809 affluenti
1107 4743 1140 4806 C.
1150 4748 1209 4828 etc.
1217 4744 1254 4807 ll.
1263 4748 1320 4806 etc.
