3209 5392
241 559 319 630 400

240 752 295 796 nos
316 735 488 818 principes,
524 739 622 802 adbuc
651 739 855 806 voluntatibus
884 741 1019 804 indevoti
1040 744 1086 831 ¹),
1117 765 1176 807 non
1205 749 1358 812 sustinent
1387 770 1448 812 uec

239 842 432 924 permittunt,
461 852 492 909 ut
514 849 552 911 ad
574 869 628 912 vos
651 850 717 914 sine
741 852 829 933 gravi
850 855 953 914 nostro
977 853 1111 932 periculo
1135 859 1165 917 et
1182 857 1313 920 ecclesie
1337 865 1447 922 nostre

239 956 387 1035 perpetuo
416 964 596 1020 nocumento
631 961 784 1023 veniamus
821 960 859 1022 ad
894 980 1031 1041 precene.
1087 962 1150 1025 Nos
1179 965 1303 1048 insuper
1330 968 1449 1030 iactum

241 1063 393 1143 generalis
410 1065 529 1127 concilii
545 1067 679 1148 proxime
696 1068 736 1157 a)
753 1069 937 1131 imminentis
956 1068 997 1155 2),
1015 1074 1048 1132 ut
1063 1070 1102 1133 ad
1117 1071 1191 1134 illud
1207 1080 1328 1137 nostras
1347 1076 1448 1139 sarci-

241 1170 325 1233 nolas
359 1190 572 1254 componamus
607 1177 703 1240 etad
732 1178 956 1241 discutiendum
987 1198 1055 1241 cum
1088 1183 1199 1244 nostris
1232 1183 1446 1266 suffraganeis,

124 1280 371 1363 soree-qualiter
397 1288 530 1345 nostram
564 1285 767 1367 provinciam,
803 1286 833 1349 in
868 1287 1019 1351 anxietate
1050 1289 1180 1373 positam
1213 1297 1245 1355 et
1276 1293 1447 1374 direpcicni

122 1404 125 1409 ·
241 1389 423 1471 expositam,
452 1393 654 1475 relinquamus
671 1415 688 1458 a
704 1401 801 1478 tergo.
835 1397 962 1479 Propter
984 1398 1065 1481 quod
1088 1396 1206 1462 fidelem
1230 1406 1367 1465 nostrum
1386 1404 1446 1465 mi-

241 1497 427 1561 nisterialem
442 1499 480 1562 ad
496 1503 663 1566 maiestatis
680 1503 879 1567 emiueneiam
897 1504 1095 1577 destinamus,
1115 1509 1294 1590 suppliciter
1312 1531 1442 1582 exoran÷

241 1614 305 1679 tes,
330 1614 478 1691 quatenus
496 1610 553 1674 sibi
569 1613 682 1695 regalis
704 1614 865 1678 audieneie
889 1616 1006 1699 copiam
1028 1615 1240 1700 indulgentes,
1263 1620 1353 1682 dictis
1378 1623 1444 1684 suis

243 1737 347 1781 aurem
371 1718 533 1801 benignam
562 1728 593 1785 et
620 1723 774 1786 credulam
802 1724 988 1789 concedatis.
1022 1726 1085 1790 Nos
1118 1727 1215 1791 eciam
1242 1748 1297 1811 per
1319 1729 1446 1799 dominii

242 1826 335 1889 vestri
352 1826 509 1891 districtus
525 1829 564 1892 ad
581 1830 694 1894 dictum
710 1838 914 1915 proponentes
932 1834 1092 1898 concilium
1103 1834 1256 1916 proficisci
1270 1837 1327 1901 sub
1340 1841 1445 1903 vestre

243 1936 415 2022 securitatis
436 1937 563 2001 brachio
588 1960 645 2003 una
668 1960 736 2002 cum
759 1946 863 2003 nostra
886 1941 998 2005 familia
1023 1944 1173 2025 colligatis
1196 1943 1253 2008 sub
1270 1947 1446 2009 testimonio

243 2051 411 2110 vestrarum
427 2048 601 2128 patencium
618 2047 781 2112 literarum.
801 2062 802 2067 ’

806 2344 868 2417 54.

535 2588 538 2595 ,
630 2526 792 2606 Episcopus
810 2527 961 2606 supplicat
978 2532 1051 2608 regi.

245 2679 295 2732 Eia
309 2678 425 2750 Brbcdcf
436 2681 541 2751 fordert
559 2685 610 2737 den
632 2683 720 2755 Kcrzr'q
739 2685 843 2755 liudolf
858 2686 914 2755 aelf,
936 2686 1064 2741 acerete
1082 2705 1173 2760 coepere
1186 2686 1261 2742 ihrer
1274 2687 1446 2742 Ausscbwei-

243 2764 346 2846 fungere
368 2774 424 2826 und
453 2773 614 2828 lbrbrecden
634 2774 717 2830 sebon
745 2793 791 2830 cor
818 2776 884 2830 zwei
909 2775 1012 2831 Jatren
1036 2796 1085 2833 coa
1111 2777 1165 2833 ilem
1192 2778 1449 2834 excommunicates

599 2867 705 2920 Broder
718 2866 763 2922 die
776 2866 845 2920 Acbt
856 2867 1080 2939 aaszusprecbeu.

337 3011 480 3073 Bcdmauo,
494 3030 521 3083 p.
536 3010 595 3066 ico.
610 3011 780 3081 Rudclpbum
794 3015 872 3082 rogat
885 3016 937 3066 etc.
951 3012 1063 3077 Slobhc‚
1077 3031 1118 3069 no.
1134 3013 1196 3068 213.

337 3159 472 3241 Urgente
489 3178 543 3221 nos
560 3158 624 3221 iure
639 3157 761 3240 publico
779 3159 917 3240 cogimur
931 3162 1094 3243 populares
1110 3162 1235 3224 iniurias
1256 3165 1287 3224 et
1306 3182 1451 3226 excessus

248 3268 384 3353 publicos
400 3267 431 3329 in
453 3266 605 3348 regalibus
624 3266 715 3329 curiis
739 3269 936 3348 proclamare.
971 3269 1123 3332 Maiestati
1146 3270 1248 3353 itaque
1270 3271 1355 3352 regie
1378 3269 1450 3333 inti-

248 3397 373 3449 mamus,
390 3376 471 3460 quod
486 3377 562 3440 tales
579 3376 616 3438 N.
635 3380 665 3437 et
680 3377 713 3438 Α.
733 3376 763 3437 in
779 3377 899 3460 placitis
917 3376 1026 3441 nostris
1050 3377 1179 3463 publicis
1203 3377 1306 3463 sepius
1329 3380 1451 3461 procla-

249 3488 320 3549 mati
338 3490 368 3548 et
384 3484 556 3548 denunciati
573 3485 632 3547 iam
655 3485 773 3566 pridem
794 3491 827 3549 ut
848 3487 1059 3551 malefactores
1084 3487 1209 3570 publici,
1226 3507 1281 3570 pro
1299 3508 1346 3560 eo,
1372 3489 1453 3572 quod

248 3597 359 3680 predas
375 3602 406 3658 et
421 3596 543 3677 rapinas
560 3603 591 3657 ct
607 3595 701 3680 spolia
719 3596 878 3660 manifesta
897 3597 1050 3660 nocturnis
1064 3597 1238 3681 diurnisque
1251 3598 1452 3680 aggressibus

250 3709 280 3770 in
308 3705 466 3770 itineribus
495 3704 694 3787 frequentatis
718 3711 748 3768 et
764 3707 869 3769 stratis
894 3706 1025 3789 publicis
1050 3707 1267 3769 commiserunt
1296 3713 1326 3770 ct
1354 3708 1454 3772 adbuc

249 3815 436 3882 committere
453 3834 511 3878 non
524 3814 701 3876 formidant:
722 3814 897 3878 invaserunt
910 3813 1068 3887 ccclesias,
1083 3816 1288 3899 spoliaverunt
1299 3836 1452 3899 pauperes

248 3928 437 4012 peregrinos,
453 3924 653 3987 iuramentum
669 3924 828 4008 prestitum
845 3923 931 3986 nobis
954 3923 1152 3994 violaverunt,
1175 3925 1393 3989 constituentes
1417 3946 1453 3988 se

342 4106 378 4168 α)
390 4104 513 4176 proximo
527 4105 554 4157 Z.

254 4299 579 4314 ....--.-————

280 4423 304 4482 1)
324 4424 411 4470 Otalrar
425 4437 470 4467 von
484 4423 587 4468 Bbhmcn
602 4422 648 4467 und
664 4420 775 4466 Heinrich
790 4434 836 4465 voa
849 4420 942 4466 Baiern.

277 4514 301 4573 ²)
325 4518 370 4560 Das
390 4513 530 4572 allgemeiue
549 4511 680 4556 Concilium
700 4526 728 4554 zu
746 4512 819 4568 hyon,
839 4510 876 4555 hei
896 4511 1009 4556 walchem
1025 4511 1167 4556 Erebisehol
1178 4511 1301 4556 Friedrich
1321 4512 1449 4557 auwcscud

323 4620 379 4658 war,
395 4604 524 4648 mordeam
539 4605 561 4646 7.
575 4604 619 4647 Mai
636 4602 698 4648 1274
717 4602 825 4646 ercdnct.
841 4602 915 4646 Uoser
933 4600 1001 4647 Brief
1013 4604 1120 4647 erwiihut
1133 4603 1172 4645 die
1186 4602 1310 4660 Krttnung,
1324 4602 1362 4647 die
1376 4616 1453 4659 nuper

322 4695 502 4756 stattgefondcn
518 4694 587 4747 hehe,
600 4693 647 4739 und
660 4694 701 4738 des
709 4691 850 4745 Concilium,
863 4692 968 4738 welches
983 4694 1089 4751 proxime
1102 4693 1295 4745 hevorstehe3er
1309 4693 1387 4739 dorus
1401 4694 1452 4740 also

327 4789 357 4831 im
371 4786 476 4832 Febr-nar
490 4787 548 4831 oder
561 4787 625 4831 Mira
640 4782 702 4829 12⁷4
715 4783 875 4844 geschriehen
888 4784 947 4829 sein.
