3209 5392
291 504 366 578 lou

287 655 448 771 inuovbvit,
465 704 496 763 et
510 698 642 781 puericie
658 703 709 762 tue
724 696 872 780 primitias
886 718 991 762 eorum
1007 675 1160 780 deputarit
1182 699 1324 784 exequiis,
1346 720 1455 783 quorum

287 806 440 891 obsequiis
457 807 620 872 secundum
635 807 700 871 iura
718 812 824 872 nature
835 806 930 871 iuvari
949 806 1094 873 debuerat
1112 825 1149 871 ao
1168 807 1321 875 sollicitius
1337 811 1455 875 enutriri.

286 915 396 981 Verum
423 921 509 999 pater
535 914 808 981 misericordiarum
835 922 867 980 et
880 916 1026 982 Dominus
1053 918 1146 981 totius
1170 918 1393 992 consolacionis,
1415 920 1458 1004 qui

288 1025 459 1091 consolatur
479 1046 535 1092 nos
551 1026 582 1088 in
597 1024 679 1092 omni
693 1024 891 1096 tribulacione
908 1032 1021 1099 nostro,
1038 1032 1069 1091 et
1080 1026 1135 1092 tihi
1158 1047 1249 1111 super
1263 1028 1321 1092 hoc
1337 1029 1460 1092 consola·

287 1137 405 1199 cionem
421 1125 529 1201 obtulit
555 1133 730 1207 salutarem,
760 1139 791 1198 et
817 1133 849 1197 in
872 1155 908 1199 eo
927 1134 982 1201 tibi
1005 1136 1166 1202 salubriter
1190 1137 1350 1210 consuluit,
1364 1137 1393 1201 in
1408 1156 1459 1220 quo

287 1245 367 1311 visus
395 1247 493 1311 tuerat
519 1251 549 1311 te
565 1244 777 1330 aliquantulum
806 1263 913 1327 aspere
931 1246 1063 1312 risitme.
1096 1248 1189 1320 Sane,
1217 1248 1304 1311 nesi
1331 1252 1459 1329 parceret

286 1354 383 1437 virgo,
413 1355 578 1446 secuudum
599 1354 800 1425 Salomonem,
823 1353 975 1420 rideretur
997 1354 1110 1429 odisse,
1148 1362 1199 1420 aut
1235 1357 1263 1418 si
1293 1361 1325 1420 te
1340 1355 1380 1443 a]
1410 1376 1461 1420 nou

171 1487 213 1529 ru.
223 1486 277 1527 asc.
288 1465 464 1548 corriperet,
480 1464 640 1531 infanciaru
656 1468 738 1528 tuam
754 1482 772 1526 a
793 1483 848 1528 sua
870 1462 1029 1532 dilectione
1051 1465 1227 1530 ostenderet
1242 1465 1379 1537 alienam,
1394 1464 1462 1548 quia,

288 1579 368 1642 iuxta
395 1577 596 1642 testimonium
623 1594 711 1641 sacre
736 1576 901 1658 scripture,
930 1595 1005 1661 quos
1027 1582 1107 1641 amnt
1122 1577 1222 1659 arguit
1238 1583 1269 1641 et
1286 1576 1421 1659 castigat,
1436 1580 1463 1638 ut

288 1685 366 1772 quod
382 1691 412 1750 te
428 1686 578 1769 inprimis
594 1684 724 1747 infancie
745 1690 797 1748 tue
818 1684 903 1749 anms
919 1683 1012 1750 lilium
1028 1685 1185 1768 adoptaret
1200 1686 1385 1757 ostenderet,
1401 1684 1462 1748 dun

288 1795 376 1861 etatis
393 1801 444 1860 tue
460 1793 622 1879 primitias,
646 1791 895 1875 quemadmodum
918 1793 1030 1858 dictum
1053 1799 1110 1867 est,
1132 1793 1310 1858 mirabiliter
1333 1792 1461 1859 visitarit

287 1905 327 1969 Ut
349 1910 448 1969 autern
470 1904 500 1967 id
522 1901 710 1967 evidentibus
738 1901 858 1966 iudiciis
883 1902 1120 1974 demonstraret,
1141 1921 1248 1985 papam
1265 1904 1318 1990 b),
1334 1902 1466 1966 ricarium

288 2033 384 2087 suum,
411 2014 448 2078 ad
478 2013 625 2078 cautelam
647 2018 728 2076 tuam
746 2018 843 2075 nrater
870 2011 1000 2076 ecclesia
1022 2012 1191 2094 deputavit,
1212 2014 1309 2094 patris
1327 2012 1467 2077 defectum

287 2130 372 2208 patre
389 2124 537 2208 digniore,
554 2121 719 2187 secundum
732 2140 852 2185 suarum
869 2120 1099 2185 miseracionurn
1116 2121 1346 2195 multitudinem,
1362 2143 1469 2186 recom-

286 2255 427 2320 pensans,
465 2240 495 2298 et
531 2237 656 2297 matrem
692 2230 753 2295 tibi
790 2231 946 2295 meliorem
985 2230 1149 2297 restituens
1187 2251 1242 2314 pro
1275 2231 1418 2296 defuncta
1436 2233 1468 2319 ¹),

289 2365 355 2410 eam
393 2344 510 2408 seilicet
545 2341 601 2406 suh
639 2341 737 2427 capite
775 2340 861 2405 ouius
897 2340 1015 2405 Domini
1055 2342 1149 2404 nostri
1187 2341 1253 2404 leva
1294 2348 1325 2405 et
1357 2342 1470 2405 dextera

289 2455 366 2520 illius
405 2473 487 2526 earn,
524 2452 603 2517 sicut
632 2450 663 2513 in
697 2449 823 2515 canticis
847 2451 879 2540 2)
902 2448 1022 2532 legitur,
1053 2450 1254 2532 amplexatur,
1285 2457 1318 2515 ut
1353 2451 1418 2533 ipsa
1446 2458 1470 2514 te

273 2565 378 2629 sicuti
400 2562 491 2627 lilium
512 2563 612 2626 foveat
633 2565 763 2634 etcum,
792 2579 885 2646 aquo
909 2559 1001 2623 castis
1025 2559 1201 2623 confovetur
1222 2560 1418 2643 amplexibus,
1439 2559 1470 2623 ad

289 2674 411 2739 tutelam
440 2677 471 2738 et
497 2670 715 2755 protectionem
745 2674 826 2760 tuam
857 2669 1001 2732 inducere
1028 2668 1175 2731 videatur.
1208 2668 1272 2732 Nos
1302 2669 1406 2751 igitur,
1428 2666 1470 2751 qui

288 2783 412 2869 propter
429 2780 520 2846 officii
538 2780 670 2845 debiturn
685 2763 844 2863 pastoralis
861 2799 963 2842 sumus
979 2778 1139 2862 presertim
1155 2777 1274 2861 pupillis
1292 2783 1325 2841 et
1341 2778 1473 2862 orphanis
1508 2851 1510 2855 μ
1581 2797 1582 2802 ’

290 2893 457 2965 debitores,
473 2896 504 2955 te
520 2867 585 2957 tam*
597 2910 632 2952 ea
648 2888 785 2962 racione,
808 2888 887 2974 qnod
903 2888 1005 2952 inclita
1021 2887 1195 2971 imperatrix
1212 2886 1247 2975 d)
1265 2888 1303 2951 N.
1321 2895 1418 2952 mater
1431 2895 1474 2952 tua

290 3010 320 3069 te
336 3009 438 3068 nostre
459 3001 552 3065 tutele
570 2997 719 3063 commisit
737 2998 778 3086 t),
795 3017 884 3081 quaxn
901 3018 937 3061 eo
955 2996 1035 3081 quod
1057 3016 1183 3077 regnum
1201 2995 1376 3079 sycilie-ad
1391 2996 1476 3081 putri-

290 3111 420 3177 monium
434 3093 564 3194 pertinet
578 3109 710 3174 Romane
727 3106 867 3178 ecclesie,
884 3104 1009 3188 diligere
1025 3105 1160 3168 volumus
1177 3110 1208 3167 et
1224 3105 1342 3177 lovere,
1358 3106 1473 3188 insuper

291 3224 329 3289 ad
341 3224 556 3286 incrementum
573 3224 603 3282 et
617 3217 761 3284 honorem
777 3216 863 3298 regie
879 3213 1077 3283 celsitudinis,
1092 3219 1188 3279 status
1204 3214 1292 3296 regni
1308 3222 1340 3280 et
1356 3214 1476 3278 fidelium

291 3342 408 3399 tuorum
433 3331 616 3414 proiectum,
645 3327 734 3389 dante
750 3324 894 3397 Domino,
923 3322 1087 3387 efficaciter
1104 3323 1292 3386 intendemus
1310 3330 1341 3388 et
1357 3326 1436 3388 eirca
1450 3328 1476 3386 te

384 3551 418 3621 u)
433 3567 473 3606 am
485 3547 584 3601 Raude.
599 3573 630 3584 ·-
647 3544 678 3614 b)
695 3560 789 3615 papam
803 3540 1053 3610 direngesehriahen.
1070 3518 1141 3595 cod,

295 3722 617 3743 W—

318 3863 343 3923 1)
359 3864 443 3910 llaiser
467 3857 578 3906 lleinrieh
597 3856 642 3910 vl,
660 3853 760 3915 †1ror.
778 3852 917 3911 September
939 3852 979 3901 23.
995 3852 1125 3899 Constante
1143 3851 1242 3913 †1198‚
1260 3852 1319 3899 Nor.
1341 3856 1372 3899 27
1392 3855 1475 3915 (sergi.

356 3942 521 3998 n.-nreu0ms
538 3945 555 3994 ι.
576 3942 597 3987 1.
610 3942 650 4008 ap,
659 3940 714 4018 pr.)

317 4031 339 4092 ²)
359 4033 424 4078 Cant.
443 4028 562 4076 Cantieor.
580 4026 604 4077 2,
621 4025 644 4070 d.

321 4112 346 4174 ι)
362 4117 395 4162 hu
419 4113 445 4157 L.
471 4122 518 4157 ron
542 4107 621 4166 Aquila
647 4104 733 4151 (iraten
756 4115 802 4148 ron
827 4101 901 4147 liondi
927 4101 1035 4149 schreibt
1059 4102 1175 4147 innocent
1207 4100 1309 4162 (ttoojr
1335 4100 1361 4143 Si
1390 4099 1473 4158 quiden

356 4193 490 4253 imperatrix
520 4187 627 4248 predicta
654 4185 781 4244 legitimum
808 4182 916 4228 condidit
932 4183 1107 4235 teitamcntum,
1133 4194 1179 4239 quo
1205 4181 1274 4227 uobis
1299 4176 1428 4226 charissimi
1455 4180 1474 4223 in

358 4276 453 4324 Christo
473 4272 515 4319 filli
536 4269 615 4317 nostri
635 4267 751 4314 Friderici
775 4266 855 4312 Sicilie
877 4266 943 4326 regis
960 4266 1059 4312 illustris
1075 4267 1171 4310 tutelam
1194 4268 1218 4310 et
1242 4277 1320 4310 curam
1340 4264 1407 4323 regni
1423 4275 1476 4309 con·

357 4356 430 4405 rescit
453 4369 481 4401 uc
503 4352 649 4413 postmodnm
671 4349 749 4396 Xllvll
771 4346 809 4393 die
830 4349 915 4394 mensis
931 4347 990 4393 Nur.
1013 4348 1072 4392 riam
1090 4349 1129 4393 est
1145 4347 1254 4393 universe
1270 4346 1348 4392 carnis
1364 4346 1471 4404 ingressa.

360 4432 524 4485 ru-nretcues
539 4437 558 4481 l.
576 4449 597 4480 c.
616 4434 654 4478 22.
672 4439 717 4481 has
735 4431 884 4485 Testament,
902 4429 943 4476 das
960 4430 1019 4475 auch
1038 4431 1075 4475 die
1093 4432 1169 4488 Gesta
1181 4429 1309 4474 innocentii
1328 4429 1363 4473 ΙΙΙ.
1381 4441 1432 4485 erp,
1447 4424 1475 4470 32

360 4522 498 4573 erudlruen,
523 4531 571 4563 war
596 4530 641 4561 ron
664 4515 707 4559 der
723 4512 831 4559 Kaisariu
854 4511 913 4556 uwel
929 4511 993 4570 Tage
1013 4524 1057 4556 ror
1078 4511 1152 4557 ihrem
1170 4512 1236 4557 'lude
1261 4525 1296 4557 auu
1314 4510 1353 4555 25.
1374 4509 1431 4555 Nor.
1451 4519 1477 4552 su

362 4605 468 4651 Palermo
489 4600 612 4647 errichtet.
636 4597 708 4642 Η-Βτ.
727 4596 743 4641 Ι.
760 4608 782 4641 c.
799 4593 840 4649 21,
857 4595 922 4639 hum.
945 4593 967 4639 1.
984 4618 1014 4627 -
1032 4594 1079 4639 Der
1094 4593 1166 4652 Papst
1186 4591 1277 4650 upricht
1298 4591 1322 4636 in
1344 4590 1417 4637 ciuem
1438 4601 1475 4634 an-

364 4689 436 4734 deren
457 4682 535 4730 Briel'e
557 4681 617 4741 (Bal.
640 4678 658 4733 l,
677 4676 738 4737 323)
761 4676 799 4721 die
821 4675 963 4733 Erwartuug
985 4687 1039 4730 ans,
1067 4676 1120 4719 dass
1147 4687 1198 4720 man
1219 4687 1246 4719 es
1266 4673 1313 4720 ihm
1337 4671 1476 4718 riberseuden

351 4745 384 4817 ‘a'
391 4769 455 4815 orde.
475 4755 538 4813 liber
549 4764 592 4808 das
602 4761 735 4809 Tesmment
744 4757 827 4805 Kaiser
837 4756 970 4803 heinricho
981 4757 1017 4802 vt.
1028 4758 1104 4818 cergi.
1112 4756 1230 4807 ,assumor
1242 4756 1300 4817 lleg.
1314 4756 1363 4802 lun.
1374 4755 1415 4801 Nc.
1425 4750 1474 4798 285.
