3209 5392
301 550 380 622 460

391 726 598 794 Humilitatem
613 727 749 812 obsequii
757 728 783 790 si
797 748 857 790 non
869 726 1051 810 dedignetur
1060 726 1237 809 obsequium
1243 746 1371 810 persone
1377 726 1486 791 humilis

300 836 331 893 et
346 831 482 907 abiecte,
500 856 553 900 cor
568 836 769 908 humiliatum,
786 855 840 898 cor
855 835 1016 899 contritum
1033 835 1151 919 quando
1168 855 1228 897 non
1244 836 1356 907 affluet,
1376 837 1485 920 quando

299 960 358 1002 non
368 940 525 1025 liquescet,
534 965 602 1010 cum
611 966 734 1028 prorsus
745 943 936 1008 adversitatis
946 942 1086 1007 incendio
1098 944 1302 1007 incandescat.
1316 944 1383 1026 llgo
1393 949 1485 1008 auten
1596 1022 1597 1045 Χ

299 1049 396 1112 iactus
413 1052 523 1115 vermis
541 1059 572 1117 et
588 1074 648 1117 non
670 1053 775 1124 bomo,
799 1052 993 1134 obprobrium
1017 1052 1169 1116 bominum
1185 1058 1217 1114 et
1233 1052 1362 1115 abiectio
1378 1053 1484 1138 plebis,
1596 1050 1597 1057 '

298 1157 348 1240 qui
366 1161 443 1222 omni
475 1162 678 1242 cognacione‚
707 1161 785 1223 omni
817 1159 921 1241 gracia
954 1161 1133 1234 destitutus,
1165 1160 1244 1223 omni
1278 1160 1400 1226 miseria
1426 1183 1484 1225 sun

298 1266 474 1339 immersus,
500 1275 630 1333 vestram
643 1269 854 1331 humanitatem
869 1270 1012 1332 famosam
1026 1272 1056 1331 et
1072 1267 1185 1352 ubique
1202 1270 1356 1349 vulgatam
1371 1271 1485 1355 plorans
1596 1334 1597 1337 ,

298 1375 421 1458 imploro
437 1398 492 1460 per
508 1379 625 1440 viscera
642 1377 696 1440 Dei
721 1376 833 1449 nostri,
856 1383 1005 1461 quatenus
1023 1397 1068 1439 me
1085 1377 1226 1440 miserum
1243 1380 1274 1440 et
1290 1377 1485 1442 miserabilem
1593 1356 1597 1373 .

297 1485 439 1549 clericum
448 1484 814 1557 vestrumtotlaboribus,
831 1491 875 1548 tot
887 1485 1033 1567 penuriis,
1050 1491 1096 1549 tot
1108 1485 1229 1558 debitis,
1242 1507 1301 1569 que
1315 1507 1485 1550 enumerare

296 1594 509 1666 verecundum,
523 1594 734 1676 compeditum,
751 1595 987 1657 misericorditer
1003 1593 1144 1676 expedire
1161 1599 1191 1657 et
1208 1594 1367 1658 sublevare
1385 1596 1486 1676 digne-
1595 1632 1597 1635 -

297 1701 412 1765 minida
426 1705 491 1767 lacu
506 1704 624 1765 miserie
641 1709 672 1765 et
688 1703 725 1765 de
742 1704 802 1768 luto
820 1705 905 1775 fecis,
924 1706 955 1785 ut
968 1708 1091 1784 propter
1107 1701 1326 1768 exhibicionem
1341 1705 1485 1785 postulate

296 1811 499 1874 misericordie
514 1811 598 1875 vobis
615 1817 715 1896 optata
733 1812 938 1876 misericordia
955 1812 1152 1893 impendatur.

872 2056 910 2096 m.

725 2201 746 2262 l
763 2201 861 2264 ueriti
879 2200 1057 2279 quantitate.

386 2359 620 2424 commendabili
638 2360 757 2422 domino
774 2381 829 2422 suo
845 2364 876 2422 et
892 2357 1031 2422 fidelibus
1049 2379 1107 2421 non
1124 2357 1317 2420 mediocriter
1332 2359 1484 2422 fructuoso
1596 2436 1597 2453 χ

297 2468 330 2530 C.
350 2474 408 2530 etc.
427 2469 463 2531 H.
482 2474 540 2532 etc.
561 2469 700 2532 allectum
718 2466 855 2551 obsequii
873 2472 904 2529 et
919 2467 1069 2529 ellectum.

386 2578 495 2657 Magna
511 2582 558 2639 est
574 2595 682 2657 magno
699 2576 800 2658 precio
819 2574 1018 2660 comparanda
1042 2575 1147 2654 gracia
1170 2580 1286 2645 vestra,
1310 2574 1392 2658 quud
1413 2574 1484 2636 fide·

295 2685 365 2749 lium
382 2684 593 2768 obsequiorum
609 2684 786 2748 recordacio
805 2684 888 2763 cogit
903 2684 988 2763 large
1004 2683 1178 2765 promittere
1200 2682 1254 2745 sed
1276 2682 1393 2764 largius
1410 2683 1484 2745 elar-

294 2792 363 2875 giri.
389 2793 461 2856 Dies
478 2795 578 2878 itaque
595 2792 784 2856 desideratus
801 2792 904 2855 alluxit
920 2788 1028 2859 michi,
1050 2810 1117 2852 cum
1141 2790 1258 2853 devotis
1280 2790 1436 2875 obsequiis
1455 2790 1484 2852 iu

295 2903 389 2966 oculis
411 2902 520 2967 vestris
543 2903 637 2965 merui
671 2901 805 2981 graciam
836 2898 980 2961 invenire.
1016 2897 1207 2981 Quapropter
1230 2898 1269 2961 ad
1291 2897 1484 2980 benignitatis

185 3073 191 3082 ,
295 3016 394 3075 vestre
413 3010 561 3091 refugium
579 3009 723 3072 audacius
741 3027 865 3070 recurro
882 3014 912 3068 et
929 3005 1088 3085 confugio,
1105 3010 1270 3089 quatenus,
1292 3008 1486 3070 consideran-

294 3126 340 3183 tes
357 3120 551 3182 devocionem
569 3115 689 3180 servicii
708 3116 783 3185 mei,
807 3113 892 3177 vobis
909 3113 1039 3176 libenter
1054 3113 1176 3177 exhibiti
1193 3118 1223 3175 et
1239 3114 1389 3179 libencius
1406 3112 1485 3178 exbi-

294 3227 397 3298 bendi‚
421 3225 570 3289 diuturnis
595 3223 748 3286 laboribus
766 3223 860 3291 meis,
884 3219 994 3284 debitis
1017 3226 1046 3283 et
1069 3221 1204 3303 penuriis
1227 3221 1399 3284 liberaliter·
1416 3242 1485 3284 con-

296 3335 419 3408 sulatis,
448 3340 480 3395 ut
504 3340 564 3396 tam
588 3331 696 3394 vestris
720 3351 809 3414 quam
837 3334 1003 3392 vestrorum
1042 3328 1196 3412 obsequiis
1228 3327 1363 3392 strictius
1396 3331 1484 3393 simus

294 3442 445 3505 astrictus.

388 3550 654 3635 (Perpendendum
672 3556 734 3618 est,
764 3548 862 3631 quod,
890 3546 960 3609 licet
978 3546 1081 3609 ultima
1097 3545 1244 3629 particula
1260 3546 1319 3608 iam
1332 3545 1413 3609 dicte
1426 3543 1487 3627 epi·

295 3662 370 3724 stole
392 3659 530 3722 veracius
562 3659 756 3741 appropiatur
787 3656 900 3724 eidem,
939 3659 1144 3718 verumtamen
1171 3654 1245 3716 satis
1283 3658 1485 3737 competenter

294 3772 399 3851 posset
415 3773 475 3830 tam
493 3765 615 3847 scriptis
633 3785 722 3848 quam
740 3763 910 3827 scribendis
927 3762 1063 3845 epistolis
1080 3762 1244 3848 adaptari.)

872 4002 902 4046 n.

712 4151 733 4213 l
751 4146 867 4228 negocii
884 4145 1070 4211 necessitate.

388 4321 541 4384 Timorato
563 4313 627 4377 viro
651 4315 681 4373 et
706 4306 854 4379 studioso,
877 4306 1012 4391 implenti
1029 4311 1134 4368 sancta
1151 4301 1277 4366 consilia
1292 4307 1323 4365 et
1338 4300 1481 4371 mandata,

175 4456 219 4495 ror.
230 4454 287 4495 ore.
301 4434 333 4496 C.
353 4434 411 4493 eto.
429 4429 464 4490 H.
482 4431 540 4488 etc.
559 4423 666 4485 devote
682 4416 890 4482 veneracionis
907 4414 1056 4477 affectum.

386 4538 504 4618 Quanto
522 4532 616 4595 maior
633 4527 802 4591 necessitas
820 4525 857 4586 ad
871 4522 1056 4607 paupertatis
1069 4521 1268 4603 provisionem
1283 4517 1481 4601 compellit—
1528 4572 1532 4577 .

291 4647 482 4733 precipiente
495 4645 590 4705 lama:
608 4656 701 4723 pasce
717 4637 795 4697 lame
809 4634 995 4705 morientem,
1009 4651 1097 4714 quem
1110 4630 1136 4693 si
1149 4648 1207 4692 non
1219 4626 1339 4710 paveris
1352 4620 1481 4688 occidisti

292 4794 336 4805 -
358 4759 441 4817 tanto
460 4750 607 4813 libencius
624 4749 654 4807 et
669 4743 824 4807 liberalius
841 4740 1024 4804 mendicanti
1040 4736 1257 4801 consulendum
1272 4739 1329 4806 est,
1345 4740 1378 4798 ut
1391 4733 1481 4794 mute·
