3209 5392
727 753 766 824 ll.

175 893 361 957 lrabemlu
385 894 418 957 ln
440 895 552 958 lsrnss
575 894 740 972 lltemm,
762 913 822 977 qne
844 895 957 958 dentur
977 894 1009 956 ln
1031 891 1124 956 curiis
1139 890 1318 972 principun.

656 1019 782 1065 Distinctio
801 1022 818 1064 l.

222 1151 394 1217 Illucidatis
428 1153 559 1238 quinque
590 1155 726 1237 partibus
759 1155 886 1238 epistole
918 1162 949 1217 et
980 1155 1063 1217 circa
1095 1150 1218 1215 easdem
1244 1154 1347 1231 partes

102 1316 105 1323 .
138 1257 318 1342 quibusdam
334 1261 547 1327 dubitabilibus
565 1263 741 1346 explanatis,
757 1265 891 1347 visisque
907 1262 947 1349 a)
964 1261 1098 1326 formulis
1115 1257 1343 1326 salutacionum,

138 1388 260 1452 quarum
276 1390 352 1433 usus
369 1376 417 1433 est
432 1370 463 1434 in
479 1372 573 1435 literis
591 1373 815 1445 communibus,
844 1391 918 1455 quas
940 1373 1077 1438 missiles
1100 1370 1214 1435 literas
1242 1363 1352 1448 appel-

148 1478 222 1551 lant,
251 1479 293 1542 ad
322 1468 445 1564 quarum
469 1481 680 1564 cognicioncm
704 1483 878 1565 specialiter
904 1481 1053 1564 presentis
1083 1479 1183 1562 operis
1212 1475 1353 1558 dirigitur

142 1588 292 1660 intencio,
324 1607 360 1651 eo
384 1590 464 1673 quod
479 1590 576 1672 magis
604 1592 683 1673 apud
714 1612 818 1656 omues
854 1592 885 1653 iu
916 1588 1133 1654 consuetudine
1164 1586 1349 1655 habeantur3

141 1695 218 1759 unde
235 1694 276 1783 l]
305 1698 446 1779 quoniam
481 1698 600 1761 diverse
627 1704 698 1762 sunt
732 1699 852 1781 species
891 1698 1060 1768 literarum,
1103 1695 1142 1758 ad
1181 1692 1351 1757 habendam

138 1803 345 1867 differenciam
384 1805 463 1869 inter
489 1806 591 1871 literas
622 1813 653 1871 et
678 1805 799 1879 literas,
841 1812 873 1870 ut
905 1812 1007 1870 earum
1039 1804 1198 1868 dirersitas
1230 1801 1349 1866 facilius
1359 1825 1403 1865 sir.
1416 1827 1469 1867 res.

138 1919 362 1995 adgnascatur,
386 1933 488 1977 earum
511 1914 663 1979 literarum
685 1933 811 1997 genera,
828 1934 886 1998 que
903 1918 1124 1978 consueverunt
1139 1911 1205 1974 dari
1221 1930 1240 1974 a
1256 1911 1348 1973 curiis

140 2022 325 2105 principum,
341 2023 373 2085 in
390 2023 495 2086 ordine
512 2043 738 2107 prosequamur.

230 2132 353 2195 Dantur
368 2131 447 2193 enim
464 2131 493 2194 in
517 2131 631 2194 eisdem
648 2131 740 2195 curiis
758 2134 1003 2208 commissiones,
1021 2133 1207 2208 citeriores,
1220 2150 1344 2217 procu·

138 2242 278 2313 rctorie,
297 2240 483 2310 donatoris,
496 2241 668 2326 petitoria,
685 2243 865 2318 sentencie,
889 2242 1166 2327 confirmaciones,
1191 2239 1343 2325 appella·

139 2350 262 2425 mones,
297 2348 503 2419 assecretem,
531 2349 809 2437 dispensaciones,
850 2351 1069 2437 indulpeneie,
1110 2348 1346 2434 erempciooes.

142 2458 367 2528 visitaciones,
393 2457 633 2542 inquisiciones,
649 2463 793 2543 forsmte
811 2458 849 2544 ο)
865 2464 896 2522 et
923 2459 1124 2545 oblipatorie.
1157 2456 1269 2520 Omnes
1285 2453 1346 2517 iste

137 2567 233 2638 litere,
247 2568 331 2629 sicut
346 2566 516 2629 nominibus
530 2572 599 2630 sunt
616 2566 747 2639 diverse,
763 2567 810 2630 sic
827 2567 965 2630 nimirum
982 2567 1086 2651 quevis
1100 2566 1224 2629 istarum
1237 2564 1276 2627 ab
1288 2563 1347 2626 alia

137 2674 228 2740 habet
256 2674 339 2738 aliud
362 2653 495 2758 speciale
512 2680 543 2737 et
558 2674 617 2738 hoc
634 2675 666 2737 iu
681 2675 771 2739 modo
789 2674 961 2747 scribendi,
987 2675 1075 2739 aliter
1097 2674 1176 2737 enim
1204 2672 1352 2736 scribitur

138 2785 313 2848 commissio
326 2783 413 2846 aliter
425 2783 553 2855 citacio;
569 2789 600 2846 et
612 2784 657 2846 sic
671 2784 708 2846 de
725 2783 862 2866 singulis.
872 2783 1087 2847 —Maioribus
1100 2789 1200 2846 autem
1211 2782 1349 2865 prelatis,

140 2900 240 2975 utpote
256 2891 457 2976 patriarchis,
473 2891 731 2974 archiepiscopis,
748 2892 919 2974 episcopis,
937 2893 1035 2954 omnia
1051 2892 1189 2973 predicta
1205 2891 1246 2978 d)
1264 2910 1349 2953 com·

143 3009 247 3084 petunt
275 3021 391 3082 genera
406 2999 569 3073 literarum,
597 3002 656 3064 nisi
684 3004 762 3065 t'orte
790 3002 899 3085 aliquis
927 3001 999 3065 velit
1033 3001 1235 3072 contendere,
1267 3002 1347 3083 quod

138 3111 332 3175 exemciones
361 3114 392 3172 et
420 3110 668 3192 dispensaciones
705 3111 760 3175 soli
794 3131 872 3193 pape
904 3110 1036 3179 debeant
1066 3111 1233 3183 reservari,
1267 3111 1347 3194 quod

138 3240 190 3283 nos
207 3221 308 3283 eciam
324 3219 356 3280 in
379 3237 491 3300 genere
514 3219 708 3282 concedimus
727 3219 775 3305 e),
791 3220 865 3284 licet
886 3220 1036 3302 possimus
1054 3220 1156 3284 dicere
1178 3222 1209 3283 in
1232 3219 1346 3307 specie,

138 3330 212 3411 quod
238 3326 480 3408 archiepiscopis
503 3333 534 3390 et
556 3327 706 3409 episcopis
730 3348 797 3391 cum
821 3326 949 3391 subditis
972 3328 1035 3390 suis
1058 3329 1090 3392 in
1114 3328 1206 3393 certis
1224 3329 1363 3392 casibus·

140 3437 287 3501 eximendi
304 3442 335 3498 et
351 3434 546 3516 dispensandi
562 3437 726 3500 auctoritas
743 3437 929 3500 concedatur
944 3414 1001 3523 Os
1025 3436 1099 3500 ltem
1117 3443 1187 3502 sunt
1209 3444 1239 3501 et
1260 3438 1345 3520 plura

139 3566 248 3628 genera
267 3546 436 3616 literarum,
465 3564 523 3627 que
540 3545 571 3607 in
587 3543 646 3607 fine
662 3545 749 3609 huius
766 3547 912 3609 summule
927 3554 1088 3629 ponuntur,
1105 3552 1137 3610 ut
1147 3553 1232 3610 sunt:
1249 3549 1346 3612 litere

141 3659 330 3726 conductus,
366 3655 460 3717 litere
488 3654 715 3738 ds'ffidociom's,
750 3656 846 3721 litere
866 3657 1097 3722 testimoniales
1120 3662 1177 3718 etc.
1196 3694 1240 3704 —
1256 3640 1344 3719 Nunc

141 3763 230 3846 igitur
244 3761 286 3848 9)
310 3761 476 3824 secundum
510 3761 645 3825 ordinem
673 3763 842 3836 videamus,
876 3765 971 3847 primo
1001 3765 1175 3846 exponendo
1204 3764 1275 3848 quid
1305 3767 1345 3830 sit

143 3891 322 3936 commissio.

484 4076 639 4139 irrentus
656 4076 694 4138 dc
711 4076 978 4140 commissionibus.

653 4199 781 4246 ooirnooo
794 4202 820 4244 u.

227 4337 283 4400 ust
294 4342 394 4400 autem
411 4335 593 4407 commissio,
610 4336 730 4418 quando
747 4337 912 4401 auctoritas
930 4337 1028 4421 aliqua
1045 4338 1132 4402 datur
1148 4359 1165 4402 a
1183 4340 1340 4422 superiore

143 4445 227 4509 alicui
243 4445 387 4509 inferiori.
422 4444 485 4508 Sed
501 4445 570 4527 quia
587 4445 617 4506 in
634 4445 797 4525 generibus
820 4446 973 4510 literarum
995 4451 1214 4515 antedictarum
1236 4451 1339 4534 plures

91 4655 94 4661 .
228 4610 263 4680 a)
289 4607 438 4680 explanatis
463 4611 492 4662 st
513 4606 609 4676 positis
635 4625 683 4662 suo
712 4609 737 4662 in
763 4609 824 4663 loco
848 4609 970 4667 formulis
995 4613 1023 4666 Z.
1046 4644 1073 4654 -
1094 4614 1127 4684 b)
1151 4632 1242 4670 rerum
1255 4615 1283 4668 Z.
1307 4645 1337 4655 -

144 4698 172 4768 r)
187 4700 300 4755 formate
318 4698 387 4754 leblt
404 4698 434 4752 V.
454 4699 489 4767 d)
513 4696 697 4768 predictarum
717 4700 744 4753 Z.
769 4732 797 4741 -
820 4703 851 4771 e)
877 4707 1064 4761 contendimus
1086 4707 1113 4761 Z.
1137 4739 1165 4747 ω
1185 4708 1219 4782 f)
1239 4710 1340 4768 babeat

145 4792 323 4848 auctoritatem
337 4791 366 4844 V.
384 4820 411 4831 -
426 4790 461 4864 p)
474 4790 509 4864 ig.
520 4789 554 4844 de
567 4790 658 4863 primis
674 4792 822 4883 seeundum
835 4794 864 4850 Ζ.
