3209 5392
250 501 304 585 ’36

250 686 380 750 seminat
393 704 485 767 parce
503 690 534 750 et
549 684 589 771 a)
605 689 698 749 metet
715 686 811 770 etqui
827 687 858 748 in
880 684 1144 750 benedictionibus
1167 685 1205 746 de
1227 684 1452 749 benedictioni-

248 795 306 858 hus
323 800 354 857 et
367 798 462 857 metet
480 792 612 880 1),‘ideo
629 793 731 857 dilecti
747 794 779 857 in
795 794 926 866 Christo,
943 794 1169 860 universitatem
1189 800 1322 858 vestram
1344 813 1452 858 mone·

248 924 315 968 mus
330 904 444 985 pariter
459 898 490 966 e't
504 902 673 975 hortamur,
698 908 844 986 quatenus
870 904 908 966 ad
935 903 995 966 tale
1022 901 1209 975 hedificium‚
1234 903 1314 986 quod
1336 904 1452 987 absque

249 1013 381 1076 fidelium
398 1012 561 1075 elemosina
578 1032 637 1075 non
652 1011 764 1094 poterit
779 1032 834 1095 pre
850 1012 952 1095 inopia
968 1012 1007 1076 ad
1023 1018 1134 1076 statum
1157 1018 1290 1095 optatum
1312 1013 1452 1096 perduci,

250 1123 288 1185 de
304 1119 396 1184 rebus
411 1119 497 1182 vobis
515 1120 682 1192 concessis,
697 1125 787 1202 prout
803 1120 929 1204 quilibet
945 1120 1106 1184 destinavit
1118 1122 1149 1183 in
1162 1122 1254 1184 corde
1268 1141 1334 1194 suo,
1350 1127 1453 1185 uestra

251 1231 391 1311 dignetur
417 1226 530 1290 karitas
559 1228 697 1309 elargiri,
725 1234 758 1292 ut
774 1230 880 1292 exinde
897 1230 1027 1293 divinam
1048 1229 1302 1312 propiciacionem
1325 1229 1454 1293 valeatis

249 1337 367 1402 facilius
398 1339 569 1419 impetrare.
602 1337 666 1401 Nos
698 1357 770 1400 vero
801 1341 981 1402 auctoritate
1012 1337 1169 1403 beatorum
1196 1340 1277 1402 Petri
1310 1344 1341 1403 et
1369 1338 1454 1402 Pauli

250 1446 452 1531 apostolorum
469 1450 500 1509 et
516 1445 628 1509 domini
644 1465 739 1528 pape,
757 1466 815 1530 qua
832 1448 999 1528 fungimur,
1018 1445 1139 1519 confisi,
1157 1447 1294 1511 omnihus
1311 1447 1455 1510 elemosi-

250 1579 318 1622 nam
349 1575 433 1619 suam
471 1555 510 1619 ad
539 1556 708 1638 predictum
745 1556 844 1620 locum
882 1555 1107 1639 porrigentibus
1147 1556 1345 1641 quadraginta
1387 1556 1454 1619 dies

249 1665 445 1731 criminalium
462 1664 499 1727 de
514 1663 647 1728 iniuncta
663 1662 720 1727 sibi
736 1665 908 1746 penitencia
924 1664 1161 1728 misericorditer
1175 1666 1355 1729 relaxamus.

523 1803 694 1885 Exemplum
709 1804 854 1885 pctltorle
871 1806 903 1867 ln
920 1802 1052 1868 secunda
1069 1805 1180 1888 specle.

342 1918 507 2000 Gregorius
551 1918 712 2001 episcopus
758 1939 862 1983 seruus
908 1938 1062 1982 servorum
1100 1919 1158 1982 Dei
1203 1918 1273 1983 talis
1320 1918 1456 1983 ecclesie

251 2033 404 2096 canonicis
422 2029 459 2117 b)
477 2036 534 2094 etc.
564 2032 652 2094 Licet
669 2052 704 2094 ex
721 2030 850 2094 decessu
866 2031 965 2095 felicis
982 2032 1208 2097 recordacionis
1224 2031 1407 2096 venerahilis
1424 2031 1457 2094 in

250 2142 369 2207 Christo
392 2140 494 2205 fratris
517 2140 611 2204 nostri
629 2140 661 2204 C.
680 2140 729 2223 0),
745 2140 995 2225 Maydburgensio
1013 2142 1163 2225 quondam
1192 2143 1338 2226 episcopi,
1363 2162 1458 2225 super

249 2272 304 2316 ros
335 2251 474 2315 rideatur
499 2271 604 2313 manus
626 2251 746 2314 Domini
776 2251 950 2332 specialiter
976 2257 1160 2334 aggravata,
1189 2255 1258 2337 quia
1279 2255 1356 2316 tanti
1380 2235 1468 2316 estis

249 2361 463 2425 benedictione
479 2359 629 2443 pontificis
646 2360 770 2433 viduati,
795 2359 955 2424 universali
972 2361 1013 2446 d)
1029 2362 1238 2427 nichilominus
1264 2362 1396 2426 ecclesie
1421 2383 1456 2425 er

251 2471 389 2537 eiusdem
416 2475 512 2534 morte
541 2471 627 2534 dolor
652 2471 789 2553 provenit
818 2476 848 2533 et
874 2471 1045 2534 lamentum.
1078 2473 1146 2555 lpse
1170 2473 1290 2556 quidem
1312 2473 1343 2534 in
1367 2471 1455 2535 domo

250 2582 370 2646 Domini
386 2585 522 2663 tempore
539 2578 694 2642 iracundie
711 2580 809 2642 factus
827 2585 875 2643 est
891 2579 929 2667 e)
946 2579 1159 2644 reconciliacio
1184 2586 1214 2644 et
1230 2580 1309 2643 sicut
1321 2581 1458 2663 colump-

250 2710 319 2753 nam
334 2688 463 2752 validam
479 2686 620 2751 humeros
637 2707 708 2750 suos
727 2685 861 2750 exhibuit
877 2688 916 2751 ad
937 2688 1117 2770 portandum
1141 2709 1233 2751 onera
1255 2694 1453 2752 sacrosancte

251 2801 393 2870 ecclesie,
409 2800 513 2862 matris
527 2818 592 2869 sue,
604 2796 674 2860 ideo
691 2786 836 2860 memoria
853 2797 917 2860 eius
935 2818 993 2861 non
1011 2798 1160 2862 delebitur
1175 2820 1193 2863 a
1206 2795 1411 2880 generacione
1424 2799 1454 2861 in

250 2907 484 2990 generacionem
503 2912 534 2970 et
545 2925 654 2969 nomen
671 2906 735 2968 eius
751 2924 808 2987 per
824 2906 927 2969 secula
943 2906 1122 2990 requiretur.
1142 2906 1204 2970 Sed
1218 2907 1287 2989 quia
1304 2927 1456 2992 nunquam

250 3018 295 3081 sic
317 3017 471 3082 abreviata
493 3017 611 3080 videtur
634 3036 737 3079 manus
754 3015 874 3080 Domini
898 3021 929 3079 ut
952 3015 1146 3079 obliviscatur
1167 3016 1286 3079 miseris
1303 3019 1456 3089 misereri,

251 3148 324 3192 ecce
347 3128 495 3192 convertit
515 3128 627 3191 luctum
649 3131 783 3187 nostrum
808 3125 1011 3207 ingaudium,
1035 3128 1119 3190 cuius
1136 3127 1345 3191 misericordia
1363 3129 1453 3211 plena

251 3257 319 3301 esse
334 3234 372 3322 f)
389 3234 556 3298 dinoscitur
569 3232 664 3296 omnis
681 3238 772 3296 terra.
791 3233 932 3296 Ceterum
946 3236 1188 3316 congratulamur
1200 3234 1297 3308 vobis,
1316 3237 1398 3319 quod
1417 3235 1455 3300 ob

248 3346 455 3409 reverenciam
478 3343 561 3406 sedis
592 3341 759 3424 apostolice
791 3341 998 3406 honorabilem
1029 3346 1125 3407 virum
1139 3344 1180 3431 o)
1202 3345 1234 3408 in
1263 3345 1454 3427 prepositum

248 3454 409 3539 recepistis
416 3474 426 3526 ;
462 3454 501 3518 ad
533 3451 613 3536 quod
644 3453 773 3524 iactum,
806 3452 885 3516 sicut
916 3454 1091 3519 sinceritate
1123 3455 1231 3519 devota
1263 3454 1456 3519 adhibuimus

249 3585 371 3649 operam
398 3562 590 3644 diligentem,
637 3558 681 3631 sic
710 3580 769 3624 non
797 3560 935 3625 inmerito
964 3567 1050 3643 grata
1076 3564 1287 3644 amplectimur
1314 3564 1456 3636 caritate,

249 3676 329 3761 quod
345 3675 376 3739 in
393 3696 429 3739 eo
446 3674 581 3738 voluntas
598 3677 702 3736 nostra
723 3671 836 3754 prodiit
857 3670 888 3734 in
910 3671 1059 3736 effectum.
1091 3674 1132 3736 Et
1149 3674 1219 3757 quia
1234 3672 1275 3757 h)
1292 3674 1323 3736 in
1340 3678 1456 3739 exami-

248 3788 375 3852 nacione
404 3786 539 3850 eiusdem
569 3804 699 3868 persone
730 3783 819 3866 plene
849 3781 944 3865 ipsius
976 3784 1171 3865 cognovimus
1204 3783 1455 3850 circumstancias

247 3897 438 3969 meritorum,
462 3898 621 3977 sperantes
645 3898 676 3956 et
697 3893 728 3955 in
743 3892 870 3955 Domino
893 3890 1062 3955 firmissime
1085 3889 1288 3964 confidentes,
1312 3894 1394 3977 qood
1417 3895 1456 3958 ad

248 4004 409 4069 cuiuslibet
434 4004 572 4085 regimen
599 4002 730 4065 ecclesie
764 4001 898 4083 ydoneus
924 4020 993 4062 esse
1014 4001 1122 4083 possit,
1149 4005 1255 4082 utpote
1288 4000 1336 4064 vir
1362 4003 1455 4066 multe

247 4113 426 4185 honestatis,
440 4109 631 4176 continencia
648 4115 679 4173 et
691 4129 806 4173 morum
821 4109 980 4172 honestate
1004 4107 1037 4194 i)
1053 4107 1210 4171 laudabilis
1230 4128 1332 4173 coram
1343 4110 1411 4174 Deo
1426 4114 1456 4173 et

248 4224 329 4288 omni
345 4223 472 4307 populo,
488 4226 596 4305 potens
613 4220 644 4282 in
662 4238 754 4301 opere
772 4224 803 4282 et
826 4237 981 4288 sermone,
998 4217 1040 4280 ita
1063 4222 1097 4280 ut
1118 4218 1210 4298 digne
1232 4223 1264 4281 et
1286 4218 1455 4284 efficaciter

127 4344 173 4385 ¹³0¹·
182 4344 207 4385 1⁴
217 4357 236 4384 ι·
246 4352 373 4416 preesse
390 4332 504 4402 valeat,
528 4331 661 4392 fraterna
674 4328 714 4416 le)
727 4326 813 4391 vobis
831 4326 1032 4389 sollicitudine
1049 4326 1231 4389 consulimus
1250 4332 1281 4390 et
1296 4346 1455 4408 rogamus,

339 4459 372 4527 a)
386 4457 467 4511 ctiam
480 4457 507 4510 Ζ.
526 4486 554 4495 -
573 4455 605 4524 b)
619 4455 718 4510 talibus
737 4455 850 4508 salutem
869 4456 897 4508 Z.
912 4483 940 4492 -·
957 4453 990 4523 e)
1009 4454 1039 4508 Β.
1058 4453 1085 4504 Ζ.
1098 4482 1133 4493 --
1147 4452 1183 4522 d)
1203 4452 1361 4512 universalis
1375 4455 1406 4508 V.
1419 4483 1450 4495 -

250 4549 284 4619 e)
298 4549 350 4603 fuit
363 4549 391 4602 Z.
410 4578 438 4588 -
451 4549 484 4620 f)
504 4563 569 4602 csse⁴
584 4546 653 4599 fehlt
664 4546 694 4600 V.
714 4575 741 4583 -
756 4546 792 4615 g)
808 4546 836 4597 ll.
849 4545 877 4597 Z.
894 4574 925 4582 -
939 4542 974 4611 h)
988 4545 1051 4613 quia
1070 4541 1232 4613 quandoque
1246 4545 1274 4597 Z.
1293 4573 1330 4584 -
1348 4544 1377 4612 i)
1392 4546 1456 4599 hou.

246 4640 317 4694 fehlt
327 4640 357 4694 V.
374 4668 407 4677 -
421 4638 455 4709 h)
475 4638 530 4690 sict
1153 4634 1155 4639 '

252 4731 579 4744 ......-.------

279 4771 304 4831 1)
316 4770 350 4815 nd
363 4769 494 4815 Corinthos
505 4767 530 4821 2,
544 4779 595 4823 cap.
608 4766 632 4820 c,
644 4765 668 4809 b.
