3209 5392
1289 529 1366 602 423

172 715 203 772 et
219 707 289 772 fidei
304 704 438 777 meritis,
466 706 576 788 quibus
598 705 678 769 inter
699 711 817 769 eeteros
839 704 957 787 imperii
972 702 1125 787 principes
1142 702 1368 768 ecclesiasticos

171 815 318 887 claruisti,
341 815 477 897 pensatis
495 814 590 878 eciem
606 813 887 897 persecucionibus‚
910 811 1058 895 angustiis
1076 816 1106 874 et
1121 811 1284 895 pressuris,
1301 810 1370 896 qui-

170 925 228 989 bus
244 922 452 1007 progenitores
470 921 604 986 eiusdem
620 921 707 1005 pueri
724 941 871 1005 personas
888 926 918 984 et
931 919 1076 984 ecclesias
1085 924 1152 983 tuas
1163 919 1370 1003 multipliciter

170 1037 364 1103 vexaverunt,
381 1031 503 1114 dignam
519 1030 623 1114 utique
639 1050 676 1094 ac
693 1030 804 1093 iustam
821 1031 859 1093 de
877 1030 935 1093 boc
952 1026 1195 1092 ammiracionem
1217 1028 1248 1090 in
1270 1035 1370 1091 mente

132 1126 134 1128 ,
166 1144 377 1224 ,concepimus
394 1159 463 1203 oum
478 1137 510 1203 in
527 1138 642 1217 eisdem
657 1138 903 1222 progenitoribus
920 1137 1118 1221 perpendisse
1131 1136 1284 1208 debueris,
1298 1136 1370 1220 qnid

172 1251 210 1315 de
226 1252 293 1332 ipso
309 1268 403 1334 puero
419 1267 539 1330 posses,
563 1246 589 1311 si
606 1247 714 1311 solium
730 1247 885 1330 imperiale
902 1247 1175 1316 condescenderet,
1197 1249 1368 1327 expectare.

170 1359 314 1424 Volumus
341 1359 437 1440 igitur
458 1361 489 1418 et
510 1356 728 1419 fraternitatem
751 1363 834 1420 tuam
849 1375 1004 1419 monemus
1028 1358 1058 1418 et
1079 1355 1235 1417 hortamur
1256 1373 1292 1416 ac
1316 1373 1372 1438 per

171 1465 338 1552 apostolica
356 1464 470 1546 scripta
488 1462 542 1528 tibi
559 1463 590 1526 in
605 1462 715 1528 virtute
733 1463 912 1527 obediencie
936 1468 967 1527 et
989 1462 1045 1528 sub
1068 1483 1146 1548 pena
1163 1460 1371 1547 suspensionis

172 1581 202 1641 et
220 1570 553 1644 excommunicacionis,
576 1591 651 1655 quas
668 1594 704 1635 ex
724 1593 803 1635 nunc
820 1573 851 1635 iu
868 1578 899 1636 te
915 1572 1095 1655 proferimus
1112 1576 1143 1635 et
1160 1591 1234 1655 quas
1248 1591 1284 1636 eo
1300 1570 1367 1655 ipso
1381 1589 1485 1630 snos..

168 1668 202 1755 te
218 1683 376 1747 incurrere
391 1683 541 1754 volumus,
564 1682 590 1744 si
607 1684 713 1744 eontra
728 1680 901 1744 huiusmodi
919 1686 1053 1745 nostrum
1069 1685 1246 1765 preceptum
1269 1679 1372 1746 venire

171 1791 380 1875 temptaveris,
397 1789 534 1855 districte
551 1788 746 1872 precipiendo
762 1788 956 1863 mandantes,
977 1793 1126 1872 quatenus
1142 1790 1223 1852 nullo
1241 1809 1372 1873 unquam

172 1906 310 1984 tempore
326 1919 473 1983 procures
490 1918 546 1981 per
562 1902 592 1961 te
604 1898 651 1961 rel
667 1917 724 1980 per
739 1896 842 1969 elium,
861 1898 941 1980 quod
958 1897 1039 1961 idem
1057 1897 1235 1961 chunradus
1248 1902 1324 1981 puer
1340 1897 1371 1962 in

169 2028 273 2092 regern
297 2009 345 2072 vel
367 2008 579 2092 imperatorem
606 2005 753 2087 eligatur,
776 2007 946 2071 nominetur
966 2007 1014 2069 vel
1037 2006 1262 2090 quomodolibet
1283 2027 1372 2071 assu-

171 2129 280 2190 matur,
298 2119 470 2201 nullamque
487 2116 600 2179 adbuc
618 2135 705 2198 opem
721 2114 878 2197 impendas
895 2116 942 2179 vel
959 2134 1092 2199 operam,
1110 2116 1288 2198 quinimmo
1306 2116 1370 2180 eius

171 2229 367 2298 electionem,
391 2225 645 2295 nomiuacionem,
669 2224 695 2286 si
717 2223 755 2287 de
770 2224 822 2286 illa
838 2223 963 2287 tractari
981 2223 1179 2306 contingerit,
1201 2228 1265 2287 toto
1280 2245 1372 2309 posse

170 2335 318 2419 impedire
347 2353 511 2419 procures,
537 2333 594 2397 sub
619 2331 786 2416 eademque
808 2353 886 2416 pene
913 2331 969 2395 tibi
996 2332 1177 2395 auctoritate
1205 2336 1373 2417 apostolica

168 2443 377 2527 prohibemus,
396 2463 434 2505 ne
451 2441 509 2525 ipsi
518 2440 679 2505 Chunrado
697 2441 778 2504 cirea
795 2441 1031 2525 occupacionem
1044 2439 1211 2525 aliquarum
1223 2446 1372 2507 terrarum
1483 2499 1486 2503 ,

170 2550 209 2614 ed
221 2552 387 2614 Romanurn
403 2549 561 2634 imperium
573 2550 794 2633 pertinencium
808 2550 942 2621 consilio,
960 2549 1069 2614 auxilio
1082 2552 1129 2613 vel
1142 2550 1372 2636 faverequoquo

172 2660 261 2724 modo
278 2660 424 2723 assistere
440 2679 615 2741 presumas,
639 2658 788 2722 attencius
805 2660 997 2741 provisurus,
1027 2680 1065 2722 ne
1087 2659 1143 2722 tibi
1166 2661 1203 2723 de
1219 2661 1289 2723 ludo
1305 2662 1371 2743 ipso

174 2768 330 2850 contingat
346 2767 427 2850 quod
444 2766 502 2838 eis,
518 2768 569 2850 qui
586 2774 757 2849 serpentem
774 2767 805 2828 in
818 2767 897 2838 sinu,
913 2767 1015 2849 ignem
1032 2767 1063 2829 in
1079 2769 1195 2849 gremio
1212 2773 1243 2832 et
1259 2791 1373 2834 murem

173 2876 205 2939 in
222 2896 297 2959 pera
314 2876 457 2946 nutriunt,
476 2875 654 2957 contingere
671 2876 837 2939 consuevit.

264 3039 358 3094 dieser
371 3037 445 3092 unu
461 3036 546 3091 finces
558 3037 616 3090 sien
629 3038 697 3091 auen
711 3037 745 3089 un
765 3035 831 3091 eoo.
850 3037 928 3090 wira.
948 3038 979 3099 n,
999 3038 1034 3092 sr
1054 3037 1100 3091 mn
1118 3039 1168 3093 rer
1188 3026 1373 3099 usercense:

168 3128 297 3206 Urbanus
309 3127 452 3199 episcopus
466 3130 519 3182 etc.
532 3127 696 3182 Constantio.
713 3146 756 3199 ep.
771 3134 823 3181 etc.
836 3127 897 3192 vgl.
909 3127 988 3180 Perlz
1001 3128 1082 3182 Arcb.
1096 3128 1122 3192 7,
1136 3128 1197 3182 895.
1213 3161 1246 3170 —

267 3219 426 3274 11111111
440 3220 508 3272 nach
523 3218 582 3273 dem
596 3217 670 3272 Tude
681 3218 829 3273 Wilhslm’s
844 3234 892 3272 ron
906 3217 1016 3271 llolland
1031 3219 1128 3289 (1266,
1141 3219 1240 3274 dannan
1253 3222 1316 3294 28.)
1331 3243 1372 3279 um

176 3311 233 3365 eine
254 3327 322 3365 neue
336 3309 508 3380 Kbuigswabl
527 3309 662 3371 bandelte,
682 3312 782 3363 warutc
802 3307 1007 3363 Alexander-lli.
1026 3309 1058 3363 in·
1071 3310 1156 3363 einum
1174 3312 1373 3369 ausfdbrlicben

177 3401 327 3454 Scbreibeu
340 3398 628 3471 (conlaudantes)
642 3399 692 3454 deu
704 3398 864 3453 Erebiscbol
873 3398 1051 3455 Gerbardvon
1061 3400 1153 3462 blainz,
1168 3401 1236 3456 dann
1249 3405 1316 3458 ansb
1331 3404 1374 3460 die

177 3489 351 3545 Erebisebble
377 3508 428 3544 vou
450 3487 517 3543 cern
541 3490 595 3543 und
617 3490 695 3543 Trier
720 3508 767 3544 vor
793 3489 957 3543 einechbl
976 3489 1149 3546 Conrcdiu’s:
1169 3493 1286 3566 Ruynald
1314 3514 1373 3552 aun.

178 3583 276 3635 eccles.
291 3581 324 3634 ad
338 3599 362 3634 a.
376 3579 447 3634 1266
463 3597 505 3635 no.
519 3580 545 3633 3.
559 3580 735 3635 Intelleximus
750 3579 822 3649 quod
835 3579 916 3634 instat
928 3586 1032 3650 tempus
1046 3581 1185 3637 electionis
1200 3584 1374 3641 celebrandas

184 3673 217 3726 de
230 3688 295 3741 rege
309 3701 341 3709 -
356 3672 505 3725 astrictum.

267 3761 497 3814 Wabrseheinlicb
508 3746 622 3831 irndpril
632 3760 702 3813 1262
712 3760 757 3832 (S.
766 3760 948 3828 Bbbmerlieg.
959 3760 1020 3814 inde
1030 3763 1063 3815 ab
1073 3780 1097 3817 1.
1105 3761 1185 3825 1216,
1194 3782 1220 3834 p.
1232 3764 1374 3840 351185)

183 3853 291 3929 sebrieb
302 3851 461 3906 Erebisebof
468 3851 600 3904 Wernber
613 3867 665 3903 von
680 3852 780 3915 blaise,
794 3851 901 3906 obwobl
913 3851 999 3922 Kdnig
1011 3851 1129 3906 Richard
1142 3855 1209 3907 noeb
1224 3855 1305 3919 lebte,
1318 3859 1376 3913 eine

185 3961 253 3998 neue
267 3939 434 4011 Konigswabl
448 3956 503 4002 sus,
516 3940 542 3993 in
556 3941 604 3995 der
617 3941 737 4005 Absicbt,
753 3940 884 3995 Conradin
898 3942 1000 3996 wtblen
1014 3958 1048 3995 zu
1061 3944 1156 3997 lusson
1175 3945 1262 4014 Konig
1276 3946 1376 4004 Otalur

180 4053 231 4089 vou
250 4033 367 4087 Bbbmen
390 4030 485 4084 becilte
505 4030 572 4093 sieb,
596 4049 645 4086 uus
668 4035 750 4102 guten
768 4032 958 4102 persdnlieben
977 4032 1114 4096 Griinden,
1138 4034 1196 4088 dies
1219 4037 1278 4091 dem
1291 4039 1377 4109 Papst

178 4124 266 4178 Urbau
277 4123 319 4176 lV.
330 4121 499 4189 anzuaeigen.
514 4121 609 4174 Dieser
621 4122 760 4176 instruirte
770 4123 827 4176 sich
840 4139 888 4175 aus
898 4121 949 4175 den
962 4123 997 4176 im
1008 4124 1178 4194 ptpstlicben
1188 4126 1300 4182 Archile
1314 4129 1375 4184 auf-

178 4213 331 4268 bewabrten
344 4212 602 4282 Pspstgesebiebten
622 4212 674 4266 und
687 4211 838 4280 Regcstcn,
858 4211 922 4266 laud
934 4212 996 4267 dort
1015 4206 1066 4268 den
1080 4231 1127 4268 uus
1141 4215 1261 4284 gleieber
1273 4221 1376 4275 Veran-

179 4308 291 4374 lassung
305 4321 337 4356 an
351 4303 403 4356 den
416 4301 577 4356 Erebiscbcf
591 4302 716 4356 Gerhard
734 4319 784 4355 von
800 4302 885 4355 biuios
903 4302 1125 4373 gescbriebenen,
1144 4309 1212 4361 oben
1225 4311 1375 4366 erwtbnten

179 4395 255 4450 Briss
265 4392 437 4448 Alexander’s
451 4392 493 4446 lV.
506 4390 559 4444 uod
573 4393 631 4446 that
648 4392 717 4446 daun
731 4391 804 4445 scine
818 4392 937 4447 Sebritte
951 4393 992 4447 bei
1011 4393 1062 4447 den
1081 4397 1259 4454 betreffenden
1278 4402 1375 4457 weltli-

180 4487 248 4540 elren
261 4484 315 4537 und
328 4481 485 4556 geistlicben
497 4482 607 4536 Fursten
618 4482 823 4538 Deutscblands.
835 4514 869 4522 --
880 4484 1004 4538 Erlralten
1017 4485 1076 4538 sind
1090 4505 1139 4540 uns
1150 4487 1260 4544 Urban’s
1270 4492 1375 4548 Briefe:

181 4576 206 4630 1.
226 4592 258 4629 an
272 4574 375 4629 Olakar
387 4589 437 4627 von
457 4574 573 4627 Bdbmen
592 4574 634 4628 bei
651 4575 734 4646 Rayn.
747 4575 779 4627 ad
794 4592 818 4627 1.
833 4574 904 4628 1262
917 4590 959 4625 no.
974 4577 990 4629 5
1005 4574 1030 4630 6.
1039 4594 1048 4639 ;
1067 4576 1092 4629 2.
1107 4596 1140 4632 an
1154 4578 1205 4632 den
1217 4581 1377 4637 Erebisebol

181 4666 310 4720 Weruber
331 4680 381 4718 von
399 4664 484 4718 bisina
506 4664 548 4718 bei
569 4664 668 4718 Morino
686 4664 778 4718 Marini
796 4663 969 4734 diplomatica
987 4668 1124 4737 pontificia
1145 4669 1243 4725 Romae
1265 4670 1331 4726 1811
1347 4693 1374 4745 p.

179 4754 304 4818 57-60;
322 4756 375 4810 und
389 4755 496 4809 endlicb
509 4755 535 4808 3.
550 4755 597 4809 der
612 4755 719 4827 unsrigc
733 4773 766 4811 11
780 4756 832 4810 deu
845 4754 957 4810 Biscbol
966 4755 1102 4813 Eberhard
1116 4760 1147 4814 ll.
1167 4776 1218 4814 von
1233 4760 1373 4825 Constans,
