3209 5392
310 479 360 549 bd

302 654 437 737 quamvis
458 653 634 721 brevissime
651 654 778 729 scribas,
794 661 895 719 tamen
911 674 970 717 nou
986 653 1125 719 obmittcs
1138 672 1246 721 nornen
1258 653 1419 719 executoris
1433 652 1473 715 vel

303 766 503 829 executurum.
532 766 697 839 Ecccutm
725 769 850 827 vocatur
877 763 943 833 illc,
974 762 1023 825 cui
1053 766 1181 824 testator
1211 761 1476 827 detauctoritatem

299 868 476 959 perficiendi
492 873 589 935 omnia
606 872 685 939 sicut
706 877 918 937 testamentum
934 871 1076 935 continet.

297 968 300 969 ἦ
389 978 544 1062 Contingit
559 980 598 1067 a)
625 980 717 1045 etiam
753 980 833 1063 quod
870 986 997 1044 testator
1034 978 1193 1062 aliquando
1224 978 1298 1040 lacit
1327 983 1478 1041 testamcu-

298 1091 360 1148 tum
383 1087 420 1153 de
444 1088 570 1160 debitis,
603 1109 660 1171 que
689 1088 746 1150 sibi
769 1089 933 1160 debentur,
957 1095 987 1152 ct
1002 1095 1073 1152 tunc
1089 1087 1184 1153 munit
1205 1092 1380 1149 executores
1394 1090 1478 1147 testa-

297 1197 390 1260 menti
406 1197 453 1260 sui
469 1196 590 1279 publico
606 1197 803 1267 instrumento
828 1203 858 1261 ct
879 1198 909 1261 in
930 1198 1068 1280 personis
1085 1195 1311 1278 sollempnibus,
1327 1195 1371 1257 ita
1391 1200 1480 1257 tamen

298 1305 378 1386 quod
395 1303 460 1386 ipse
486 1311 616 1372 testator
643 1307 673 1369 in
700 1306 758 1371 line
777 1306 929 1371 literarum
946 1305 1138 1371 subscribere
1167 1300 1267 1375 debet,
1285 1304 1364 1369 sieut
1378 1299 1481 1384 patebit

298 1412 329 1475 in
357 1412 443 1477 litera
471 1403 639 1496 exemplari.
679 1415 762 1479 Nota¹
785 1416 877 1478 etiam
899 1415 979 1499 quod
1004 1415 1167 1502 publicam
1204 1408 1482 1490 estrumentum)

297 1528 422 1584 vocatur
444 1521 541 1593 litere,
566 1543 655 1605 quarn
678 1522 767 1586 iudex
791 1529 822 1586 et
846 1523 1025 1586 universitas
1050 1522 1159 1584 civium
1183 1520 1329 1592 scribunt,
1353 1525 1383 1587 et
1405 1536 1483 1602 pam

304 1630 425 1710 signent
446 1630 544 1712 sigillo
568 1629 698 1694 civitatis
722 1651 785 1694 sue.
818 1632 851 1694 ln
873 1631 938 1693 aliis
960 1638 1061 1695 tamea
1083 1629 1185 1701 terris,
1202 1629 1281 1693 sicut
1299 1629 1331 1693 in
1347 1630 1483 1708 Longo·

302 1738 436 1803 bardia
476 1744 506 1802 et
529 1741 685 1811 Tuscia,
706 1739 827 1821 publica
854 1741 1050 1819 instrumenta
1079 1738 1251 1805 scribuntur
1278 1758 1334 1820 per
1356 1735 1484 1818 publicos

302 1844 487 1909 tabelliones.
512 1849 662 1913 Publicus
684 1853 782 1911 autern
798 1850 927 1915 tabellio
949 1854 1073 1913 vocatur
1089 1849 1232 1918 notarius,
1249 1866 1338 1929 quem
1354 1865 1430 1928 papa
1443 1842 1484 1907 vel

303 1955 464 2036 imperator
487 1956 525 2022 ad
552 1956 829 2038 banc'dignitatem
856 1957 986 2023 admisit.
1023 1957 1108 2025 Hunc
1130 1962 1248 2038 oportet
1269 1956 1386 2027 iurare,
1414 1951 1486 2036 quod

298 2061 427 2127 fideliter
439 2071 602 2148 exequatur
615 2064 746 2131 officium
762 2086 857 2128 suum.
866 2065 905 2129 Et
919 2066 950 2128 in
966 2066 1075 2130 talibus
1092 2066 1187 2129 literis
1199 2086 1259 2128 non
1270 2064 1369 2128 solent
1385 2058 1486 2144 apponi

298 2171 406 2255 sigilla,
423 2174 478 2236 sed
494 2175 559 2255 ipse
575 2173 696 2239 tabellio
713 2176 822 2238 format
837 2175 1039 2241 tantummodo
1056 2174 1173 2256 signum
1196 2193 1283 2239 suum
1302 2175 1335 2236 in
1357 2173 1443 2237 litera
1458 2173 1485 2231 ct

1582 782 1584 847 l

297 2279 415 2344 sufficit.
438 2282 648 2366 Unusquisque
664 2288 764 2355 autern
778 2283 898 2348 tabellio
915 2284 1007 2347 babet
1019 2284 1058 2370 θ)
1074 2283 1227 2365 proprium
1243 2302 1330 2345 suum
1354 2279 1488 2362 sigillum,
1582 2334 1584 2349 ,

296 2378 351 2472 per
367 2392 445 2473 quod
460 2394 554 2456 munit
568 2393 670 2457 literas
686 2394 832 2475 publicas,
855 2413 930 2476 quas
947 2394 1053 2459 scribit
1060 2415 1070 2465 r
1099 2394 1167 2456 sed
1188 2395 1264 2461 ista
1291 2414 1365 2455 non
1394 2391 1488 2455 fiunt
1579 2396 1583 2457 l

298 2500 394 2581 apud
411 2501 662 2564 nos.--ldcirco
679 2509 777 2566 autern
793 2502 1192 2584 testatort'ormatpublicum
1207 2504 1446 2571 instrumentum,
1461 2501 1491 2563 ut
1581 2540 1583 2553 ι

296 2614 470 2677 executores
486 2612 657 2677 testamenti
672 2610 717 2671 sui
729 2609 846 2673 facilius
863 2611 903 2693 d)
919 2611 1036 2692 possint
1051 2618 1190 2692 repetere
1203 2610 1305 2677 debita
1317 2632 1335 2674 a
1349 2604 1488 2677 debitori·
1580 2604 1583 2613 '

296 2714 353 2779 bus
381 2718 534 2780 testatoris
563 2713 675 2781 auxilio
697 2719 892 2800 plublicnruru
918 2720 1082 2791 literarum.
1112 2721 1175 2782 llec
1204 2725 1251 2782 cst
1272 2719 1365 2799 igitur
1388 2718 1487 2791 torma.

392 2826 427 2888 H.
451 2826 553 2898 miles,
582 2828 669 2895 iudex
686 2834 716 2891 et
731 2829 910 2892 universitas
934 2829 1042 2891 civium
1060 2829 1097 2912 e)
1113 2828 1324 2897 Winnensium
1359 2824 1489 2890 omnibus
1582 2812 1584 2901 l

302 2955 427 3019 quorum
456 2936 582 3005 interest
609 2958 699 3001 nosse
726 2938 866 3007 noticiam
899 2939 1143 3020 subscriptorem.
1191 2935 1336 3001 Noverint
1363 2933 1490 3003 universi
1584 2970 1585 2979 κ

298 3050 455 3128 presentes
471 3045 574 3109 literas
591 3047 767 3128 inspecturi,
784 3048 862 3129 quod
878 3054 986 3128 rogatu
999 3055 1029 3111 et
1040 3046 1283 3137 interpellacione
1300 3045 1405 3109 dilecti
1421 3042 1490 3106 civis

298 3154 402 3224 nostri,
420 3155 471 3235 qui
488 3153 577 3221 nimia
594 3155 707 3218 fractus
724 3155 892 3243 egritudine
909 3162 1120 3221 testamentum
1136 3156 1173 3217 de
1190 3154 1280 3219 rebus
1313 3155 1379 3221 suis
1411 3153 1489 3221 fecit,

297 3261 395 3343 ipsum
410 3260 449 3344 f)
479 3267 691 3327 testamentum
726 3264 972 3344 procuratoribus
993 3270 1024 3327 et
1041 3262 1249 3329 executoribus
1277 3261 1491 3345 assignandum

300 3369 395 3449 sigillo
408 3370 537 3432 civitatis
552 3377 651 3432 nostre
668 3370 882 3442 roboravimus,
900 3373 984 3436 cuius
1001 3373 1098 3435 eciam
1110 3371 1289 3435 sententiam
1301 3371 1491 3453 exprimimus

300 3476 355 3538 sub
371 3476 427 3539 hao
443 3478 546 3539 torma.
576 3478 711 3560 Inprimis
728 3478 827 3562 itaque
844 3480 991 3543 ordinavit
1007 3481 1065 3543 hcc
1081 3481 1127 3543 rel
1143 3481 1201 3543 boc
1218 3485 1276 3543 etc.
1296 3478 1347 3566 (et
1363 3480 1444 3542 sicut
1464 3477 1491 3540 in
1581 3450 1585 3559 J

299 3585 474 3667 precedenti
496 3587 628 3667 exemplo
660 3587 827 3653 invenictis.
866 3589 1029 3670 Postquam
1051 3609 1124 3670 ergo
1142 3588 1250 3660 omnia,
1267 3609 1326 3672 que
1344 3586 1491 3671 disposuit
1582 3648 1585 3671 ι

301 3698 332 3757 et
347 3694 493 3761 ordinavit
516 3693 643 3759 diversis
658 3698 807 3777 personis,
824 3696 934 3760 tuerint
950 3698 1080 3780 scripta,
1109 3704 1180 3761 tunc
1203 3698 1405 3779 subiungctur
1436 3696 1490 3759 ista
1582 3744 1585 3757 .

301 3804 466 3889 clausula):
498 3803 707 3869 Testificamur
730 3806 820 3869 etiarn
837 3790 914 3868 bona
931 3806 1001 3878 tide,
1019 3807 1097 3890 quod
1114 3807 1249 3873 dominus
1266 3808 1440 3889 liudolphus
1455 3805 1490 3888 9)
1584 3806 1585 3809 ’

300 3918 512 3994 procuratores
527 3913 566 3975 ad
581 3915 744 3994 repetenda
760 3912 799 3999 l)
817 3914 918 3979 debita
935 3924 965 3979 ct
981 3924 1158 3981 executores
1174 3916 1214 3979 ad
1230 3918 1492 3983 consummandum
1586 3958 1587 3961 κ

301 4023 473 4089 testamenti
503 4024 549 4083 sui
572 4021 711 4087 ellectum
727 4024 807 4087 viros
824 4024 957 4106 ydoneos
981 4026 1100 4098 statuit,
1128 4027 1269 4090 videlieet
1289 4026 1381 4091 talem
1399 4025 1492 4088 civem

301 4132 348 4195 vel
365 4131 440 4193 tales
458 4129 539 4192 cives
555 4137 684 4204 nostros,
702 4132 775 4197 dans
793 4134 838 4197 eis
854 4134 978 4198 liberam
993 4135 1166 4203 facultatem
1179 4137 1215 4200 de
1229 4137 1290 4201 suis
1308 4133 1492 4199 debitoribus

302 4238 402 4301 debita
418 4239 602 4323 requirendi,
618 4242 784 4322 repetendi,
805 4240 1031 4326 quibuscunque
1044 4244 1129 4316 locis,
1142 4243 1337 4327 temporibus,
1354 4249 1493 4307 contrac-

301 4347 382 4411 tibus
397 4335 444 4409 vc'l
459 4348 552 4411 titulis
568 4349 633 4430 ipsa
650 4349 882 4434 reserenari),
895 4351 1065 4415 utbabeant
1080 4359 1369 4434 potestaterncoram
1382 4351 1492 4417 iudicio

394 4475 427 4542 a)
448 4473 561 4547 contigit
573 4475 602 4527 V.
615 4472 668 4527 und
683 4476 710 4527 Z.
724 4504 759 4512 —
771 4474 803 4543 l)
816 4476 888 4544 publ.
903 4474 977 4533 ieblt.
992 4479 1021 4530 Z.
1035 4508 1068 4517 -
1088 4480 1119 4547 c)
1135 4479 1231 4533 format
1257 4479 1296 4537 bis
1321 4480 1404 4534 babet
1431 4477 1495 4532 feblt

302 4563 333 4617 V.
359 4594 391 4602 —
408 4566 443 4634 d)
469 4582 500 4618 eo
524 4566 575 4620 lac.
597 4567 625 4618 Z.
645 4596 678 4604 -
701 4566 732 4634 e)
758 4567 874 4619 civitatis
887 4568 972 4621 Winn.
998 4569 1025 4623 Z.
1055 4602 1085 4610 -
1099 4567 1131 4640 f)
1152 4572 1209 4642 ipsc
1228 4571 1256 4626 Z.
1272 4573 1349 4643 -y)
1373 4571 1406 4625 R.
1421 4571 1492 4625 V.-

234 4706 238 4717 ,
302 4652 336 4721 b)
349 4655 514 4724 requirenda.
529 4657 555 4709 Z.
573 4686 602 4694 —
618 4654 645 4722 τ’)
659 4656 828 4710 adnoteturV
841 4675 864 4708 u.
881 4658 908 4709 Z.
