3209 5392
297 535 348 605 86

295 706 399 770 fideles
418 728 552 790 quosque
568 706 805 771 munificenciam
829 714 960 771 nostram
977 708 1157 790 porrigimus
1181 708 1347 788 graciosam
1367 712 1419 769 etc.
1435 706 1465 767 de

296 815 387 878 verbo
404 816 591 887 adverbum,
610 816 789 879 etinvenics
813 815 894 878 circa
920 815 1008 878 tinem
1029 815 1097 878 libri
1120 822 1189 878 ante
1211 815 1312 880 literas
1329 813 1467 895 generales

296 925 333 986 ad
349 924 438 988 talem
455 925 620 988 rubricam:
644 925 791 1022 incipiunt
808 926 902 987 somne
919 924 1144 1007 privilegiorum
1161 923 1198 986 de
1214 920 1429 986 inmunitatibus
1443 927 1468 983 et

297 1032 539 1115 exempcionibus
561 1033 598 1119 ¹).

648 1200 749 1263 lorma
771 1199 921 1283 prlvllegll
945 1200 1133 1280 temporalis.

388 1321 532 1384 liudolfus
550 1322 604 1386 Dei
616 1321 727 1404 gracia
743 1326 800 1384 etc.
819 1309 859 1406 a)
875 1321 1001 1385 Dilectis
1018 1321 1135 1385 devotis
1157 1323 1220 1384 suis
1237 1319 1381 1384 universis
1397 1301 1471 1398 regni

298 1430 408 1512 Sycilie
425 1428 530 1493 incolis
547 1431 680 1511 graciam
697 1435 827 1493 suamet
844 1449 930 1492 omne
946 1429 1066 1494 bonum.
1091 1429 1156 1493 Etsi
1173 1449 1332 1493 causarum
1347 1427 1472 1494 varietas,

296 1557 353 1621 que
381 1537 575 1619 processibus
603 1539 714 1601 nostris
742 1537 902 1620 improvise
931 1538 1158 1611 circumfluunt,
1186 1544 1244 1602 etc.
1274 1537 1313 1601 de
1337 1535 1424 1599 verbo
1443 1531 1474 1596 ad

218 1635 225 1648 ’
297 1646 422 1709 verbum
438 1645 573 1709 invenies
590 1647 628 1709 ad
643 1646 793 1709 rubricam
811 1646 977 1728 predictam
995 1645 1128 1710 secundo
1143 1644 1211 1710 loco
1230 1646 1270 1732 ⁸).

386 1754 454 1817 lstis
486 1753 602 1817 duobus
634 1755 730 1817 modis
762 1755 805 1818 uti
835 1760 961 1836 possunt
987 1755 1140 1837 principes
1169 1751 1371 1816 ecclesiastici
1401 1769 1476 1833 quam

300 1863 396 1925 eciam
413 1863 565 1925 seculares
581 1864 611 1925 iu
626 1863 792 1945 privilegiis
810 1863 1018 1945 personalibus
1036 1871 1066 1925 et
1081 1861 1308 1944 temporalibus,
1330 1858 1479 1944 unusquis-

298 1990 355 2053 que
372 1970 534 2033 secundum
551 1970 590 2057 b]
607 1977 717 2035 statum
734 1992 819 2033 suum
836 1977 867 2034 et
884 1972 1072 2053 dignitatem,
1088 1971 1307 2035 condicionem.
1339 1971 1384 2034 lle
1399 1966 1479 2051 privi-

297 2080 386 2161 legiis
402 2086 501 2143 autem
517 2079 663 2142 localibus
686 2080 859 2151 sciendum,
888 2100 923 2142 ea
946 2100 1015 2142 esse
1038 2080 1224 2143 condicionis
1241 2099 1310 2142 cum
1327 2076 1481 2162 perpetuis,

298 2188 436 2272 quoniam
453 2194 483 2251 et
501 2187 538 2272 ο)
554 2194 698 2270 perpetua
715 2193 785 2251 sunt
801 2195 834 2250 ut
850 2208 939 2270 supra
957 2189 1068 2253 dietum
1085 2194 1141 2251 est.
1160 2186 1320 2250 Generalia
1336 2185 1480 2270 privilegia

299 2299 388 2361 etiam
411 2302 555 2379 perpetua
572 2317 641 2358 esse
658 2297 766 2369 solent,
784 2297 855 2359 item
872 2297 1037 2379 spiritualia
1054 2318 1091 2358 ex
1107 2297 1153 2358 sui
1171 2303 1275 2360 natura
1297 2297 1406 2359 similia
1423 2301 1483 2356 sunt

298 2404 511 2488 temporalibus
529 2404 566 2467 de
583 2405 688 2468 horum
704 2406 808 2468 formis
826 2404 855 2466 in
872 2426 927 2468 suo
944 2406 1010 2468 loco
1027 2405 1151 2486 patebit.

876 2567 919 2627 ll.

587 2682 814 2746 lrobemlnnlu
831 2687 991 2747 tractatum
1008 2681 1207 2745 enorllornm.

824 2806 950 2851 bistiuctio
968 2808 985 2851 ln

393 2907 539 2989 Quorriam
561 2909 591 2970 in
614 2915 682 2972 ante
707 2910 851 2991 expositis
875 2908 1062 2972 sufficienter
1082 2915 1129 2972 est
1151 2914 1307 2972 ostensum
1330 2909 1361 2981 in
1387 2923 1488 2990 genere

306 3017 378 3100 quid
394 3018 434 3079 sit
450 3017 587 3099 epistola,
605 3036 662 3100 que
680 3024 710 3081 et
726 3025 799 3101 quot
814 3025 915 3100 partes
933 3017 996 3080 eius
1013 3023 1153 3099 tanquam
1176 3038 1231 3100 per
1250 3018 1374 3080 modom
1391 3014 1491 3079 diffini-

294 3127 394 3189 'tivum
422 3133 452 3189 et
480 3127 653 3199 divisivum,
677 3147 798 3205 ,exnunc
822 3128 904 3190 etin
932 3126 1128 3211 sequentibus
1157 3127 1194 3189 de
1223 3128 1288 3209 ipsa
1314 3126 1440 3209 epistola
1465 3124 1490 3183 in

294 3234 407 3315 ‘specie
423 3234 589 3307 videamus,
606 3240 639 3298 ut
655 3235 759 3297 similis
776 3235 865 3297 realis
889 3235 953 3297 eius
969 3236 1108 3298 esscncia
1124 3241 1185 3299 tam
1202 3234 1231 3297 in
1253 3234 1392 3317 partibus
1409 3251 1492 3315 appa-

304 3349 371 3406 reat
393 3362 481 3427 quam
503 3344 534 3405 in
556 3350 691 3407 toto.·—
713 3345 758 3407 Ad
780 3345 866 3407 cuius
888 3325 1073 3406 evidenciam
1097 3349 1127 3407 et
1155 3343 1367 3426 cognicionem
1395 3342 1492 3406 multas

304 3453 451 3534 elegantis
479 3452 538 3515 stili
566 3452 698 3534 presenti
728 3453 811 3536 operi
840 3454 952 3516 inserui
975 3453 1133 3535 epistolas,
1161 3473 1235 3537 quas
1264 3452 1302 3515 de
1325 3468 1493 3535 magnorum

305 3562 483 3625 dictatorum
495 3560 674 3623 formulariis
691 3567 859 3644 excerptas,
876 3562 944 3624 dum
957 3562 1028 3624 hinc
1044 3562 1114 3624 inde
1127 3561 1205 3625 vicio
1222 3560 1405 3643 scriptorum
1421 3562 1494 3622 esset
1576 3605 1580 3628 ,

307 3676 437 3733 erratum
449 3668 652 3751 multipliciter
663 3670 693 3731 in
701 3670 816 3732 eisdem
829 3675 860 3733 et
872 3670 903 3733 in
916 3670 1153 3751 congruominus
1161 3669 1202 3754 d)
1210 3669 1314 3732 ordine
1327 3670 1499 3751 registrate,

307 3780 344 3842 de
372 3778 520 3861 parvitate
548 3778 607 3840 mci
631 3779 791 3860 ingenioli,
819 3771 971 3862 utcunque
1000 3778 1093 3861 potui,
1128 3779 1256 3850 correxi,
1284 3778 1369 3860 ipsas
1399 3776 1494 3841 ordine
1577 3765 1580 3792 ²

308 3908 440 3970 congruo
465 3886 682 3949 connectendo.
711 3887 809 3950 Primo
839 3887 959 3970 quidem
993 3887 1217 3950 ecclesiasticas
1249 3895 1353 3968 utpote
1382 3884 1495 3970 papales

310 4015 503 4081 quascunque
525 3995 695 4059 huiusmodi
717 3997 830 4059 formas
851 3996 971 4079 repperi
1009 3996 1065 4058 sub
1088 3995 1250 4059 inmediata
1273 3997 1404 4079 quadam
1431 4014 1497 4058 con-

308 4105 479 4169 tinuacione
497 4104 647 4169 ordinarie
664 4104 827 4176 collocavi3
848 4105 961 4168 ,deinde
983 4105 1086 4168 literas
1109 4106 1322 4187 imperatorum
1348 4111 1379 4168 et
1400 4121 1496 4185 regum

310 4217 562 4288 Romanorumeo
579 4214 679 4286 modo,
695 4214 782 4277 nullis
799 4214 866 4278 aliis
883 4214 1086 4278 mediantibus
1110 4214 1297 4287 continuavi3
1314 4221 1423 4298 postea
1443 4214 1499 4276 tor·

403 4342 437 4409 a)
460 4343 531 4396 sicut
552 4341 627 4412 prius
648 4342 676 4394 Z.
701 4372 734 4381 -
759 4341 792 4409 b)
811 4350 897 4395 status
921 4342 1142 4414 sui·diguitatem
1164 4349 1190 4395 et
1219 4341 1403 4396 condicionem
1426 4342 1452 4393 Z.
1469 4363 1500 4376 -·

312 4432 342 4500 c)
354 4431 430 4485 etiam
444 4433 471 4485 Z.
480 4462 512 4471 -
521 4432 555 4502 d)
568 4433 621 4486 ror
633 4433 675 4485 ein
689 4433 723 4485 im
736 4434 806 4487 Text
819 4433 937 4487 radietas
951 4433 1028 4487 Wort
1041 4449 1089 4486 roo
1103 4432 1306 4487 andacer-Haud
1320 4431 1466 4486 amllande
1475 4430 1499 4482 V.

346 4617 369 4675 ¹)
383 4617 423 4660 Die
440 4628 514 4673 ganne
529 4615 621 4661 Formel
639 4613 711 4660 findet
727 4615 777 4660 sich
795 4619 866 4661 unten
885 4618 934 4662 Ful.-
952 4618 983 4664 lo
999 4631 1038 4664 no.
1052 4618 1074 4661 la

345 4696 369 4755 ²)
385 4699 530 4755 vollstlindlg
551 4701 621 4743 tritten
646 4698 695 4742 Fol.
711 4697 751 4748 51,
770 4711 809 4743 uo.
827 4696 866 4748 43,
884 4700 951 4743 ulcbt
968 4712 1013 4743 voni
1031 4700 1107 4755 liduig
1124 4698 1216 4747 Rudolt,
1234 4694 1335 4744 'scuderu
1356 4709 1402 4741 von
1424 4693 1500 4739 liniter

377 4780 497 4826 Friedrich
515 4781 542 4825 ll.
560 4782 594 4826 als
613 4780 689 4838 llllnlg
708 4793 753 4825 ron
773 4779 869 4825 Sicilien
887 4781 933 4825 dat.
955 4780 1024 4826 1198.
