<?xml version="1.0" encoding="UTF-8"?>
<!DOCTYPE html PUBLIC "-//W3C//DTD XHTML 1.0 Transitional//EN"
    "http://www.w3.org/TR/xhtml1/DTD/xhtml1-transitional.dtd">
<html xmlns="http://www.w3.org/1999/xhtml" xml:lang="en" lang="en">
 <head>
  <title>
</title>
<meta http-equiv="Content-Type" content="text/html;charset=utf-8" />
  <meta name='ocr-system' content='tesseract 3.04.00' />
  <meta name='ocr-capabilities' content='ocr_page ocr_carea ocr_par ocr_line ocrx_word'/>
</head>
<body>
  <div class='ocr_page' id='page_1' title='image "./fontesrerumaust00unkngoog_0472.png"; bbox 0 0 3209 5392; ppageno 0'>
   <div class='ocr_carea' id='block_1_1' title="bbox 1291 478 1370 551">
    <p class='ocr_par' dir='ltr' id='par_1_1' title="bbox 1291 478 1370 551">
     <span class='ocr_line' id='line_1_1' title="bbox 1291 478 1370 551; baseline 0.025 -2"><span class='ocrx_word' id='word_1_1' title='bbox 1291 478 1370 551; x_wconf 72' lang='lat'>447</span> 
     </span>
    </p>
   </div>
   <div class='ocr_carea' id='block_1_2' title="bbox 172 654 1480 1280">
    <p class='ocr_par' dir='ltr' id='par_1_2' title="bbox 172 654 1369 737">
     <span class='ocr_line' id='line_1_2' title="bbox 172 654 1369 737; baseline 0.005 -25"><span class='ocrx_word' id='word_1_2' title='bbox 172 655 347 732; x_wconf 85' lang='lat' dir='ltr'>reputemus</span> <span class='ocrx_word' id='word_1_3' title='bbox 364 659 394 717; x_wconf 90' lang='lat' dir='ltr'>et</span> <span class='ocrx_word' id='word_1_4' title='bbox 410 655 527 728; x_wconf 92' lang='lat' dir='ltr'>utilem,</span> <span class='ocrx_word' id='word_1_5' title='bbox 557 658 692 721; x_wconf 90' lang='lat' dir='ltr'>volumus</span> <span class='ocrx_word' id='word_1_6' title='bbox 720 660 750 718; x_wconf 91' lang='lat' dir='ltr'>et</span> <span class='ocrx_word' id='word_1_7' title='bbox 777 673 935 737; x_wconf 77' lang='lat' dir='ltr'>rogamus,</span> <span class='ocrx_word' id='word_1_8' title='bbox 959 658 1125 737; x_wconf 87' lang='lat' dir='ltr'>quatenus,</span> <span class='ocrx_word' id='word_1_9' title='bbox 1153 655 1180 718; x_wconf 91' lang='lat' dir='ltr'>si</span> <span class='ocrx_word' id='word_1_10' title='bbox 1201 654 1369 719; x_wconf 91' lang='lat' dir='ltr'>voluntaria</span> 
     </span>
    </p>

    <p class='ocr_par' dir='ltr' id='par_1_3' title="bbox 172 758 1480 1065">
     <span class='ocr_line' id='line_1_3' title="bbox 172 758 1370 845; baseline 0.003 -23"><span class='ocrx_word' id='word_1_11' title='bbox 172 758 227 823; x_wconf 88' lang='lat' dir='ltr'>tibi</span> <span class='ocrx_word' id='word_1_12' title='bbox 244 760 350 824; x_wconf 89' lang='lat' dir='ltr'>subest</span> <span class='ocrx_word' id='word_1_13' title='bbox 372 767 403 826; x_wconf 90' lang='lat' dir='ltr'>et</span> <span class='ocrx_word' id='word_1_14' title='bbox 424 768 488 827; x_wconf 92' lang='lat' dir='ltr'>tuta</span> <span class='ocrx_word' id='word_1_15' title='bbox 504 764 644 828; x_wconf 90' lang='lat' dir='ltr'>veniendi</span> <span class='ocrx_word' id='word_1_16' title='bbox 668 763 808 834; x_wconf 86' lang='lat' dir='ltr'>facultas,</span> <span class='ocrx_word' id='word_1_17' title='bbox 837 783 905 826; x_wconf 85' lang='lat' dir='ltr'>cunr</span> <span class='ocrx_word' id='word_1_18' title='bbox 931 762 1035 845; x_wconf 80' lang='lat' dir='ltr'>gracie</span> <span class='ocrx_word' id='word_1_19' title='bbox 1058 767 1162 826; x_wconf 90' lang='lat' dir='ltr'>nostre</span> <span class='ocrx_word' id='word_1_20' title='bbox 1184 763 1370 845; x_wconf 79' lang='lat' dir='ltr'>plenitudine</span> 
     </span>
     <span class='ocr_line' id='line_1_4' title="bbox 173 869 1480 962; baseline 0.002 -31"><span class='ocrx_word' id='word_1_21' title='bbox 173 870 296 935; x_wconf 82' lang='lat' dir='ltr'>studeas</span> <span class='ocrx_word' id='word_1_22' title='bbox 309 891 327 933; x_wconf 92' lang='lat' dir='ltr'>a</span> <span class='ocrx_word' id='word_1_23' title='bbox 338 872 518 955; x_wconf 88' lang='lat' dir='ltr'>recepcione</span> <span class='ocrx_word' id='word_1_24' title='bbox 535 874 727 957; x_wconf 90' lang='lat' dir='ltr'>presencium</span> <span class='ocrx_word' id='word_1_25' title='bbox 742 873 821 936; x_wconf 86' lang='lat' dir='ltr'>intra</span> <span class='ocrx_word' id='word_1_26' title='bbox 836 891 889 935; x_wconf 85' lang='lat' dir='ltr'>sex</span> <span class='ocrx_word' id='word_1_27' title='bbox 905 891 1025 933; x_wconf 90' lang='lat' dir='ltr'>menses</span> <span class='ocrx_word' id='word_1_28' title='bbox 1042 870 1201 934; x_wconf 87' lang='lat' dir='ltr'>continuos</span> <span class='ocrx_word' id='word_1_29' title='bbox 1214 869 1252 933; x_wconf 91' lang='lat' dir='ltr'>ad</span> <span class='ocrx_word' id='word_1_30' title='bbox 1265 871 1369 935; x_wconf 91' lang='lat' dir='ltr'>sedem</span> <span class='ocrx_word' id='word_1_31' title='bbox 1475 953 1480 962; x_wconf 91' lang='lat'>.</span> 
     </span>
     <span class='ocr_line' id='line_1_5' title="bbox 173 978 1371 1065; baseline 0 -24"><span class='ocrx_word' id='word_1_32' title='bbox 173 979 369 1060; x_wconf 88' lang='lat' dir='ltr'>apostolicam</span> <span class='ocrx_word' id='word_1_33' title='bbox 384 985 416 1044; x_wconf 89' lang='lat' dir='ltr'>te</span> <span class='ocrx_word' id='word_1_34' title='bbox 431 981 607 1054; x_wconf 86' lang='lat' dir='ltr'>transferre,</span> <span class='ocrx_word' id='word_1_35' title='bbox 636 987 785 1065; x_wconf 88' lang='lat' dir='ltr'>quatenus</span> <span class='ocrx_word' id='word_1_36' title='bbox 813 980 895 1043; x_wconf 90' lang='lat' dir='ltr'>sinus</span> <span class='ocrx_word' id='word_1_37' title='bbox 923 980 1028 1042; x_wconf 90' lang='lat' dir='ltr'>matris</span> <span class='ocrx_word' id='word_1_38' title='bbox 1044 979 1195 1062; x_wconf 79' lang='lat' dir='ltr'>repleatur</span> <span class='ocrx_word' id='word_1_39' title='bbox 1210 978 1371 1061; x_wconf 79' lang='lat' dir='ltr'>presencia</span> 
     </span>
    </p>

    <p class='ocr_par' dir='ltr' id='par_1_4' title="bbox 172 1084 1370 1280">
     <span class='ocr_line' id='line_1_6' title="bbox 172 1084 1370 1172; baseline 0 -22"><span class='ocrx_word' id='word_1_40' title='bbox 172 1084 242 1170; x_wconf 81' lang='lat' dir='ltr'>filii,</span> <span class='ocrx_word' id='word_1_41' title='bbox 270 1107 329 1172; x_wconf 87' lang='lat' dir='ltr'>quo</span> <span class='ocrx_word' id='word_1_42' title='bbox 356 1088 484 1153; x_wconf 86' lang='lat' dir='ltr'>absente</span> <span class='ocrx_word' id='word_1_43' title='bbox 511 1110 625 1155; x_wconf 92' lang='lat' dir='ltr'>vacuus</span> <span class='ocrx_word' id='word_1_44' title='bbox 653 1089 802 1161; x_wconf 86' lang='lat' dir='ltr'>cernitur,</span> <span class='ocrx_word' id='word_1_45' title='bbox 831 1094 861 1152; x_wconf 89' lang='lat' dir='ltr'>et</span> <span class='ocrx_word' id='word_1_46' title='bbox 888 1089 997 1151; x_wconf 88' lang='lat' dir='ltr'>tratres</span> <span class='ocrx_word' id='word_1_47' title='bbox 1026 1091 1127 1170; x_wconf 90' lang='lat' dir='ltr'>optato</span> <span class='ocrx_word' id='word_1_48' title='bbox 1156 1085 1206 1150; x_wconf 91' lang='lat' dir='ltr'>diu</span> <span class='ocrx_word' id='word_1_49' title='bbox 1235 1086 1370 1151; x_wconf 89' lang='lat' dir='ltr'>absentis</span> 
     </span>
     <span class='ocr_line' id='line_1_7' title="bbox 174 1195 648 1280; baseline 0.008 -21"><span class='ocrx_word' id='word_1_50' title='bbox 174 1195 285 1261; x_wconf 90' lang='lat' dir='ltr'>solacio</span> <span class='ocrx_word' id='word_1_51' title='bbox 310 1198 438 1280; x_wconf 91' lang='lat' dir='ltr'>amplius</span> <span class='ocrx_word' id='word_1_52' title='bbox 462 1205 648 1263; x_wconf 77' lang='lat' dir='ltr'>recreentur.</span> 
     </span>
    </p>
   </div>
   <div class='ocr_carea' id='block_1_3' title="bbox 742 1403 805 1476">
    <p class='ocr_par' dir='ltr' id='par_1_5' title="bbox 742 1403 805 1476">
     <span class='ocr_line' id='line_1_8' title="bbox 742 1403 805 1476; baseline -0.048 0"><span class='ocrx_word' id='word_1_53' title='bbox 742 1403 805 1476; x_wconf 81' lang='lat'>42.</span> 
     </span>
    </p>
   </div>
   <div class='ocr_carea' id='block_1_4' title="bbox 323 1579 1215 1663">
    <p class='ocr_par' dir='ltr' id='par_1_6' title="bbox 323 1579 1215 1663">
     <span class='ocr_line' id='line_1_9' title="bbox 323 1579 1215 1663; baseline -0.001 -18"><span class='ocrx_word' id='word_1_54' title='bbox 323 1580 422 1646; x_wconf 61' lang='lat' dir='ltr'>littera</span> <span class='ocrx_word' id='word_1_55' title='bbox 438 1582 601 1646; x_wconf 76' lang='lat' dir='ltr'>conductas</span> <span class='ocrx_word' id='word_1_56' title='bbox 617 1583 830 1663; x_wconf 76' lang='lat' dir='ltr'>imperatorum</span> <span class='ocrx_word' id='word_1_57' title='bbox 847 1586 877 1646; x_wconf 88' lang='lat' dir='ltr'>et</span> <span class='ocrx_word' id='word_1_58' title='bbox 893 1579 1086 1647; x_wconf 70' lang='lat' dir='ltr'>bononorum</span> <span class='ocrx_word' id='word_1_59' title='bbox 1104 1599 1215 1660; x_wconf 70' lang='lat' dir='ltr'>regum.</span> 
     </span>
    </p>
   </div>
   <div class='ocr_carea' id='block_1_5' title="bbox 189 1711 1361 1885">
    <p class='ocr_par' dir='ltr' id='par_1_7' title="bbox 189 1711 1361 1885">
     <span class='ocr_line' id='line_1_10' title="bbox 189 1711 1361 1797; baseline -0.002 -19"><span class='ocrx_word' id='word_1_60' title='bbox 189 1723 277 1796; x_wconf 71' lang='lat' dir='ltr'>Konip</span> <span class='ocrx_word' id='word_1_61' title='bbox 289 1723 412 1779; x_wconf 80' lang='lat' dir='ltr'>Albreelrt</span> <span class='ocrx_word' id='word_1_62' title='bbox 423 1723 496 1796; x_wconf 76' lang='lat' dir='ltr'>piebt</span> <span class='ocrx_word' id='word_1_63' title='bbox 513 1727 565 1779; x_wconf 87' lang='lat' dir='ltr'>den</span> <span class='ocrx_word' id='word_1_64' title='bbox 582 1741 640 1779; x_wconf 76' lang='lat' dir='ltr'>aum</span> <span class='ocrx_word' id='word_1_65' title='bbox 655 1722 895 1797; x_wconf 64' lang='lat' dir='ltr'>(denerat-Capitol</span> <span class='ocrx_word' id='word_1_66' title='bbox 911 1723 1053 1778; x_wconf 81' lang='lat' dir='ltr'>reiaeaden</span> <span class='ocrx_word' id='word_1_67' title='bbox 1073 1711 1361 1779; x_wconf 74' lang='lat' dir='ltr'>Cisterar&#39;erraer-rl&#39;dten</span> 
     </span>
     <span class='ocr_line' id='line_1_11' title="bbox 434 1806 1101 1885; baseline 0.001 -18"><span class='ocrx_word' id='word_1_68' title='bbox 434 1806 647 1870; x_wconf 65' lang='lat' dir='ltr'>condecoretur</span> <span class='ocrx_word' id='word_1_69' title='bbox 661 1815 719 1868; x_wconf 83' lang='lat' dir='ltr'>und</span> <span class='ocrx_word' id='word_1_70' title='bbox 731 1814 832 1869; x_wconf 76' lang='lat' dir='ltr'>Boiam</span> <span class='ocrx_word' id='word_1_71' title='bbox 845 1815 922 1871; x_wconf 81' lang='lat' dir='ltr'>einen</span> <span class='ocrx_word' id='word_1_72' title='bbox 938 1813 1101 1885; x_wconf 77' lang='lat' dir='ltr'>Geleitbn&#39;ef.</span> 
     </span>
    </p>
   </div>
   <div class='ocr_carea' id='block_1_6' title="bbox 139 1942 1488 3436">
    <p class='ocr_par' dir='ltr' id='par_1_8' title="bbox 172 1942 1488 2680">
     <span class='ocr_line' id='line_1_12' title="bbox 262 1942 1370 2028; baseline -0.003 -24"><span class='ocrx_word' id='word_1_73' title='bbox 262 1942 324 2005; x_wconf 95' lang='lat' dir='ltr'>Nos</span> <span class='ocrx_word' id='word_1_74' title='bbox 333 1942 473 2006; x_wconf 80' lang='lat' dir='ltr'>Albertus</span> <span class='ocrx_word' id='word_1_75' title='bbox 490 1943 546 2005; x_wconf 88' lang='lat' dir='ltr'>Dei</span> <span class='ocrx_word' id='word_1_76' title='bbox 562 1944 666 2025; x_wconf 83' lang='lat' dir='ltr'>gracia</span> <span class='ocrx_word' id='word_1_77' title='bbox 683 1944 883 2008; x_wconf 87' lang='lat' dir='ltr'>Romanorum</span> <span class='ocrx_word' id='word_1_78' title='bbox 899 1943 1062 2028; x_wconf 89' lang='lat' dir='ltr'>imperator</span> <span class='ocrx_word' id='word_1_79' title='bbox 1074 1942 1120 2006; x_wconf 93' lang='lat' dir='ltr'>vel</span> <span class='ocrx_word' id='word_1_80' title='bbox 1133 1963 1187 2005; x_wconf 87' lang='lat' dir='ltr'>reu</span> <span class='ocrx_word' id='word_1_81' title='bbox 1204 1949 1233 2005; x_wconf 89' lang='lat' dir='ltr'>et</span> <span class='ocrx_word' id='word_1_82' title='bbox 1250 1957 1370 2021; x_wconf 87' lang='lat' dir='ltr'>semper</span> 
     </span>
     <span class='ocr_line' id='line_1_13' title="bbox 175 2050 1370 2135; baseline -0.004 -20"><span class='ocrx_word' id='word_1_83' title='bbox 175 2057 322 2134; x_wconf 88' lang='lat' dir='ltr'>augustus</span> <span class='ocrx_word' id='word_1_84' title='bbox 339 2052 377 2115; x_wconf 93' lang='lat' dir='ltr'>ad</span> <span class='ocrx_word' id='word_1_85' title='bbox 393 2052 600 2116; x_wconf 89' lang='lat' dir='ltr'>universorum</span> <span class='ocrx_word' id='word_1_86' title='bbox 617 2052 695 2116; x_wconf 91' lang='lat' dir='ltr'>sacri</span> <span class='ocrx_word' id='word_1_87' title='bbox 712 2051 829 2135; x_wconf 89' lang='lat' dir='ltr'>imperii</span> <span class='ocrx_word' id='word_1_88' title='bbox 847 2050 977 2116; x_wconf 89' lang='lat' dir='ltr'>fidelium</span> <span class='ocrx_word' id='word_1_89' title='bbox 992 2051 1134 2116; x_wconf 84' lang='lat' dir='ltr'>noticiam</span> <span class='ocrx_word' id='word_1_90' title='bbox 1150 2052 1285 2116; x_wconf 91' lang='lat' dir='ltr'>volumus</span> <span class='ocrx_word' id='word_1_91' title='bbox 1300 2069 1370 2131; x_wconf 89' lang='lat' dir='ltr'>per·</span> 
     </span>
     <span class='ocr_line' id='line_1_14' title="bbox 173 2159 1371 2244; baseline -0.003 -20"><span class='ocrx_word' id='word_1_92' title='bbox 173 2161 285 2231; x_wconf 90' lang='lat' dir='ltr'>venire,</span> <span class='ocrx_word' id='word_1_93' title='bbox 303 2159 383 2244; x_wconf 90' lang='lat' dir='ltr'>qnod</span> <span class='ocrx_word' id='word_1_94' title='bbox 399 2159 589 2225; x_wconf 82' lang='lat' dir='ltr'>honorabiles</span> <span class='ocrx_word' id='word_1_95' title='bbox 603 2181 639 2224; x_wconf 92' lang='lat' dir='ltr'>ac</span> <span class='ocrx_word' id='word_1_96' title='bbox 655 2162 814 2244; x_wconf 89' lang='lat' dir='ltr'>religiosos</span> <span class='ocrx_word' id='word_1_97' title='bbox 827 2162 907 2235; x_wconf 93' lang='lat' dir='ltr'>viros</span> <span class='ocrx_word' id='word_1_98' title='bbox 924 2160 1050 2224; x_wconf 85' lang='lat' dir='ltr'>abbates</span> <span class='ocrx_word' id='word_1_99' title='bbox 1062 2160 1139 2224; x_wconf 92' lang='lat' dir='ltr'>tales</span> <span class='ocrx_word' id='word_1_100' title='bbox 1152 2159 1371 2244; x_wconf 79' lang='lat' dir='ltr'>Cysterciensis</span> 
     </span>
     <span class='ocr_line' id='line_1_15' title="bbox 173 2265 1488 2352; baseline -0.001 -22"><span class='ocrx_word' id='word_1_101' title='bbox 173 2267 287 2331; x_wconf 83' lang='lat' dir='ltr'>ordinis</span> <span class='ocrx_word' id='word_1_102' title='bbox 304 2269 342 2332; x_wconf 89' lang='lat' dir='ltr'>de</span> <span class='ocrx_word' id='word_1_103' title='bbox 354 2270 473 2333; x_wconf 75' lang='lat' dir='ltr'>dustria</span> <span class='ocrx_word' id='word_1_104' title='bbox 487 2275 517 2333; x_wconf 88' lang='lat' dir='ltr'>et</span> <span class='ocrx_word' id='word_1_105' title='bbox 533 2271 678 2343; x_wconf 81' lang='lat' dir='ltr'>bawaria,</span> <span class='ocrx_word' id='word_1_106' title='bbox 702 2270 741 2333; x_wconf 93' lang='lat' dir='ltr'>ad</span> <span class='ocrx_word' id='word_1_107' title='bbox 763 2270 904 2352; x_wconf 87' lang='lat' dir='ltr'>generale</span> <span class='ocrx_word' id='word_1_108' title='bbox 927 2288 1012 2333; x_wconf 91' lang='lat' dir='ltr'>suurn</span> <span class='ocrx_word' id='word_1_109' title='bbox 1029 2268 1190 2352; x_wconf 89' lang='lat' dir='ltr'>capitulum</span> <span class='ocrx_word' id='word_1_110' title='bbox 1206 2265 1371 2351; x_wconf 87' lang='lat' dir='ltr'>procedere</span> <span class='ocrx_word' id='word_1_111' title='bbox 1383 2303 1488 2343; x_wconf 56' lang='lat' dir='ltr'>mor,</span> 
     </span>
     <span class='ocr_line' id='line_1_16' title="bbox 175 2375 1371 2461; baseline -0.001 -22"><span class='ocrx_word' id='word_1_112' title='bbox 175 2376 382 2459; x_wconf 89' lang='lat' dir='ltr'>disponentes,</span> <span class='ocrx_word' id='word_1_113' title='bbox 399 2378 582 2441; x_wconf 79' lang='lat' dir='ltr'>exhibitores</span> <span class='ocrx_word' id='word_1_114' title='bbox 601 2379 791 2461; x_wconf 90' lang='lat' dir='ltr'>presencium</span> <span class='ocrx_word' id='word_1_115' title='bbox 808 2384 839 2442; x_wconf 89' lang='lat' dir='ltr'>et</span> <span class='ocrx_word' id='word_1_116' title='bbox 855 2398 958 2442; x_wconf 92' lang='lat' dir='ltr'>eorum</span> <span class='ocrx_word' id='word_1_117' title='bbox 968 2376 1145 2441; x_wconf 86' lang='lat' dir='ltr'>comitivam</span> <span class='ocrx_word' id='word_1_118' title='bbox 1158 2396 1225 2441; x_wconf 92' lang='lat' dir='ltr'>cum</span> <span class='ocrx_word' id='word_1_119' title='bbox 1234 2375 1371 2439; x_wconf 91' lang='lat' dir='ltr'>omnibus</span> 
     </span>
     <span class='ocr_line' id='line_1_17' title="bbox 172 2484 1372 2572; baseline -0.001 -25"><span class='ocrx_word' id='word_1_120' title='bbox 172 2484 261 2549; x_wconf 91' lang='lat' dir='ltr'>bonis</span> <span class='ocrx_word' id='word_1_121' title='bbox 278 2505 314 2549; x_wconf 93' lang='lat' dir='ltr'>ac</span> <span class='ocrx_word' id='word_1_122' title='bbox 329 2486 421 2550; x_wconf 92' lang='lat' dir='ltr'>rebus</span> <span class='ocrx_word' id='word_1_123' title='bbox 438 2486 501 2550; x_wconf 91' lang='lat' dir='ltr'>suis</span> <span class='ocrx_word' id='word_1_124' title='bbox 518 2486 548 2549; x_wconf 92' lang='lat' dir='ltr'>in</span> <span class='ocrx_word' id='word_1_125' title='bbox 565 2491 697 2550; x_wconf 90' lang='lat' dir='ltr'>nostram</span> <span class='ocrx_word' id='word_1_126' title='bbox 714 2487 934 2572; x_wconf 91' lang='lat' dir='ltr'>protectionem</span> <span class='ocrx_word' id='word_1_127' title='bbox 957 2492 988 2550; x_wconf 94' lang='lat' dir='ltr'>et</span> <span class='ocrx_word' id='word_1_128' title='bbox 1009 2486 1126 2569; x_wconf 91' lang='lat' dir='ltr'>imperii</span> <span class='ocrx_word' id='word_1_129' title='bbox 1147 2486 1317 2566; x_wconf 83' lang='lat' dir='ltr'>recepimus</span> <span class='ocrx_word' id='word_1_130' title='bbox 1342 2489 1372 2546; x_wconf 89' lang='lat' dir='ltr'>et</span> 
     </span>
     <span class='ocr_line' id='line_1_18' title="bbox 176 2591 1373 2680; baseline -0.001 -25"><span class='ocrx_word' id='word_1_131' title='bbox 176 2593 366 2658; x_wconf 89' lang='lat' dir='ltr'>conductum.</span> <span class='ocrx_word' id='word_1_132' title='bbox 398 2596 525 2677; x_wconf 88' lang='lat' dir='ltr'>Propter</span> <span class='ocrx_word' id='word_1_133' title='bbox 547 2596 627 2679; x_wconf 89' lang='lat' dir='ltr'>quod</span> <span class='ocrx_word' id='word_1_134' title='bbox 650 2596 797 2659; x_wconf 90' lang='lat' dir='ltr'>universis</span> <span class='ocrx_word' id='word_1_135' title='bbox 821 2601 852 2660; x_wconf 89' lang='lat' dir='ltr'>et</span> <span class='ocrx_word' id='word_1_136' title='bbox 874 2596 1000 2678; x_wconf 88' lang='lat' dir='ltr'>singulis</span> <span class='ocrx_word' id='word_1_137' title='bbox 1032 2594 1215 2680; x_wconf 85' lang='lat' dir='ltr'>precipimus</span> <span class='ocrx_word' id='word_1_138' title='bbox 1247 2591 1373 2655; x_wconf 90' lang='lat' dir='ltr'>tirmiter</span> 
     </span>
    </p>

    <p class='ocr_par' dir='ltr' id='par_1_9' title="bbox 139 2701 1373 3220">
     <span class='ocr_line' id='line_1_19' title="bbox 139 2701 1373 2787; baseline -0.001 -23"><span class='ocrx_word' id='word_1_139' title='bbox 139 2704 143 2715; x_wconf 82' lang='grc'><strong>“</strong></span> <span class='ocrx_word' id='word_1_140' title='bbox 174 2706 205 2764; x_wconf 93' lang='lat' dir='ltr'>et</span> <span class='ocrx_word' id='word_1_141' title='bbox 236 2701 390 2774; x_wconf 91' lang='lat' dir='ltr'>districte,</span> <span class='ocrx_word' id='word_1_142' title='bbox 425 2723 463 2765; x_wconf 88' lang='lat' dir='ltr'>ne</span> <span class='ocrx_word' id='word_1_143' title='bbox 497 2705 606 2787; x_wconf 92' lang='lat' dir='ltr'>aliquis</span> <span class='ocrx_word' id='word_1_144' title='bbox 651 2708 783 2768; x_wconf 89' lang='lat' dir='ltr'>vestrum</span> <span class='ocrx_word' id='word_1_145' title='bbox 825 2705 922 2769; x_wconf 92' lang='lat' dir='ltr'>dictos</span> <span class='ocrx_word' id='word_1_146' title='bbox 956 2702 1084 2768; x_wconf 85' lang='lat' dir='ltr'>abbates</span> <span class='ocrx_word' id='word_1_147' title='bbox 1120 2702 1166 2766; x_wconf 92' lang='lat' dir='ltr'>vel</span> <span class='ocrx_word' id='word_1_148' title='bbox 1201 2701 1373 2766; x_wconf 86' lang='lat' dir='ltr'>comitivam</span> 
     </span>
     <span class='ocr_line' id='line_1_20' title="bbox 174 2809 1373 2899; baseline 0.001 -27"><span class='ocrx_word' id='word_1_149' title='bbox 174 2830 259 2874; x_wconf 92' lang='lat' dir='ltr'>suam</span> <span class='ocrx_word' id='word_1_150' title='bbox 278 2812 322 2899; x_wconf 83' lang='lat' dir='ltr'>a)</span> <span class='ocrx_word' id='word_1_151' title='bbox 349 2812 501 2875; x_wconf 88' lang='lat' dir='ltr'>ineundo</span> <span class='ocrx_word' id='word_1_152' title='bbox 525 2812 571 2874; x_wconf 89' lang='lat' dir='ltr'>vel</span> <span class='ocrx_word' id='word_1_153' title='bbox 596 2812 750 2877; x_wconf 91' lang='lat' dir='ltr'>redeundo</span> <span class='ocrx_word' id='word_1_154' title='bbox 770 2813 809 2875; x_wconf 96' lang='lat' dir='ltr'>ad</span> <span class='ocrx_word' id='word_1_155' title='bbox 825 2814 964 2896; x_wconf 91' lang='lat' dir='ltr'>propria,</span> <span class='ocrx_word' id='word_1_156' title='bbox 992 2814 1022 2876; x_wconf 94' lang='lat' dir='ltr'>in</span> <span class='ocrx_word' id='word_1_157' title='bbox 1045 2811 1183 2895; x_wconf 89' lang='lat' dir='ltr'>personis</span> <span class='ocrx_word' id='word_1_158' title='bbox 1206 2811 1252 2872; x_wconf 92' lang='lat' dir='ltr'>vel</span> <span class='ocrx_word' id='word_1_159' title='bbox 1280 2809 1373 2873; x_wconf 88' lang='lat' dir='ltr'>rebus</span> 
     </span>
     <span class='ocr_line' id='line_1_21' title="bbox 172 2919 1373 3004; baseline -0.001 -23"><span class='ocrx_word' id='word_1_160' title='bbox 172 2920 306 3001; x_wconf 91' lang='lat' dir='ltr'>ipsorum</span> <span class='ocrx_word' id='word_1_161' title='bbox 334 2925 488 3004; x_wconf 90' lang='lat' dir='ltr'>presumat</span> <span class='ocrx_word' id='word_1_162' title='bbox 511 2921 700 3003; x_wconf 90' lang='lat' dir='ltr'>aliquatenus</span> <span class='ocrx_word' id='word_1_163' title='bbox 729 2920 906 2992; x_wconf 90' lang='lat' dir='ltr'>molestare,</span> <span class='ocrx_word' id='word_1_164' title='bbox 936 2921 990 2984; x_wconf 93' lang='lat' dir='ltr'>sed</span> <span class='ocrx_word' id='word_1_165' title='bbox 1012 2920 1118 3003; x_wconf 92' lang='lat' dir='ltr'>pocius</span> <span class='ocrx_word' id='word_1_166' title='bbox 1141 2938 1195 3002; x_wconf 91' lang='lat' dir='ltr'>pro</span> <span class='ocrx_word' id='word_1_167' title='bbox 1212 2919 1268 2981; x_wconf 87' lang='lat' dir='ltr'>Dei</span> <span class='ocrx_word' id='word_1_168' title='bbox 1285 2938 1373 2981; x_wconf 90' lang='lat' dir='ltr'>reve·</span> 
     </span>
     <span class='ocr_line' id='line_1_22' title="bbox 173 3027 1373 3112; baseline -0.001 -22"><span class='ocrx_word' id='word_1_169' title='bbox 173 3028 276 3092; x_wconf 89' lang='lat' dir='ltr'>rencia</span> <span class='ocrx_word' id='word_1_170' title='bbox 293 3033 323 3092; x_wconf 91' lang='lat' dir='ltr'>et</span> <span class='ocrx_word' id='word_1_171' title='bbox 339 3029 442 3110; x_wconf 86' lang='lat' dir='ltr'>gracia</span> <span class='ocrx_word' id='word_1_172' title='bbox 455 3028 496 3112; x_wconf 87' lang='lat' dir='ltr'>b)</span> <span class='ocrx_word' id='word_1_173' title='bbox 521 3033 623 3092; x_wconf 89' lang='lat' dir='ltr'>nostra</span> <span class='ocrx_word' id='word_1_174' title='bbox 646 3029 771 3111; x_wconf 89' lang='lat' dir='ltr'>speciali</span> <span class='ocrx_word' id='word_1_175' title='bbox 789 3028 906 3092; x_wconf 91' lang='lat' dir='ltr'>munire</span> <span class='ocrx_word' id='word_1_176' title='bbox 925 3047 1033 3091; x_wconf 92' lang='lat' dir='ltr'>securo</span> <span class='ocrx_word' id='word_1_177' title='bbox 1053 3028 1194 3098; x_wconf 86' lang='lat' dir='ltr'>transitu,</span> <span class='ocrx_word' id='word_1_178' title='bbox 1211 3027 1373 3090; x_wconf 90' lang='lat' dir='ltr'>ethonore</span> 
     </span>
     <span class='ocr_line' id='line_1_23' title="bbox 173 3130 656 3220; baseline -0.004 -21"><span class='ocrx_word' id='word_1_179' title='bbox 173 3137 332 3219; x_wconf 81' lang='lat' dir='ltr'>prevenire</span> <span class='ocrx_word' id='word_1_180' title='bbox 349 3130 483 3220; x_wconf 89' lang='lat' dir='ltr'>congruo</span> <span class='ocrx_word' id='word_1_181' title='bbox 500 3136 656 3220; x_wconf 88' lang='lat' dir='ltr'>satagatis.</span> 
     </span>
    </p>

    <p class='ocr_par' dir='ltr' id='par_1_10' title="bbox 174 3242 1372 3436">
     <span class='ocr_line' id='line_1_24' title="bbox 264 3242 1372 3328; baseline -0.003 -20"><span class='ocrx_word' id='word_1_182' title='bbox 264 3246 331 3308; x_wconf 89' lang='lat' dir='ltr'>Dat.</span> <span class='ocrx_word' id='word_1_183' title='bbox 352 3245 441 3327; x_wconf 89' lang='lat' dir='ltr'>Spire</span> <span class='ocrx_word' id='word_1_184' title='bbox 458 3245 601 3309; x_wconf 87' lang='lat' dir='ltr'>Kalendis</span> <span class='ocrx_word' id='word_1_185' title='bbox 621 3246 748 3328; x_wconf 79' lang='lat' dir='ltr'>Augusti</span> <span class='ocrx_word' id='word_1_186' title='bbox 771 3264 849 3308; x_wconf 93' lang='lat' dir='ltr'>anno</span> <span class='ocrx_word' id='word_1_187' title='bbox 870 3244 989 3308; x_wconf 86' lang='lat' dir='ltr'>Domini</span> <span class='ocrx_word' id='word_1_188' title='bbox 1014 3243 1099 3307; x_wconf 87' lang='grc'>1303</span> <span class='ocrx_word' id='word_1_189' title='bbox 1122 3242 1285 3306; x_wconf 91' lang='lat' dir='ltr'>indictione</span> <span class='ocrx_word' id='word_1_190' title='bbox 1307 3243 1372 3315; x_wconf 92' lang='lat' dir='ltr'>tali,</span> 
     </span>
     <span class='ocr_line' id='line_1_25' title="bbox 174 3354 539 3436; baseline 0.003 -20"><span class='ocrx_word' id='word_1_191' title='bbox 174 3354 262 3436; x_wconf 90' lang='lat' dir='ltr'>regni</span> <span class='ocrx_word' id='word_1_192' title='bbox 278 3373 350 3417; x_wconf 88' lang='lat' dir='ltr'>vero</span> <span class='ocrx_word' id='word_1_193' title='bbox 367 3354 462 3417; x_wconf 91' lang='lat' dir='ltr'>nostri</span> <span class='ocrx_word' id='word_1_194' title='bbox 477 3355 539 3418; x_wconf 88' lang='lat' dir='ltr'>tali.</span> 
     </span>
    </p>
   </div>
   <div class='ocr_carea' id='block_1_7' title="bbox 175 3488 1372 3676">
    <p class='ocr_par' dir='ltr' id='par_1_11' title="bbox 175 3488 1372 3676">
     <span class='ocr_line' id='line_1_26' title="bbox 266 3488 1372 3585; baseline -0.001 -18"><span class='ocrx_word' id='word_1_195' title='bbox 266 3516 318 3569; x_wconf 83' lang='lat' dir='ltr'>Das</span> <span class='ocrx_word' id='word_1_196' title='bbox 331 3517 426 3570; x_wconf 86' lang='lat' dir='ltr'>Datum</span> <span class='ocrx_word' id='word_1_197' title='bbox 440 3517 475 3569; x_wconf 86' lang='lat' dir='ltr'>ist</span> <span class='ocrx_word' id='word_1_198' title='bbox 490 3515 592 3584; x_wconf 88' lang='lat' dir='ltr'>tingirt,</span> <span class='ocrx_word' id='word_1_199' title='bbox 617 3517 748 3571; x_wconf 80' lang='lat' dir='ltr'>Albrecbt</span> <span class='ocrx_word' id='word_1_200' title='bbox 761 3517 858 3570; x_wconf 85' lang='lat' dir='ltr'>befand</span> <span class='ocrx_word' id='word_1_201' title='bbox 873 3515 931 3570; x_wconf 86' lang='lat' dir='ltr'>sicb</span> <span class='ocrx_word' id='word_1_202' title='bbox 946 3533 986 3569; x_wconf 89' lang='lat' dir='ltr'>arn</span> <span class='ocrx_word' id='word_1_203' title='bbox 1002 3513 1026 3568; x_wconf 84' lang='lat'>1.</span> <span class='ocrx_word' id='word_1_204' title='bbox 1043 3488 1147 3585; x_wconf 77' lang='lat' dir='ltr'>bugnst</span> <span class='ocrx_word' id='word_1_205' title='bbox 1161 3512 1372 3567; x_wconf 63' lang='grc'>1303111111-</span> 
     </span>
     <span class='ocr_line' id='line_1_27' title="bbox 175 3608 252 3676; baseline -0.013 -16"><span class='ocrx_word' id='word_1_206' title='bbox 175 3608 252 3676; x_wconf 86' lang='lat' dir='ltr'>burg.</span> 
     </span>
    </p>
   </div>
   <div class='ocr_carea' id='block_1_8' title="bbox 739 3795 803 3866">
    <p class='ocr_par' dir='ltr' id='par_1_12' title="bbox 739 3795 803 3866">
     <span class='ocr_line' id='line_1_28' title="bbox 739 3795 803 3866; baseline -0.047 1"><span class='ocrx_word' id='word_1_207' title='bbox 739 3795 803 3866; x_wconf 78' lang='lat'>43.</span> 
     </span>
    </p>
   </div>
   <div class='ocr_carea' id='block_1_9' title="bbox 459 3954 1095 4130">
    <p class='ocr_par' dir='ltr' id='par_1_13' title="bbox 459 3954 1095 4130">
     <span class='ocr_line' id='line_1_29' title="bbox 459 3954 1095 4037; baseline 0 -21"><span class='ocrx_word' id='word_1_208' title='bbox 459 3954 565 4017; x_wconf 73' lang='lat' dir='ltr'>terma</span> <span class='ocrx_word' id='word_1_209' title='bbox 583 3955 742 4019; x_wconf 85' lang='lat' dir='ltr'>earundem</span> <span class='ocrx_word' id='word_1_210' title='bbox 758 3956 904 4018; x_wconf 76' lang='lat' dir='ltr'>minarum</span> <span class='ocrx_word' id='word_1_211' title='bbox 919 3954 1095 4037; x_wconf 80' lang='lat' dir='ltr'>principem.</span> 
     </span>
     <span class='ocr_line' id='line_1_30' title="bbox 733 4076 813 4130; baseline 0 0"><span class='ocrx_word' id='word_1_212' title='bbox 733 4076 813 4130; x_wconf 88' lang='grc'>1303.</span> 
     </span>
    </p>
   </div>
   <div class='ocr_carea' id='block_1_10' title="bbox 270 4193 1294 4277">
    <p class='ocr_par' dir='ltr' id='par_1_14' title="bbox 270 4193 1294 4277">
     <span class='ocr_line' id='line_1_31' title="bbox 270 4193 1294 4277; baseline -0.002 -21"><span class='ocrx_word' id='word_1_213' title='bbox 270 4200 536 4275; x_wconf 75' lang='lat' dir='ltr'>Geleitbriesllerzop</span> <span class='ocrx_word' id='word_1_214' title='bbox 548 4201 672 4273; x_wconf 74' lang='lat' dir='ltr'>Radolf&#39;a</span> <span class='ocrx_word' id='word_1_215' title='bbox 684 4204 731 4257; x_wconf 88' lang='lat' dir='ltr'><em>III.</em></span> <span class='ocrx_word' id='word_1_216' title='bbox 744 4220 794 4257; x_wconf 84' lang='lat' dir='ltr'>con</span> <span class='ocrx_word' id='word_1_217' title='bbox 811 4193 961 4277; x_wconf 69' lang='lat' dir='ltr'>deterreicb</span> <span class='ocrx_word' id='word_1_218' title='bbox 969 4201 1018 4272; x_wconf 67' lang='lat' dir='ltr'>fur</span> <span class='ocrx_word' id='word_1_219' title='bbox 1030 4201 1133 4273; x_wconf 77' lang='lat' dir='ltr'>Proper</span> <span class='ocrx_word' id='word_1_220' title='bbox 1143 4199 1294 4273; x_wconf 74' lang='lat' dir='ltr'>Kaatleute.</span> 
     </span>
    </p>
   </div>
   <div class='ocr_carea' id='block_1_11' title="bbox 264 4326 1371 4413">
    <p class='ocr_par' dir='ltr' id='par_1_15' title="bbox 264 4326 1371 4413">
     <span class='ocr_line' id='line_1_32' title="bbox 264 4326 1371 4413; baseline 0 -20"><span class='ocrx_word' id='word_1_221' title='bbox 264 4328 327 4393; x_wconf 92' lang='lat' dir='ltr'>Nos</span> <span class='ocrx_word' id='word_1_222' title='bbox 351 4328 497 4394; x_wconf 82' lang='lat' dir='ltr'>Rudollus</span> <span class='ocrx_word' id='word_1_223' title='bbox 519 4331 575 4393; x_wconf 86' lang='lat' dir='ltr'>Dei</span> <span class='ocrx_word' id='word_1_224' title='bbox 601 4333 705 4413; x_wconf 90' lang='lat' dir='ltr'>gracia</span> <span class='ocrx_word' id='word_1_225' title='bbox 721 4332 780 4395; x_wconf 84' lang='lat' dir='ltr'>dux</span> <span class='ocrx_word' id='word_1_226' title='bbox 799 4331 917 4395; x_wconf 69' lang='lat' dir='ltr'>dustria</span> <span class='ocrx_word' id='word_1_227' title='bbox 935 4334 965 4393; x_wconf 92' lang='lat' dir='ltr'>et</span> <span class='ocrx_word' id='word_1_228' title='bbox 981 4329 1082 4412; x_wconf 83' lang='lat' dir='ltr'>Styrie</span> <span class='ocrx_word' id='word_1_229' title='bbox 1105 4328 1144 4391; x_wconf 92' lang='lat' dir='ltr'>ad</span> <span class='ocrx_word' id='word_1_230' title='bbox 1160 4326 1371 4393; x_wconf 87' lang='lat' dir='ltr'>universorum</span> 
     </span>
    </p>
   </div>
   <div class='ocr_carea' id='block_1_12' title="bbox 174 4435 1374 4612">
    <p class='ocr_par' dir='ltr' id='par_1_16' title="bbox 174 4435 1374 4612">
     <span class='ocr_line' id='line_1_33' title="bbox 174 4435 1374 4522; baseline 0.001 -23"><span class='ocrx_word' id='word_1_231' title='bbox 174 4442 345 4501; x_wconf 91' lang='lat' dir='ltr'>nostrorum</span> <span class='ocrx_word' id='word_1_232' title='bbox 371 4436 504 4502; x_wconf 86' lang='lat' dir='ltr'>fidelium</span> <span class='ocrx_word' id='word_1_233' title='bbox 537 4438 679 4502; x_wconf 89' lang='lat' dir='ltr'>noticiam</span> <span class='ocrx_word' id='word_1_234' title='bbox 706 4478 750 4488; x_wconf 92' lang='lat'>-</span> <span class='ocrx_word' id='word_1_235' title='bbox 776 4438 1016 4504; x_wconf 81' lang='lat' dir='ltr'>benivolenciam</span> <span class='ocrx_word' id='word_1_236' title='bbox 1043 4436 1199 4519; x_wconf 88' lang='lat' dir='ltr'>satagatis.</span> <span class='ocrx_word' id='word_1_237' title='bbox 1232 4435 1374 4522; x_wconf 81' lang='lat' dir='ltr'>Palaclry,</span> 
     </span>
     <span class='ocr_line' id='line_1_34' title="bbox 175 4545 569 4612; baseline 0.003 -3"><span class='ocrx_word' id='word_1_238' title='bbox 175 4545 411 4612; x_wconf 83' lang='lat' dir='ltr'>Formelbticher</span> <span class='ocrx_word' id='word_1_239' title='bbox 434 4548 467 4612; x_wconf 87' lang='lat' dir='ltr'>S.</span> <span class='ocrx_word' id='word_1_240' title='bbox 494 4547 569 4611; x_wconf 86' lang='lat'><strong>323.</strong></span> 
     </span>
    </p>
   </div>
   <div class='ocr_carea' id='block_1_13' title="bbox 248 4687 1189 4761">
    <p class='ocr_par' dir='ltr' id='par_1_17' title="bbox 248 4687 1189 4761">
     <span class='ocr_line' id='line_1_35' title="bbox 248 4687 1189 4761; baseline 0 -18"><span class='ocrx_word' id='word_1_241' title='bbox 248 4689 282 4759; x_wconf 85' lang='lat' dir='ltr'>a)</span> <span class='ocrx_word' id='word_1_242' title='bbox 297 4706 371 4744; x_wconf 85' lang='lat' dir='ltr'>ruam</span> <span class='ocrx_word' id='word_1_243' title='bbox 385 4706 426 4744; x_wconf 86' lang='lat' dir='ltr'>am</span> <span class='ocrx_word' id='word_1_244' title='bbox 439 4689 529 4745; x_wconf 86' lang='lat' dir='ltr'>ltaade</span> <span class='ocrx_word' id='word_1_245' title='bbox 543 4691 573 4745; x_wconf 80' lang='lat' dir='ltr'>V.</span> <span class='ocrx_word' id='word_1_246' title='bbox 587 4720 626 4759; x_wconf 17' lang='grc' dir='ltr'>-Ᾰ</span> <span class='ocrx_word' id='word_1_247' title='bbox 635 4691 667 4760; x_wconf 83' lang='grc'>1)</span> <span class='ocrx_word' id='word_1_248' title='bbox 681 4691 836 4747; x_wconf 85' lang='lat' dir='ltr'>reverencia</span> <span class='ocrx_word' id='word_1_249' title='bbox 849 4696 876 4745; x_wconf 87' lang='lat' dir='ltr'>et</span> <span class='ocrx_word' id='word_1_250' title='bbox 889 4690 981 4761; x_wconf 80' lang='lat' dir='ltr'>gracia</span> <span class='ocrx_word' id='word_1_251' title='bbox 995 4707 1036 4744; x_wconf 88' lang='lat' dir='ltr'>arn</span> <span class='ocrx_word' id='word_1_252' title='bbox 1050 4687 1146 4748; x_wconf 79' lang='lat' dir='ltr'>Raude</span> <span class='ocrx_word' id='word_1_253' title='bbox 1157 4689 1189 4743; x_wconf 80' lang='lat' dir='ltr'>V.</span> 
     </span>
    </p>
   </div>
   <div class='ocr_carea' id='block_1_14' title="bbox 0 0 1615 5392">
    <p class='ocr_par' dir='ltr' id='par_1_18' title="bbox 0 0 1615 5392">
     <span class='ocr_line' id='line_1_36' title="bbox 0 0 1615 5392; baseline 0 0"><span class='ocrx_word' id='word_1_254' title='bbox 0 0 1615 5392; x_wconf 95' lang='lat' dir='ltr'> </span> 
     </span>
    </p>
   </div>
  </div>
 </body>
</html>
