3209 5392
263 510 339 584 154

259 685 393 750 dividere
402 684 567 752 moliuntur
584 685 711 750 diversis
729 684 919 750 scismatibus
937 692 968 752 et
982 687 1135 751 scissuris.
1145 688 1279 752 Materna
1296 685 1446 770 siquidem

258 796 376 859 viscera
403 814 501 878 ungue
529 795 665 879 vipperio
691 796 878 868 lacerantes,
907 796 944 861 ab
972 795 1066 879 ipsius
1093 796 1266 879 integritate
1286 796 1446 869 recedunt,

258 909 399 987 tanquam
430 887 588 968 inveterati
618 904 650 967 in
682 924 735 968 sua
765 904 921 989 nequicia,
952 905 1200 989 quemadmodum
1230 905 1283 968 lilii
1313 904 1448 968 alienia

258 1011 372 1077 semitis
400 1013 536 1077 veritatis
568 1018 599 1077 et
628 1013 749 1100 iusticie
766 1014 989 1085 claudicantes,
1017 1019 1048 1078 et
1069 1014 1210 1097 insuper,
1237 1014 1276 1078 ad
1302 1014 1448 1078 malorum

258 1141 379 1186 suorum
401 1123 548 1185 cumulum
577 1122 800 1196 cumulandum,
835 1123 1084 1187 excellentissimo
1111 1122 1230 1188 domino
1257 1123 1388 1188 Ulrico
1403 1121 1448 1207 a)

258 1232 456 1296 Romanorum
467 1229 545 1312 regi,
563 1230 595 1294 in
606 1251 709 1314 regem
724 1230 872 1314 legittime
887 1233 984 1296 electo
1001 1235 1028 1315 ¹)
1040 1238 1071 1296 et
1086 1251 1104 1295 a
1120 1231 1310 1297 sanctissimo
1326 1231 1449 1295 donnino

258 1346 360 1404 nostro
376 1358 471 1422 papa,
494 1339 538 1401 ad
556 1358 662 1423 quern
685 1340 853 1404 eiusdem
881 1341 1088 1405 electionis
1110 1340 1282 1423 pertinet
1305 1340 1450 1404 confir-

257 1448 392 1521 macio,
432 1443 510 1531 aprld
547 1450 641 1534 Aquis
675 1449 706 1513 in
741 1469 845 1533 regem
883 1450 1076 1534 solempniter
1112 1457 1254 1515 coronato
1292 1469 1329 1514 ac
1358 1469 1448 1513 sacre

258 1557 405 1621 unctionis
419 1558 558 1621 crismate
570 1557 701 1622 delibuto
716 1558 756 1646 ¹),
770 1559 975 1623 contraDeum
988 1564 1018 1624 et
1033 1558 1183 1624 iusticiam
1195 1580 1229 1623 se
1241 1566 1402 1641 opponunt,
1415 1556 1450 1620 in

259 1687 392 1730 errorem
408 1686 493 1729 suum
509 1687 584 1751 quos
599 1672 726 1750 possunt
738 1668 890 1732 attrahere
902 1668 1065 1741 attrahunt,
1077 1666 1153 1732 lilios
1165 1668 1221 1732 Dei
1235 1668 1448 1751 dispergentes

260 1781 291 1839 et
311 1774 349 1838 ab
371 1774 484 1838 unitate
506 1776 635 1839 ecclesie
658 1775 843 1851 dividentes,
866 1796 934 1840 cum
956 1798 973 1841 e
996 1796 1143 1841 converso
1164 1797 1219 1861 pro
1243 1774 1450 1859 aggregandis

258 1869 325 1945 liliis
341 1882 398 1946 Dei
414 1881 558 1965 dispersis
574 1882 612 1947 ab
629 1882 837 1947 ecclesiastica
853 1885 965 1947 unitate
981 1883 1022 1970 b)
1038 1885 1175 1949 Salvator
1197 1890 1300 1948 noster
1320 1889 1450 1948 mortem

259 1990 434 2054 sustinuerit
449 1991 628 2072 preciosam,
646 1991 840 2073 ewangelista
851 1991 988 2057 ,iohanne
1000 1992 1202 2056 testimonium
1217 1991 1397 2075 perhibente
1405 1991 1450 2079 ⁸),

260 2099 310 2183 qui
327 2099 410 2171 dicit,
427 2119 563 2182 cumpro
580 2121 616 2165 eo
632 2104 791 2173 mortuum,
819 2106 852 2164 ut
865 2101 897 2164 iu
913 2120 1002 2164 unum
1024 2094 1177 2184 dispersos
1199 2101 1256 2165 Dei
1277 2100 1353 2164 filios
1376 2120 1453 2164 con·

259 2212 412 2292 gregaret.
436 2208 563 2290 Propter
578 2228 637 2292 qne
653 2228 784 2274 summus
797 2208 942 2291 pontifex,
953 2214 1040 2292 pater
1050 2215 1178 2291 patrum,
1191 2210 1271 2274 Petri
1287 2229 1455 2274 successor

260 2322 291 2380 et
306 2318 337 2380 iu
352 2315 441 2381 terris
457 2316 587 2380 vicarius
602 2316 677 2381 ,lesu
693 2316 805 2381 Christi
821 2336 858 2380 ac
881 2321 985 2380 sancte
1007 2317 1110 2381 matris
1132 2318 1263 2382 ecclesie
1286 2317 1455 2401 precipuus

259 2425 487 2509 paranimphus,
504 2425 652 2507 prelatum
669 2424 701 2488 C.
720 2444 757 2488 ac
773 2425 907 2489 lautores
929 2425 1042 2508 ipsius,
1064 2419 1252 2490 scismaticos
1268 2426 1456 2500 antedictos,
1474 2489 1476 2494 ,

260 2531 579 2596 excommunicacionis
595 2552 737 2596 mucrone
754 2533 878 2606 feriens,
895 2532 933 2597 ab
950 2533 1063 2597 unitate
1079 2534 1173 2617 ipsius
1191 2535 1335 2613 ecclesie,
1356 2554 1452 2619 quam

260 2641 400 2704 scindere
421 2639 600 2713 nitebantur,
622 2641 753 2705 abscidit
774 2647 806 2704 et
820 2640 859 2705 ab
875 2642 940 2706 eius
962 2643 1136 2715 consoreio,
1159 2649 1301 2726 tanquam
1321 2643 1452 2707 menbra

259 2749 377 2833 putrida
399 2751 564 2833 separavit,
594 2756 625 2814 et
646 2770 713 2814 cum
734 2750 853 2814 Dathan
875 2755 906 2814 et
927 2750 1062 2834 Abyron,
1085 2770 1160 2836 quos
1181 2751 1338 2817 absorbuit
1365 2760 1452 2818 terra

259 2860 342 2924 vivos
360 2859 408 2947 ¹¹),
424 2860 481 2923 nisi
497 2860 693 2943 resipuerint,
720 2860 912 2942 participient
927 2860 966 2947 a)
981 2861 1166 2944 portionem,
1196 2867 1227 2926 et
1247 2864 1313 2927 loca
1342 2883 1450 2927 eorum

261 2967 469 3033 ecclesiastico
507 2967 664 3051 supposuit
699 2968 869 3032 interdicto.
919 2968 997 3042 Sed,
1028 2974 1062 3032 ut
1096 2970 1256 3035 manileste
1286 2978 1451 3053 appareret

261 3078 427 3143 obstinacio
465 3078 643 3148 eorundem,
675 3097 732 3141 nec
768 3076 857 3140 timor
886 3078 944 3141 Dei
975 3098 1033 3142 nec
1065 3079 1210 3143 severitas
1240 3081 1453 3146 ecclesiastice

261 3188 417 3270 discipline
444 3187 577 3269 prelatos
605 3186 793 3250 scismaticos
820 3193 945 3251 revocat
965 3188 1003 3250 ab
1024 3187 1083 3251 hoc
1108 3190 1203 3263 malo,
1226 3190 1281 3254 sed
1298 3191 1336 3254 de
1353 3190 1403 3255 die
1419 3192 1452 3255 iu

262 3297 351 3369 diem,
367 3298 454 3378 rupto
470 3294 554 3378 pacis
570 3294 699 3367 vinculo,
715 3314 819 3357 manus
836 3315 906 3358 suas
922 3302 1088 3378 aggravant
1099 3296 1244 3361 adversus
1261 3298 1452 3366 ecclesiasti-

262 3406 498 3475 summitatem,
515 3403 595 3473 dum,
612 3401 805 3465 cernentibus
822 3401 920 3476 nobis,
938 3404 982 3467 eis
998 3424 1146 3487 pauperes
1169 3412 1238 3470 sunt
1259 3408 1291 3469 in
1311 3408 1452 3490 predam,

260 3514 339 3599 perit
368 3512 509 3583 devocio,
536 3510 723 3594 periclitatur
749 3509 835 3584 fides,
863 3512 1096 3595 multiplicantur
1122 3514 1275 3588 scismata,
1304 3518 1452 3581 sanctitas

144 3623 471 3700 f,1,31,‚conculcatur,
499 3619 674 3684 reverencia
697 3620 810 3685 sanctis
832 3619 1017 3686 subtrahitur
1039 3627 1069 3687 et
1091 3623 1187 3688 cultus
1200 3624 1301 3688 divini
1318 3627 1450 3691 nominis

237 3755 239 3759 ⁴
260 3731 436 3815 impeditur,
453 3732 519 3794 loca
535 3735 640 3792 sancta
656 3734 799 3794 consueto
816 3731 996 3793 frustrantur
1012 3730 1142 3803 honore,
1159 3751 1284 3815 quorum
1302 3734 1451 3817 diripiun-

260 3842 309 3904 tur
319 3839 529 3923 possessiones
549 3844 580 3903 et
596 3859 725 3921 persone
744 3837 851 3901 divinis
871 3838 1024 3922 obsequiis
1044 3841 1185 3922 deputate
1201 3861 1256 3924 per
1271 3843 1451 3907 violenciam

353 3948 386 4018 a)
402 3948 439 4002 So
453 3947 499 4002 hat
512 3948 540 4001 V.
556 3946 670 4001 ieril
680 3946 796 4002 helmo.
815 3976 841 3985 -
858 3945 890 4015 d)
906 3947 1023 4002 offcabar
1036 3947 1070 4004 ad
1090 3948 1303 4004 ecclesiasticam
1323 3951 1450 4007 uolutans

262 4056 294 4092 zu
306 4039 391 4092 lesen.
405 4067 437 4077 -
452 4037 484 4107 c)
499 4039 552 4093 sict

235 4173 587 4188 ..m—¹¹·—

291 4252 313 4314 ¹)
332 4255 393 4300 124⁷
411 4256 518 4301 October
533 4257 548 4301 3
565 4257 605 4302 bei
622 4257 708 4302 Neues.

289 4337 313 4393 ἱ)
330 4337 401 4382 Nicbt
418 4352 463 4384 von
480 4340 597 4392 innocens
613 4320 652 4384 lli.
669 4339 750 4384 wurde
768 4337 878 4384 wnuav·
896 4337 1069 4397 govrcntsoer
1086 4353 1136 4385 war
1150 4342 1237 4386 damula
1254 4340 1278 4385 iu
1294 4341 1370 4398 Lyco,
1387 4343 1447 4388 wohl

327 4417 384 4462 aber
401 4420 442 4463 aut
456 4421 630 4477 Veranlnesuug
647 4420 693 4465 und
711 4422 740 4466 ἰι
758 4420 849 4465 Beiseiu
867 4433 911 4466 vou
929 4422 1013 4467 deenen
1031 4422 1134 4480 Legateu
1152 4423 1235 4468 Peiros
1251 4423 1392 4480 Capuccius,
1409 4423 1450 4467 der

327 4501 386 4544 auch
409 4500 474 4545 seina
492 4501 561 4546 Wahl
582 4501 684 4546 bewirkt
705 4502 785 4556 hatte,
811 4502 884 4546 durch
903 4502 948 4547 den
966 4502 1108 4578 Eruhflohol
1127 4504 1270 4560 contidla,
1295 4505 1391 4551 dourad
1406 4516 1448 4550 von

327 4582 478 4626 Hocbatadsu
497 4595 531 4627 am
551 4582 572 4627 1.
588 4583 721 4634 November
734 4581 805 4628 124⁸.

289 4659 313 4722 θ)
330 4665 397 4708 roan.
416 4662 505 4717 unsa
732 4649 736 4654 ’

289 4745 315 4805 ⁴)
334 4744 399 4790 llum.
419 4743 457 4799 lo,
469 4742 507 4788 32.
