3209 5392
1278 572 1328 642 97

230 742 311 806 Item
328 742 377 829 α).
411 741 564 822 lnperialis
587 742 766 804 excellencie
784 742 914 823 dignitas
937 750 1009 805 tunc
1032 763 1101 805 vere
1124 744 1219 807 laudis
1236 745 1328 807 titulis

135 844 325 922 sublimatur,
343 870 411 913 cum
426 848 556 913 fidelium
578 870 699 914 suorum
722 851 828 913 merita
849 850 978 914 fideliter
1000 858 1029 913 et
1054 852 1216 916 clementer
1232 858 1329 916 atten-

136 958 224 1030 dens,
251 947 298 1033 eis
326 959 363 1021 de
392 978 446 1020 sua
472 957 650 1023 liberalitate
666 961 858 1041 recognoscit
888 980 945 1044 que
968 981 986 1049 a
1008 963 1070 1023 suis
1087 962 1329 1043 progenitoribus

135 1066 253 1130 eisdem
274 1067 382 1129 collata
404 1066 553 1138 videntur,
579 1087 646 1129 cum
667 1069 697 1130 in
732 1059 926 1131 observandis
954 1069 1108 1132 beneficiis
1142 1091 1200 1133 non
1231 1073 1329 1134 minus

135 1194 227 1258 quam
242 1175 274 1237 iu
290 1174 471 1256 elargiendis
486 1176 598 1256 regalis
615 1176 746 1256 dignitas
763 1196 941 1239 accrescere
958 1178 1103 1241 rideatur.
1216 1244 1219 1248 ,

225 1284 305 1348 item
321 1283 371 1370 α).
406 1284 486 1347 Satis
508 1284 631 1347 honoris
653 1286 747 1348 nostri
772 1286 894 1367 fastigia
919 1287 1067 1350 credimus
1090 1308 1144 1350 nos
1161 1288 1326 1370 prudenter

134 1391 289 1463 extollere,
306 1392 332 1453 si
349 1391 387 1454 ad
407 1392 491 1472 regie
513 1393 671 1473 potestatis
694 1394 832 1474 negocia,
850 1395 982 1457 consiliis
999 1396 1101 1480 utique
1123 1397 1327 1478 promovenda

135 1522 196 1565 non
212 1500 347 1571 casibus,
363 1501 443 1562 viros
460 1501 613 1583 preclaros
636 1502 779 1583 erigimus
802 1507 832 1565 et
853 1508 988 1566 rectores
1010 1504 1143 1586 ydoneos
1164 1505 1330 1569 illustribus

98 1612 101 1620 '
134 1609 244 1673 officiis
261 1609 450 1681 decoramus,
468 1616 500 1672 ut
516 1610 559 1672 sic
577 1630 680 1673 eorum
695 1611 829 1693 probitas
853 1632 911 1674 non
929 1612 1037 1693 algeat,
1055 1614 1124 1677 dum
1148 1633 1201 1675 sua
1218 1614 1332 1677 fuerint

136 1720 258 1812 nomina
280 1718 414 1781 fascibus
432 1723 466 1800 l)
482 1719 630 1782 intitulata
645 1718 824 1801 magnificis,
846 1726 876 1783 et
891 1721 998 1783 mentis
1015 1728 1116 1783 nostre
1132 1721 1330 1805 tranquillitas

134 1850 196 1894 non
223 1829 353 1899 vacillet,
386 1828 455 1891 dum
481 1828 576 1891 latera
607 1836 710 1892 nostra
731 1830 930 1911 prospicimus
953 1828 991 1914 c)
1023 1830 1154 1911 providis
1187 1831 1332 1894 decorata

138 1938 296 2009 ministris,
313 1935 420 2019 quibus
436 1936 567 1999 honores
584 1942 614 1999 et
629 1935 777 2000 beneficia
792 1937 877 2018 regia
892 1937 1055 2000 liberalitas
1079 1958 1137 2000 non
1159 1938 1255 2001 solum
1271 1958 1331 2000 non

136 2046 313 2116 subtrahat,
334 2065 438 2107 rerum
460 2046 555 2108 eciam
577 2046 716 2126 graciose
739 2047 821 2108 circa
838 2046 925 2117 tales,
949 2046 1033 2129 quasi
1056 2045 1093 2107 de
1121 2045 1328 2109 munificencie

137 2152 341 2236 promptuario
358 2152 446 2234 plena
463 2152 536 2214 fluat
556 2152 592 2238 1).

563 2357 604 2419 lle
620 2374 748 2419 censura
762 2355 890 2420 lustlele.

623 2482 752 2525 Distinetio
764 2482 805 2526 XV
816 2481 857 2538 d).

227 2620 340 2701 Regale
362 2618 516 2699 fastigium
542 2617 659 2679 tociens
687 2616 809 2689 leditur,
839 2619 983 2699 quociens
1011 2619 1041 2679 in
1066 2618 1186 2681 defectu
1213 2617 1332 2680 iusticio

134 2725 300 2812 reperitur,
323 2734 354 2790 et
370 2733 480 2811 quanto
496 2726 673 2810 profundius
697 2732 727 2789 et
748 2726 908 2808 benignius
931 2726 1189 2808 compassionibus
1210 2727 1332 2809 pietatis

137 2839 342 2920 immergitur,
357 2842 439 2902 tanto
456 2838 615 2918 gloriosius
632 2836 786 2900 exaltatur.

234 2947 310 3010 Cum
337 2947 429 3028 gladii
456 2946 619 3029 imperialis
636 2947 843 3028 acceperimus
859 2928 982 3009 auctore
998 2941 1122 3007 Domino
1139 2951 1331 3028 potestatem,

135 3057 215 3121 illius
239 3056 337 3119 aciem
358 3057 403 3118 sic
425 3056 585 3120 extendere
606 3055 740 3118 nolumus
763 3060 794 3117 et
817 3054 976 3126 debemus,
999 3061 1032 3117 ut
1053 3055 1146 3117 malos
1171 3055 1331 3117 seueritate

136 3166 355 3230 coherceamus
388 3164 504 3238 debita,
534 3163 630 3227 bonos
661 3185 733 3226 rere
762 3168 867 3226 contra
898 3163 1042 3225 malorum
1069 3163 1197 3226 insultus
1217 3163 1249 3225 in
1271 3182 1327 3225 sua

137 3274 262 3340 iusticia
278 3273 445 3337 efficaciter
458 3275 623 3338 foveamus.

206 3385 304 3464 xltem
318 3381 370 3465 a).
402 3385 495 3447 Recte
512 3382 765 3446 consideracionis
782 3382 917 3444 examine
934 3382 1010 3445 libra
1021 3383 1203 3464 presidentis
1216 3403 1331 3465 appen-

137 3493 237 3566 ditur,
269 3494 339 3556 dum
367 3498 542 3555 cunctorum
568 3492 673 3554 merita
704 3491 747 3552 sic
774 3491 853 3553 iusta
891 3490 1112 3553 examinacione
1154 3496 1329 3572 pensantur,

138 3609 289 3688 quatenus
307 3600 460 3684 obprobrii
475 3621 553 3684 pena
569 3601 729 3664 exiciorurn
747 3600 824 3662 colla
839 3606 956 3681 premat
978 3604 1009 3661 et
1029 3597 1158 3661 fidelium
1176 3597 1328 3682 obsequiis

139 3712 323 3795 respondeat
340 3709 501 3774 retribucio
517 3710 690 3772 meritorum
708 3708 747 3795 2).

229 3821 311 3888 Item
332 3819 382 3906 a).
425 3821 457 3884 lu
487 3819 562 3884 libra
590 3819 730 3903 equitatis
761 3817 968 3900 appendentes
1000 3817 1105 3879 merita
1136 3817 1331 3898 singulorum,

142 3935 269 4016 dignum
285 3930 438 4001 duximus,
459 3933 493 3991 ut
515 3928 552 3991 de
567 3925 667 3993 fiuctu
684 3927 797 3990 viarum
814 3945 934 3989 suarum
949 3925 1030 3988 aliud
1045 3924 1175 3988 sentiant
1190 3924 1331 3996 indevoti,

230 4134 267 4203 a)
285 4134 319 4188 ad
332 4130 400 4187 idern
412 4131 440 4183 Z.
454 4159 489 4168 -
502 4128 534 4198 b)
546 4128 662 4183 falcibus
674 4130 702 4181 Z.
715 4158 750 4168 -
763 4128 795 4196 c)
809 4127 975 4199 perspiciens
985 4127 1013 4179 Z.
1028 4154 1061 4165 -
1075 4125 1109 4194 d)
1123 4125 1189 4178 Dist.
1203 4125 1248 4178 XV
1260 4124 1330 4177 fehlt

139 4229 158 4282 Ζ
170 4246 196 4283 ιι.
209 4226 241 4282 V.
1239 4251 1241 4255 >

172 4484 196 4536 ¹)
207 4482 334 4528 Exordium
357 4481 399 4527 des
420 4480 512 4526 Briefos
535 4481 599 4525 Petri
620 4479 650 4523 de
674 4478 754 4523 Vincis
779 4479 811 4532 6,
835 4477 859 4523 l.
884 4476 941 4523 Cod.
969 4478 1058 4533 Troyes
1083 4489 1121 4521 no.
1149 4475 1195 4521 113
1219 4473 1261 4518 mit
1286 4475 1329 4518 dor

207 4565 369 4622 cherluuugr
393 4563 507 4610 (incitasti
518 4563 547 4607 dc
565 4563 621 4607 0-
636 4576 657 4618 a,
679 4564 729 4606 also
747 4562 835 4608 Walter
852 4573 898 4606 ron
916 4560 984 4605 Ocra.
1007 4558 1093 4604 Archiv
1114 4559 1157 4603 der
1175 4555 1331 4602 Gesellschaft

265 4648 304 4694 21.

170 4727 195 4790 ²)
206 4648 333 4776 bidrdium
351 4728 415 4772 eines
431 4727 523 4773 Briefes
540 4727 656 4771 lunocenz
670 4727 706 4769 lV.
719 4739 747 4770 an
765 4724 892 4770 albericus
906 4725 935 4768 de
952 4724 1055 4769 Romano
1073 4721 1143 4776 1254,
1155 4721 1199 4765 Mai
1216 4720 1242 4764 6.
1253 4720 1327 4763 fleer-

208 4824 275 4858 meau
293 4809 461 4857 Gesehiedeais
478 4808 535 4853 Cod.
553 4808 720 4866 Diplomatieus
737 4821 759 4865 p.
779 4807 832 4851 178.

194 4903 542 4952 conmercationum.
1095 4882 1113 4933 7
