3209 5392
1261 523 1337 592 277

147 704 292 767 sicienter
308 703 348 789 a)
372 704 538 785 expostulet
566 723 619 765 suo
648 705 769 767 salutari
796 704 942 785 regimine
967 702 1055 782 dirigi
1086 706 1117 763 et
1143 699 1261 763 amabili
1286 719 1340 761 sua

146 811 306 894 presencia
335 812 505 881 confoveri,
534 812 661 874 eundem
690 811 886 875 electumad
913 811 1008 892 ipsam
1036 809 1198 871 ecclesiam
1226 807 1340 888 guber·
1351 819 1394 859 5⁰¹·
1404 818 1459 858 *⁴111

146 919 274 983 nandam
302 925 412 1000 quanto
445 920 532 982 citius
549 919 588 1006 t)
622 919 772 983 destinare
805 918 985 1000 dignemini,
1017 939 1053 979 ex
1083 918 1184 979 innata
1216 921 1341 997 paterne

83 1069 93 1088 .
147 1027 311 1089 clemencie
335 1028 543 1108 compassione
566 1027 707 1090 celeriter
738 1005 926 1109 expeditum,
958 1025 1016 1089 uisi
1048 1026 1152 1088 forsan
1183 1024 1280 1105 ipsum
1303 1022 1340 1108 e)

147 1133 329 1197 sublimioris
351 1135 410 1196 loci
432 1134 603 1215 regiminis,
627 1136 665 1198 ad
683 1135 761 1218 quod
778 1135 883 1217 procul
907 1134 997 1197 dubio
1018 1137 1176 1214 reputatur
1196 1131 1342 1213 ydoneus,

145 1249 248 1305 vestra
269 1243 319 1324 pia
342 1242 548 1305 consideracio
571 1262 625 1306 sne
647 1242 819 1305 multimode
841 1242 983 1306 bonitatis
1005 1241 1148 1304 instinctu
1172 1245 1202 1303 et
1218 1239 1342 1302 obtentu

147 1349 317 1412 decreverit
345 1350 555 1431 deputandum.
591 1351 738 1432 Speratur
765 1350 930 1433 siquidem,
959 1349 1039 1430 quod
1067 1368 1123 1430 per
1150 1343 1343 1417 eum,'velut

145 1477 202 1538 per
224 1457 412 1538 columpnam
439 1458 633 1530 immobilem,
661 1459 802 1521 fulcietur
829 1458 986 1539 imperium
1015 1463 1044 1519 et
1066 1459 1097 1520 in
1120 1458 1206 1520 domo
1223 1457 1342 1520 Doudni

146 1565 227 1628 idem
259 1566 373 1628 electus
411 1565 621 1629 nichilominus
659 1566 746 1629 velud
785 1567 862 1628 oliva
901 1566 1057 1629 fructifera
1095 1566 1174 1628 omni
1204 1570 1340 1647 ternpore

146 1672 328 1755 germinabit
348 1672 384 1758 1).

237 1834 266 1886 ln
288 1849 401 1887 unserer
419 1834 522 1888 Formel
543 1834 653 1888 handelt
675 1853 704 1888 es
727 1835 784 1888 siclt
804 1834 948 1905 allerdings
967 1834 1039 1888 nicht
1060 1852 1102 1887 um
1115 1834 1163 1888 das
1176 1834 1343 1888 Erebisthum

146 1920 227 1985 coln,
249 1923 364 1977 aondcrn
383 1942 426 1977 um
449 1924 493 1977 die
514 1924 639 1978 Prtlatur
661 1924 756 1995 irgeud
778 1926 853 1978 eines
877 1925 1008 1978 llloslers.
1035 1924 1199 1995 Angeoicbts
1219 1924 1267 1977 der
1280 1942 1343 1978 aus-

146 2013 318 2067 drueklicheu
343 2013 530 2084 Bezeichuung
561 2014 608 2067 der
634 2012 731 2069 Colner
756 2015 854 2069 Kircbe
887 2016 912 2067 in
939 2014 986 2067 der
1012 2014 1129 2067 Gerbert
1153 2013 1341 2085 vorliegenden

144 2102 331 2164 uanescunt,
358 2103 418 2157 dart
437 2120 497 2157 man
519 2106 582 2157 aber
604 2105 672 2158 wohl
696 2106 857 2167 annebmen,
885 2105 932 2158 der
952 2105 1071 2158 Dictator
1092 2104 1160 2156 habe
1183 2104 1342 2157 williriirlich

146 2190 329 2257 „Colonieuois
349 2193 481 2247 ecclesia“
506 2195 532 2247 in
560 2195 729 2261 „monasterii
749 2195 882 2249 ecclesia“
907 2194 1070 2249 vermandelt
1089 2194 1143 2245 und
1167 2192 1341 2263 folgericblig

146 2282 214 2335 auch
233 2287 325 2352 opiter
337 2284 488 2337 monasterii
507 2284 609 2338 electus
626 2289 740 2355 gesetat
763 2286 813 2338 Die
835 2283 1017 2355 llltiglichlreit,
1039 2284 1102 2337 dass
1121 2282 1268 2350 deernig
1281 2282 1340 2335 sicli

145 2372 188 2425 loir
207 2373 282 2425 einen
301 2373 352 2425 ΑΜ
375 2375 421 2425 mit
440 2374 584 2427 donselben
606 2376 716 2429 Worten
734 2374 886 2429 vermendet
903 2375 970 2428 habe
988 2373 1037 2428 vie
1056 2373 1098 2427 fiir
1112 2372 1162 2425 deu
1175 2373 1342 2433 Erebischo'f,

145 2462 180 2513 ist
195 2460 298 2514 trelliclr
315 2462 388 2515 nicht
403 2465 634 2533 ausgeschlossen.
1277 2460 1278 2463 ¹

717 2654 779 2722 66.

583 2795 748 2876 imperator
762 2811 840 2875 pape
851 2791 903 2875 d).

703 2917 782 2970 1275.

147 3025 178 3075 K.
192 3023 298 3093 liudolf
307 3032 446 3079 antwortet
457 3025 516 3079 den
529 3026 614 3097 Paper
629 3026 731 3096 Grcpor
743 3026 775 3078 X.
789 3025 843 3095 auf
851 3026 947 3080 deoaen
960 3026 1047 3097 Brief
1057 3044 1114 3079 vom
1128 3028 1177 3081 27.
1191 3028 1258 3083 «luni
1263 3028 1340 3082 1275
1412 3053 1415 3056 v

219 3113 277 3166 und
287 3111 360 3167 lelunt
371 3130 401 3166 ea
414 3114 456 3177 ab,
469 3115 520 3167 doe
532 3113 706 3187 Herzoythum
719 3114 865 3170 Schroaben
879 3133 913 3169 an
926 3118 957 3170 K.
972 3116 1068 3185 Alfona
1081 3116 1270 3186 ooezuliefern.

240 3221 363 3281 Gerbert,
376 3221 405 3288 2,
421 3221 463 3274 12.

233 3330 432 3394 beatitudinis
448 3332 486 3418 e)
508 3339 625 3406 vestre,
653 3340 741 3415 pater
762 3335 970 3407 sanctissime,
998 3336 1122 3399 litteras
1138 3356 1230 3418 super
1252 3339 1337 3418 pacis

146 3443 176 3500 et
193 3439 354 3501 concordie
371 3438 498 3511 unione,
521 3459 588 3502 cum
604 3460 679 3522 rege
696 3441 827 3505 Castelle
843 3442 946 3505 inclito
963 3444 1109 3516 ineunda,
1134 3465 1190 3525 per
1210 3464 1338 3508 venera-

142 3545 232 3608 bilem
259 3547 296 3609 N.
326 3546 466 3610 abbatem
494 3554 596 3611 nostro
626 3549 744 3612 culmini
780 3555 986 3632 presentatas,
1019 3572 1054 3613 eo
1084 3554 1279 3616 reverenoius
1308 3559 1338 3616 et

141 3654 284 3718 devocius
302 3657 485 3738 accepimus,
510 3676 568 3739 qno
587 3658 692 3720 eedem
709 3659 815 3722 eximie
831 3659 953 3741 pietatis
972 3660 1054 3722 circa
1070 3682 1124 3723 nos
1143 3660 1337 3724 clemenciam

140 3762 359 3825 exuberancius
389 3763 595 3846 exprimebant
610 3765 650 3850 ²).
672 3804 709 3813 —
729 3766 841 3829 Earum
868 3767 961 3848 igitur
988 3767 1207 3848 respondentes
1240 3770 1338 3832 tenori

140 3870 284 3942 dicimus,
302 3876 332 3934 et
359 3892 413 3952 pro
435 3872 668 3936 incommutabili
691 3876 882 3938 sanctitatem
904 3881 1035 3939 vestram
1050 3875 1163 3938 babere
1191 3878 1336 3951 volumus,
1376 3918 1379 3925 -

141 3979 237 4062 quod,
275 3980 300 4040 si
332 3980 411 4043 iuxta
444 3980 574 4044 salubria
607 3982 803 4064 benignitatis
828 3989 935 4047 vestre
966 3985 1094 4057 monita,
1136 4006 1171 4047 ex
1202 3986 1335 4067 piissime

138 4088 329 4168 paternitatis
353 4087 463 4152 affectu
485 4091 660 4161 manancia‚
687 4110 795 4172 pacem
818 4112 886 4155 cum
914 4091 1049 4155 omnibus
1079 4093 1243 4156 christiane
1265 4095 1336 4157 reli·

138 4196 236 4276 gionis
260 4196 442 4267 cultoribus,
470 4203 610 4279 tanquam
637 4200 723 4280 pacis
751 4200 901 4264 verissimi
929 4206 1116 4271 sectatores,
1144 4203 1335 4284 quantumin

229 4358 262 4427 a)
278 4359 396 4412 scienter
409 4359 490 4412 Gerb.
510 4358 689 4413 indesinenter
710 4363 738 4413 Ζ.
759 4393 789 4404 -
810 4364 842 4433 l)
867 4362 1023 4434 quantocius
1041 4365 1068 4421 Z.
1089 4396 1119 4407 -
1140 4365 1171 4434 c)
1187 4365 1238 4437 ipsi
1251 4366 1280 4420 V.
1302 4396 1331 4406 —

137 4446 173 4515 d)
189 4464 260 4518 pape
272 4448 404 4501 ausrauirr
419 4449 448 4502 V.
472 4479 501 4489 ·-
518 4450 549 4516 e)
564 4450 755 4507 Sanctitudinia
769 4453 797 4506 Z.

138 4582 464 4597 -—-——-—-—-

160 4661 184 4720 ¹)
202 4664 276 4707 Poalm
290 4663 328 4716 51,
344 4664 381 4707 lo.

160 4739 185 4802 θ)
204 4744 226 4790 S.
240 4744 283 4788 deu
296 4744 359 4788 Briet
374 4746 487 4804 Guegor's
500 4746 529 4791 11.
541 4747 602 4793 obcu
614 4763 638 4806 p.
652 4749 697 4794 112
710 4749 732 4793 n.
