3209 5392
746 683 811 752 42.

439 821 602 903 lmperator
619 842 709 904 snper
724 823 925 885 innomolonc
941 821 1102 903 prlvllegtl.

600 943 819 998 taatrennu.
835 943 942 999 Vienne.

201 1084 299 1139 Kaieer
312 1084 457 1141 Friedrich
470 1087 505 1139 II.
519 1087 643 1158 beetdn‘pt
659 1088 718 1140 dem
732 1086 956 1140 Sebottenbloeter
968 1087 996 1140 io
1015 1086 1089 1140 Wien
1102 1086 1146 1138 ein
1159 1083 1342 1153 Privilege'um.

266 1231 433 1313 Imperialis
449 1232 575 1294 thronus
598 1233 748 1294 extollitur
770 1237 800 1294 et
817 1233 983 1313 augustalis
1007 1232 1128 1294 honoris
1152 1231 1256 1293 titulus
1280 1228 1373 1290 deco-

176 1346 269 1408 ratur,
287 1358 354 1401 cum
372 1338 410 1400 ad
425 1340 492 1401 loca
508 1341 651 1421 religiosa
669 1340 875 1403 consideracio
893 1340 1024 1421 benigna
1040 1339 1207 1421 porrigitur
1223 1342 1253 1399 et
1270 1355 1372 1398 eorum

177 1453 273 1510 status
297 1451 327 1508 et
348 1447 544 1511 commoditas
573 1449 690 1511 liberali
716 1448 924 1512 munificencia
952 1454 1172 1530 promoventur.
1205 1448 1375 1527 Eapropter

176 1560 279 1618 notum
301 1555 365 1617 fieri
387 1557 522 1618 volumus
545 1555 684 1619 fidelibus
707 1559 819 1620 nostris
842 1563 903 1619 tam
926 1555 1118 1639 presentibus
1148 1574 1236 1637 quam
1252 1555 1374 1628 suturis,

176 1665 273 1747 quod,
305 1664 393 1726 nobis
425 1664 540 1728 Vienne
568 1665 762 1748 presentibus
794 1670 826 1728 et
856 1669 1049 1747 promovente
1081 1665 1206 1726 Domino
1246 1663 1376 1725 feliciter

112 1758 120 1779 ¹
176 1773 270 1835 nostri
295 1772 433 1834 culminis
462 1773 737 1860 incrementum),
769 1774 839 1836 talis
855 1773 951 1837 abbas
980 1778 1009 1835 et
1038 1776 1202 1835 conuentus
1225 1771 1375 1854 quoddam

175 1880 365 1963 priuilegium
399 1900 453 1942 suo
488 1880 639 1963 quondam
674 1882 855 1944 monasterio
880 1902 897 1943 a
932 1902 1005 1962 rege
1037 1880 1180 1945 bohemie
1211 1880 1493 1945 'clementersussc

176 1986 324 2050 indultum
345 1991 447 2048 nostre
470 1988 643 2051 celsitudini
666 1993 894 2071 presentarunt,
920 1991 1096 2072 suppliciter
1118 1989 1319 2072 postulantes,
1343 1992 1376 2051 ut

176 2097 276 2177 ipsum
291 2095 480 2177 privilegium
497 2095 534 2158 de
551 2096 643 2158 verbo
660 2096 699 2159 ad
715 2095 841 2160 verbum
857 2097 1087 2179 transscriptum
1107 2098 1251 2161 innovare
1270 2102 1299 2159 ct
1317 2116 1376 2180 que

80 2243 83 2249 ,
177 2205 208 2266 in
225 2202 331 2266 eodem
346 2204 536 2266 continentur
552 2204 727 2268 confirmare
744 2206 781 2268 de
799 2210 902 2268 nostra
925 2208 1028 2288 gracia
1054 2206 1263 2289 dignaremur;
1288 2206 1375 2268 cuius

177 2317 266 2374 tenor
281 2332 336 2393 per
351 2314 451 2375 omnia
466 2312 535 2375 talis
553 2318 617 2375 erat
635 2319 692 2376 etc.

268 2422 331 2483 Nos
353 2420 454 2501 igitur,
478 2421 529 2505 qui
544 2422 582 2484 ad
609 2421 812 2504 ampliandum
835 2424 1032 2486 eeclesiarum
1054 2429 1164 2487 statum
1187 2428 1217 2486 et
1238 2424 1377 2485 locorum

177 2529 387 2610 religiosorum
408 2529 635 2592 commoditates
657 2529 813 2612 augendas
829 2534 879 2613 pio
895 2532 998 2594 favore
1014 2531 1170 2594 intendere
1187 2532 1327 2595 nolumus
1348 2534 1378 2592 et

179 2637 335 2707 debemus
353 2637 520 2718 predictum
537 2638 727 2720 privilegium
743 2639 781 2701 de
803 2639 896 2701 verbo
919 2639 958 2702 ad
980 2641 1106 2703 uerbum
1128 2640 1263 2722 presenti
1285 2640 1379 2720 privi-
1476 2654 1479 2658 ⁴

179 2747 259 2828 legio
286 2747 379 2808 inseri
407 2746 560 2815 iussimus,
589 2747 719 2828 singula,
736 2768 795 2830 que
811 2747 923 2809 ibidem
946 2749 1145 2820 continentur,
1169 2749 1208 2812 de
1231 2748 1379 2830 imperiali

180 2854 283 2937 gracia
300 2853 519 2923 confirmantes,
538 2854 696 2917 statuimus
714 2863 744 2916 et
765 2854 913 2937 imperiali
934 2857 1086 2919 sancimus
1109 2856 1219 2927 edicto,
1241 2862 1275 2919 ut
1298 2856 1380 2918 nulla

180 2982 311 3046 persona
326 2963 387 3025 alta
402 2950 455 3023 vel*
465 2962 596 3031 humilis,
613 2963 822 3027 ecclesiastica
838 2964 884 3025 uel
903 2966 1048 3028 secularis
1070 2965 1223 3047 predictos
1239 2965 1380 3029 abbatem

182 3080 212 3136 et
234 3078 414 3135 conventum
436 3070 609 3134 monasterii
630 3071 759 3153 predicti
787 3092 879 3155 super
905 3074 1062 3155 premissis
1090 3077 1195 3136 contra
1223 3073 1380 3155 presentis

181 3180 331 3264 privilegii
353 3180 449 3242 nostri
469 3183 604 3242 tenorem
632 3199 707 3242 ausu
729 3182 888 3243 temerario
911 3182 1071 3245 molestare
1086 3186 1249 3263 presumat.
1290 3181 1381 3263 Quod

183 3292 210 3353 si
225 3289 443 3372 presumpserit
465 3294 523 3351 etc.
556 3288 595 3351 Ut
618 3293 718 3351 autem
739 3289 796 3352 heo
818 3294 921 3352 nostra
943 3289 1133 3353 confirmacio
1149 3311 1203 3353 seu
1218 3289 1381 3354 innovacio

183 3395 493 3482 perpetue'firmitatis
518 3396 611 3459 robur
626 3392 770 3468 obtineat,
798 3403 971 3479 presentem
986 3399 1127 3480 paginam
1149 3399 1214 3461 tieri
1237 3400 1381 3462 iussimus

183 3515 215 3572 et
229 3507 311 3569 bulla
326 3525 429 3577 aurea,
444 3506 560 3588 typario
576 3509 678 3569 nostre
690 3507 857 3570 maiestatis
873 3510 1030 3589 impressa,
1047 3507 1175 3570 fecimus
1191 3512 1222 3570 et
1237 3508 1381 3571 iussimus

183 3614 333 3699 insigniri.

282 3779 373 3831 Dicser
385 3777 491 3833 Formel
502 3777 572 3846 liegt
585 3743 628 3832 dia
641 3777 765 3833 Urlsunde
779 3797 810 3831 zu
825 3778 944 3840 Grande,
959 3778 1004 3831 mit
1016 3778 1130 3831 uelcbcr
1145 3778 1282 3861 Friedrich
1296 3779 1332 3832 ll.
1347 3779 1383 3832 im

184 3868 397 3924 Februar1237
420 3886 452 3922 zu
476 3868 552 3924 Wien
574 3868 633 3922 dem
662 3869 784 3938 dortigcn
806 3869 1043 3923 Schottenlrloster
1071 3868 1120 3922 dae
1144 3869 1297 3923 demselben
1332 3886 1383 3923 von

227 4162 249 4223 ¹)
261 4168 292 4213 So
305 4167 395 4212 konnto
408 4166 468 4212 anob
480 4165 561 4225 Konig
574 4167 668 4221 liudolf,
681 4168 743 4213 etwa
753 4167 784 4212 im
796 4168 867 4213 Jahre
881 4168 943 4212 1277
956 4167 1015 4211 oder
1029 4167 1099 4221 1279,
1113 4165 1248 4220 schreibcm
1261 4165 1310 4211 und
1327 4165 1382 4210 dass

259 4257 312 4302 bier
324 4258 378 4303 eine
391 4257 501 4302 Urkundc
519 4258 561 4303 dee
573 4257 667 4315 Konigs
686 4271 734 4303 von
746 4258 852 4303 Bdbmen
866 4259 913 4302 und
930 4258 997 4303 nteht
1010 4258 1051 4302 dea
1064 4258 1169 4315 Herzogs
1182 4270 1228 4302 ron
1243 4246 1383 4325 dsterreicb

260 4350 378 4410 nestatigt
394 4350 461 4403 witti,
481 4350 550 4395 weist
570 4350 685 4395 ebenlalls
706 4351 747 4394 aut
758 4350 848 4395 liudolf
858 4350 907 4405 bin,
920 4364 948 4394 so
962 4351 1015 4394 dass
1029 4350 1068 4393 die
1086 4348 1279 4408 Moglicbkei
1287 4350 1297 4392 t
1316 4349 1385 4393 maht

261 4441 459 4501 ausgescblossen
469 4439 552 4494 nletbt,
562 4442 604 4484 der
614 4441 722 4484 Dictator
731 4439 791 4484 babe
801 4438 1038 4485 einelludolfiniscbc
1047 4439 1157 4484 Urnunoc
1168 4452 1211 4484 vor
1220 4440 1273 4484 eicb
1283 4440 1385 4499 gcbnbt.

260 4531 304 4578 Die
316 4543 408 4592 genaue
420 4518 648 4589 llbereinstimmnng
661 4531 741 4577 dieser
753 4529 946 4576 Rudolliniscben
956 4530 1067 4576 Urkunde
1081 4531 1123 4575 mit
1137 4531 1188 4574 dem
1200 4530 1386 4589 Beetttigungs-

261 4623 339 4667 briefe
350 4621 485 4667 Friedricbs
497 4623 524 4666 ll.
537 4624 600 4666 wtre
611 4621 667 4666 aber
678 4622 735 4666 sehr
747 4620 884 4675 autlallend‚
898 4620 978 4665 darum
991 4621 1068 4665 baben
1081 4621 1126 4667 wir
1138 4632 1222 4665 uasere
1235 4620 1329 4665 Formel
1347 4621 1389 4664 aul

263 4713 347 4758 diesen
359 4712 555 4774 znrdclgel'irbrt.
