3209 5392
309 514 385 590 130

305 689 435 778 ipsarum
463 692 594 776 prelatos
623 696 654 756 et
677 697 815 757 rectores
837 692 974 758 similiter
995 692 1122 777 proponi
1144 691 1256 757 faciant
1277 697 1307 757 et
1327 693 1476 775 superbiis

307 801 473 867 affectuose¹
494 805 525 865 et
540 801 605 865 sine
628 800 850 866 intermissione
867 802 909 890 a)
925 802 1085 867 Dominum
1107 802 1325 886 deprecentur,
1351 801 1390 866 ita
1409 802 1478 886 quod

305 916 408 996 preter
443 911 558 993 grande
594 911 758 995 premium,
796 911 878 996 quos
908 933 925 975 a
952 911 1080 976 Domino
1117 910 1224 975 exinde
1262 916 1477 996 consequentur,
1529 960 1532 966 ,

307 1019 472 1105 apostolice
488 1020 571 1085 sedis
588 1022 723 1105 graciam
738 1021 894 1087 obtineant
909 1022 1027 1107 plenius
1044 1027 1074 1087 et
1090 1021 1233 1086 savorem.

883 1265 943 1336 13.

712 1427 792 1511 laps
807 1427 872 1509 rcgl
890 1426 1089 1492 lsrtcrcru.

692 1566 771 1621 retr.
790 1567 912 1623 Febr-nar
932 1566 974 1621 lc.
995 1568 1126 1623 Laterani.

308 1701 436 1754 Innocens
449 1697 466 1749 1
471 1697 497 1749 V.
515 1695 586 1749 nnec
602 1695 655 1750 den
684 1696 777 1751 Snlton
795 1697 845 1750 der
870 1694 990 1762 Tarten,
1009 1696 1060 1748 den
1081 1683 1273 1768 dromonem
1291 1696 1380 1752 dieses
1392 1698 1485 1754 Sonei-

309 1788 388 1855 dens,
411 1784 669 1859 Predc'pcrrndnclrcn
674 1827 685 1853 ,
707 1787 758 1841 den
771 1784 926 1857 Aufentlrclt
937 1784 966 1839 in
978 1784 1077 1841 reinero
1089 1784 1188 1840 Rciclre
1199 1804 1232 1840 nn
1248 1794 1380 1859 cannen
1387 1830 1396 1856 ,
1417 1789 1488 1843 donni

308 1880 349 1936 cic
370 1876 456 1934 durch
476 1875 536 1933 'stre
549 1876 661 1949 Prcdc'qt
682 1877 734 1949 cus
749 1875 813 1943 ino,
839 1876 886 1932 dic
908 1875 1033 1949 Scinipen
1050 1880 1107 1932 und
1127 1878 1229 1932 andere
1247 1877 1382 1935 Notionen
1399 1878 1488 1933 winton

845 1968 968 2023 lednnten.

401 2095 467 2153 (lod.
484 2096 565 2152 With.
584 2096 616 2151 A.
642 2097 658 2149 7
680 2095 831 2151 Alexander
856 2097 909 2164 etc.
933 2095 990 2167 regi
1013 2096 1186 2151 Tartarorum
1209 2095 1310 2152 illustri
1338 2099 1417 2154 Deum
1441 2114 1489 2153 rere

310 2192 397 2247 colors
410 2196 437 2246 et
449 2191 552 2244 timere.
566 2189 646 2243 Pertn
659 2188 738 2244 Arcti.
752 2189 779 2250 7,
791 2186 856 2244 893.

399 2320 482 2384 Deus
499 2323 620 2382 creator
637 2318 783 2390 omnium,
811 2318 881 2400 pius
898 2319 938 2405 b)
955 2322 1039 2382 sator
1061 2323 1093 2381 et
1114 2322 1229 2382 amator
1255 2318 1425 2393 hominum,
1451 2320 1489 2403 qui

310 2431 460 2495 neminem
486 2428 549 2491 vult
574 2426 692 2510 perire,
721 2433 864 2499 cunctos,
892 2433 926 2491 ut
952 2427 1026 2489 salvi
1054 2426 1141 2500 dant,
1174 2427 1278 2492 uenire
1295 2429 1337 2515 c)
1354 2430 1488 2493 desident

194 2556 270 2599 mun
280 2556 301 2601 a.
311 2536 491 2602 voluntarios
513 2534 552 2599 ad
573 2555 627 2598 sue
648 2534 790 2599 noticiam
805 2534 957 2606 veritatis,
986 2534 1101 2619 qued)
1122 2534 1324 2599 racionabiles
1354 2543 1491 2601 creaturas
1582 2559 1583 2564 ¹

312 2644 419 2729 spiritu
450 2643 686 2707 immortalitatis·
712 2643 868 2707 instaurat.
901 2643 962 2707 Eas
994 2642 1089 2714 enim,
1122 2649 1154 2707 ut
1184 2643 1216 2707 iu
1247 2663 1282 2706 se
1310 2644 1492 2709 credentibus

311 2755 532 2824 innotesceret,
560 2751 705 2824 condidit,
729 2757 759 2816 et
780 2751 839 2814 illis
862 2750 1026 2815 conditoris
1043 2750 1089 2814 sui
1106 2770 1235 2842 capaces
1252 2751 1365 2817 indidit
1379 2755 1491 2825 animos,

311 2861 411 2925 divine
427 2861 536 2925 mentis
554 2860 693 2944 ymagine
710 2860 880 2924 decoratos.
912 2860 957 2925 Ad
973 2859 1160 2924 liberandum
1175 2859 1268 2943 igitur
1282 2861 1364 2926 hanc
1379 2862 1493 2926 humane

312 2971 489 3054 dignitatem
515 2977 638 3043 nature,
667 2970 706 3034 ob
734 2976 893 3053 peccatum
921 2970 1047 3052 originis
1070 2976 1102 3033 et
1121 2972 1298 3053 ignorancie
1321 2973 1452 3037 tenebris
1471 2975 1495 3033 ct

312 3081 474 3146 carnalium
490 3099 633 3144 sensuum
649 3080 863 3166 infectionibus
878 3080 1056 3153 involutam,
1085 3085 1133 3152 ut,
1162 3079 1270 3145 hausto
1285 3082 1415 3164 pristine
1430 3080 1494 3144 lucis

310 3190 412 3263 radio,
440 3191 477 3254 ad
495 3190 781 3273 centemplacionem
798 3190 863 3253 veri
877 3189 954 3262 Dei,
982 3190 1087 3254 solutis
1105 3210 1240 3254 errorum
1255 3190 1401 3264 vinculis,
1426 3189 1495 3256 reci·
1581 3239 1582 3276 ,

310 3304 432 3392 peretur
453 3301 507 3387 e):
536 3320 592 3383 per
622 3299 810 3383 unigenitum
848 3319 950 3372 suum,
988 3305 1164 3362 coeternum
1195 3298 1254 3361 sibi
1286 3306 1318 3363 et
1348 3300 1493 3365 maiestate

310 3409 469 3494 potestatis
514 3409 666 3495 equalem,
716 3409 782 3473 sine
821 3408 1005 3492 inpassibilis
1052 3413 1084 3472 et
1124 3409 1299 3473 immortalis
1343 3408 1494 3474 divimtatis

311 3499 419 3584 iniuria
434 3519 608 3603 passibilem
624 3525 655 3583 et
681 3519 838 3584 mortalem
869 3557 914 3568 -
946 3517 1085 3602 quoniam
1100 3517 1139 3605 f)
1169 3518 1320 3582 hominem
1336 3520 1446 3585 fuctum
1459 3556 1495 3569 -

311 3628 393 3694 misit
433 3629 465 3693 in
509 3626 568 3692 fine
613 3629 783 3693 seculorum
824 3627 994 3692 hominibus
1038 3627 1162 3691 uerbum
1208 3627 1288 3700 vite,
1337 3649 1394 3712 per
1433 3626 1494 3691 illud

311 3739 385 3803 dans
413 3739 474 3813 eis,
503 3738 553 3823 qui
580 3757 599 3800 a
625 3738 690 3802 Deo
717 3739 836 3802 fuerant
863 3738 983 3802 alienati
1010 3758 1065 3821 per
1088 3738 1220 3820 culpam,
1248 3736 1326 3802 lilios
1355 3739 1411 3803 Dei
1437 3737 1493 3800 lieri

309 3850 417 3913 iterum
432 3868 487 3932 per
499 3847 632 3931 graciam
647 3847 689 3936 p]
706 3849 789 3912 etad
805 3849 896 3913 uitam
913 3848 951 3912 de
969 3853 1064 3913 morte
1080 3847 1240 3912 transferri
1256 3849 1364 3914 mortis
1386 3846 1494 3931 legibus

311 3958 486 4023 absolutam.
519 3958 614 4025 Huius
641 3963 742 4022 autem
768 3957 855 4023 uerbi
887 3957 1061 4042 mysterium
1088 3957 1169 4022 idem
1196 3958 1253 4022 Dei
1280 3956 1376 4032 tilius,
1402 3955 1490 4020 multis

309 4068 480 4134 ridentibus
502 4070 534 4133 in
562 4070 658 4133 celum
685 4073 872 4152 assumptus,
899 4068 978 4132 unde
994 4052 1076 4131 solus
1098 4068 1163 4151 ipse
1191 4067 1410 4141 descenderat,
1435 4085 1487 4130 non

312 4177 461 4251 omnious,
478 4178 533 4241 sed
548 4176 749 4261 preordinatis
766 4177 805 4240 ad
821 4177 879 4241 hoc
895 4176 1082 4274 hominibus,
1105 4176 1259 4260 discipulis
1275 4176 1409 4251 scilicet,
1425 4192 1490 4260 quos

312 4307 388 4352 noue
405 4287 541 4351 doctrine
558 4286 656 4352 studio
673 4286 829 4358 inbuerat,
858 4285 1026 4368 delegarit;
1049 4286 1164 4369 prelato
1182 4285 1293 4351 ceteris
1308 4307 1384 4362 uno,
1408 4287 1488 4350 beato

403 4486 437 4558 a)
452 4492 479 4541 et
491 4488 547 4542 sine
560 4486 757 4542 intermissione
770 4504 811 4541 am
823 4488 923 4542 Raude.
940 4517 970 4527 -
985 4486 1017 4557 l)
1031 4486 1114 4560 Rsyn.
1129 4489 1182 4542 und
1194 4487 1336 4543 Bullsriunr
1344 4489 1433 4560 ipsius,
1445 4500 1491 4539 uas

314 4579 407 4633 leinen
431 4578 494 4632 Sinn
517 4578 583 4648 gibt.
603 4609 630 4618 -
652 4579 684 4649 c)
699 4596 756 4632 ven.
770 4597 811 4633 am
825 4579 916 4633 Rande
927 4579 957 4632 V.
975 4608 1007 4617 —
1023 4579 1058 4648 d)
1069 4580 1114 4650 qni
1127 4581 1156 4634 V.
1173 4610 1202 4620 -
1219 4581 1251 4651 e)
1271 4583 1407 4652 raperetur
1418 4579 1489 4648 Rayn.

318 4700 346 4709 -
369 4669 401 4742 f)
434 4686 511 4741 quem
523 4670 554 4733 V,
568 4668 636 4723 lehlt
656 4669 742 4743 Rayn.
753 4669 856 4724 u.Bull.
873 4700 901 4710 -
916 4670 951 4742 9)
966 4669 1010 4723 idr
1023 4672 1234 4742 ,per-gratiam*
1248 4674 1405 4744 potestatem
1417 4670 1489 4739 noyn.

313 4761 366 4814 und
379 4761 446 4815 Bull.
