3209 5392
273 512 351 581 276

271 685 364 766 altero
392 681 566 750 deficiente,
588 681 668 763 quod
696 680 791 750 absit,
824 683 854 743 in
881 681 1024 750 solidum,
1049 701 1107 762 quo
1136 682 1174 744 ad
1202 681 1282 745 dicte
1311 684 1464 764 provincie

269 791 404 872 regimen
420 789 485 851 vice
502 791 598 851 nostri
615 788 742 850 nominis
759 795 954 870 exequantur.

361 897 551 978 Quapropter
568 896 793 959 universitatem
810 903 940 959 vestram
956 897 1126 984 hortamur,
1153 896 1238 977 regio
1260 896 1346 958 vobis
1364 897 1463 961 edicto

267 1007 461 1074 mandantes,
491 1010 637 1086 quatenus
660 1023 729 1073 eos,
757 1023 833 1085 quos
857 1005 945 1066 velud
966 1003 1151 1085 ymaginaria
1175 1010 1277 1066 nostre
1300 1006 1462 1086 presencie

266 1114 352 1176 vobis
384 1118 607 1194 presentamus,
638 1130 693 1191 pro
726 1118 829 1174 nostra
863 1111 1038 1174 reverencia
1070 1111 1244 1194 suscipiatis
1271 1113 1407 1175 hilariter
1433 1119 1464 1175 et

266 1222 407 1302 benigne,
423 1220 574 1282 fidelitatis
591 1218 677 1280 nobis
696 1217 796 1281 debite
810 1225 912 1281 nostro
925 1219 1045 1286 nomine
1061 1220 1197 1300 prestitis
1214 1220 1258 1281 eis
1274 1219 1461 1292 iuramentis,

265 1336 299 1392 ut
319 1330 351 1391 in
379 1328 516 1391 omnibus
545 1327 582 1389 ad
610 1347 665 1388 nos
694 1330 816 1389 racione
844 1328 962 1409 imperii
984 1327 1207 1408 pertinentibus
1229 1327 1304 1409 ipsis
1326 1327 1356 1389 in
1380 1327 1460 1390 omni

264 1434 499 1520 promptitudine
532 1433 653 1514 spiritus
685 1434 827 1515 pareatis.
873 1435 935 1496 Nos
968 1435 1047 1497 eninr
1078 1435 1109 1496 in
1140 1433 1296 1506 omnibus,
1328 1452 1387 1514 que
1419 1434 1459 1498 ad

264 1542 497 1624 gubernacionis
521 1547 660 1622 spectant
682 1540 825 1612 officium,
848 1542 966 1624 plenam
987 1542 1018 1602 in
1041 1561 1093 1604 cos
1115 1542 1307 1623 presencium
1324 1544 1458 1605 auctori·

263 1648 324 1715 tate
340 1648 576 1714 transfundimus
592 1653 781 1729 potestatem.

824 1960 897 2052 oe.

606 2141 799 2202 Romanarum
817 2158 869 2201 rer
887 2138 1004 2201 domiuo
1023 2157 1112 2220 pape.

819 2294 898 2347 1275.

259 2442 346 2512 Kdniq
371 2439 473 2510 Rrrdolf
495 2441 569 2493 bille!
596 2440 702 2510 Greqor
728 2440 778 2502 X„
803 2440 856 2491 den
881 2456 938 2491 zum
963 2439 1123 2511 Erabtbchof
1143 2457 1192 2493 ooo
1220 2440 1284 2494 Colo
1311 2439 1454 2496 erectum

557 2529 696 2599 Sz'cqfried
708 2546 757 2580 con
776 2527 945 2599 Weaterburq
958 2547 990 2581 zo
1003 2529 1154 2599 beatdliqen.

355 2676 468 2728 Gerbrrt
480 2675 507 2736 2,
521 2674 546 2727 2.

357 2820 437 2882 lnter
466 2826 579 2888 cetera,
609 2827 743 2900 quorum'
763 2818 873 2904 noso)
890 2818 1016 2900 pervigil
1048 2838 1119 2880 cura
1147 2816 1305 2887 sollicitat,
1333 2837 1459 2900 quorum

261 2926 469 2989 desiderabilis
487 2926 678 3007 exspectante
701 2930 830 2987 mentem
854 2930 986 2988 nostram
1010 2924 1141 3007 exagitat
1163 2925 1361 2995 incessanter,
1383 2925 1457 2988 illud

258 3034 417 3116 tranquillo
449 3040 555 3095 sancte
586 3034 689 3095 matris
722 3033 851 3095 ecclesie
890 3033 997 3102 statui,
1035 3032 1246 3095 reformaeioni
1283 3032 1456 3095 divulsionis

258 3141 376 3221 imperii
408 3161 443 3203 ac
483 3140 618 3203 subsidio
648 3145 729 3203 terre
760 3146 865 3204 sancte
897 3140 1086 3223 potissimum
1118 3140 1269 3203 credimus
1302 3140 1455 3221 expedire,

259 3249 339 3329 quod
357 3249 485 3311 ecclesie
508 3248 594 3328 regni
617 3246 787 3328 Alymanie,
817 3248 959 3312 destitute
988 3246 1176 3329 pastoribus,
1207 3268 1282 3310 nova
1311 3269 1455 3311 novorum

258 3375 435 3437 sponsorum
473 3355 691 3419 substitucione
728 3355 891 3418 refloreant
923 3363 953 3417 et
984 3355 1163 3435 provisionis
1203 3361 1304 3436 optate
1341 3354 1453 3419 solacio

258 3469 442 3527 recreentur.
475 3464 556 3525 lnter
583 3482 657 3544 quas
686 3461 788 3543 utique
812 3468 923 3544 quanto
946 3463 1117 3544 presignius
1145 3462 1263 3526 cunctis
1290 3463 1455 3525 reverenda

257 3573 293 3634 N.
327 3569 501 3633 monasterii
535 3570 663 3632 ecclesia
696 3569 734 3651 b]
766 3570 894 3638 renitet,
933 3574 1044 3650 quanto
1076 3569 1222 3632 maiorum
1253 3571 1453 3651 periculorum

257 3686 289 3741 et
309 3677 559 3761 persecucionum
587 3676 728 3758 procellis
756 3676 910 3757 impetitur
938 3682 969 3739 et
995 3677 1205 3740 torbacionum
1226 3671 1453 3741 'calamitatibus

257 3787 440 3868 inpulsatur,
471 3789 556 3848 tanto
589 3784 807 3847 celebrioribus
840 3784 957 3865 indiget
986 3791 1086 3847 vestre
1118 3792 1243 3866 paterne
1274 3786 1454 3869 provisionis

257 3895 373 3957 auxiliis
401 3893 562 3956 sublevari.
595 3893 634 3955 Et
663 3893 801 3974 quoniam
831 3893 1013 3955 venerabilis
1034 3893 1088 3962 E„
1117 3892 1251 3955 eiusdem
1280 3896 1452 3957 monasterii

258 4004 386 4071 electus,
407 4000 548 4064 laudabili
571 3999 750 4082 perhibente
773 3999 812 4085 e)
834 3999 1006 4062 testimonio
1029 4000 1233 4081 plurimorum,
1256 4002 1453 4072 aiuventutis

257 4131 310 4173 sue
332 4109 476 4191 primiciis
493 4128 613 4189 semper
636 4109 729 4171 tultus
746 4110 787 4192 d]
811 4115 931 4173 caterva
955 4108 1112 4179 virtutum,
1138 4109 1266 4171 honeste
1289 4129 1452 4172 conversa-

257 4220 352 4282 cionis
376 4224 407 4280 et
428 4218 488 4281 vite
511 4217 624 4288 luisse,
652 4219 816 4279 communis
845 4219 924 4280 lame
952 4219 1096 4299 preconio
1124 4218 1313 4299 predicatur:
1342 4239 1397 4300 pro
1415 4239 1451 4279 eo

256 4331 356 4388 vestre
388 4322 567 4388 beatitudini
599 4324 821 4407 supplicamus,
855 4332 1019 4407 quatenus,
1052 4347 1120 4390 cum
1146 4311 1288 4407 ¹predicta
1315 4325 1451 4403 ecclesia

347 4520 383 4588 a)
392 4536 603 4588 quorumnocanr
612 4521 642 4573 R,
654 4520 766 4588 V.-b)
774 4522 896 4589 preclara
906 4523 1317 4579 etvencrandaGolonienais
1330 4520 1447 4575 ecelesia

258 4609 337 4661 Gerb.
352 4638 385 4648 ·-
399 4611 430 4678 o)
450 4612 483 4663 Et
505 4612 567 4679 quia
591 4610 620 4662 N.
644 4610 766 4664 laudabili
790 4613 948 4681 perbibente
967 4615 1117 4668 testimonio
1141 4618 1191 4667 etc.
1212 4612 1291 4666 Gorb.
1307 4640 1341 4651 -
1356 4612 1390 4677 d)
1407 4613 1447 4664 in-

257 4699 340 4751 sultus
354 4700 380 4750 Z.
