3209 5392
1262 513 1332 585 lot

144 690 311 754 actitantur
331 694 363 753 in
384 695 529 771 tempore,
552 711 589 753 ne
611 681 663 754 aut
685 690 834 753 oblivione
851 694 902 753 aut
917 689 1114 771 perversitate
1130 689 1172 776 a)
1187 689 1341 752 bominum

145 804 383 863 retractarentur
398 798 436 883 d)
453 817 512 881 que
527 798 676 861 mediante
692 799 812 863 iusticia
839 798 927 861 finem
954 798 1339 880 legittimum-acceperunt.

237 908 312 970 Item
328 907 376 994 c).
401 906 546 988 Quoniam
563 907 614 990 qui
629 907 706 969 male
722 907 785 988 agit
802 907 864 970 odit
878 907 987 980 lucem,
998 907 1066 970 ideo
1080 907 1157 970 scitu
1168 907 1216 969 vel
1228 907 1340 988 scripto

148 1016 245 1096 digna
262 1022 333 1080 sunt
348 1016 381 1078 in
392 1016 459 1078 luce
476 1016 582 1098 pocius
599 1034 689 1098 quam
704 1015 735 1078 in
750 1013 883 1078 tenebris
900 1016 1085 1087 fabricanda,
1101 1036 1139 1078 ne
1154 1020 1223 1098 post
1238 1016 1342 1079 evolu-

149 1123 277 1187 cionem'
300 1124 462 1206 temporie,
480 1143 537 1208 que
565 1123 714 1206 legittime
730 1129 800 1186 sunt
821 1129 992 1196 contracta,
1021 1125 1195 1206 ignorantia
1224 1125 1342 1188 valeant

149 1233 312 1295 retractari
327 1232 378 1315 d).

239 1342 330 1405 Item.
362 1339 472 1403 Fidelis
490 1345 537 1402 est
551 1340 705 1403 literarum
721 1340 870 1413 custodia,
887 1360 945 1423 que
961 1359 1063 1403 rerum
1078 1341 1212 1404 actiones
1234 1341 1342 1403 incon-

149 1459 242 1513 cussa
282 1452 361 1513 serie
399 1450 529 1534 loquitur
562 1455 592 1513 et
625 1450 848 1533 emergentibus
882 1450 1057 1532 calumpniis
1088 1449 1203 1512 firmum
1234 1450 1342 1532 prebet

150 1558 341 1622 obstaculum
357 1559 525 1621 testimonio
542 1559 675 1623 veritatis
693 1558 738 1645 e).

452 1684 632 1768 lixorvlleffl
649 1689 686 1752 de
703 1690 881 1753 execrclcne
896 1694 1038 1752 votorum.

654 1794 782 1839 oraturam
800 1795 850 1840 xx.

249 1875 362 1938 Sancte
391 1875 577 1956 operacionis
595 1875 726 1939 studium
741 1875 788 1938 vel
803 1875 990 1957 propositum
1005 1876 1184 1939 festinanter
1198 1875 1236 1939 ad
1252 1875 1345 1938 effec-

149 1990 216 2048 tum
232 1982 324 2047 debet
338 1984 475 2066 perduci,
488 2006 525 2047 ue
538 1985 708 2067 fragilitatis
724 1985 852 2048 humane
869 1985 1020 2049 desiderio
1035 1985 1230 2067 frigescente,
1246 1986 1345 2051 votiva

152 2112 274 2177 quoque
292 2092 484 2157 subtrabatur
498 2093 660 2158 retribucio
677 2095 859 2158 meritorum.

248 2201 375 2287 Cump)
388 2221 440 2265 vos
454 2203 561 2265 adhoc
576 2203 693 2266 cunctis
709 2202 897 2285 postpositis,
911 2210 944 2266 ut
961 2202 1103 2275 creditur,
1120 2203 1176 2266 sub
1192 2204 1344 2285 religionis

154 2331 245 2375 sacre
267 2312 371 2375 habitu
394 2311 541 2376 conditori
558 2312 689 2375 omnium
705 2313 857 2395 elegeritis
873 2313 985 2394 iugiter
1005 2313 1152 2386 famulari,
1169 2321 1202 2377 ut
1222 2315 1345 2395 possitis
1423 2313 1425 2318 ’

155 2421 293 2503 graciam
313 2421 469 2505 consequi,
486 2422 680 2505 sequentibus
696 2422 895 2503 redemptoris
912 2421 1039 2502 vestigia
1059 2427 1254 2495 reservatam,
1275 2422 1347 2486 illud

154 2535 296 2612 prompta
312 2530 429 2594 debetis
445 2531 597 2594 voluntate
613 2529 770 2613 perticere,
788 2531 869 2614 quod
883 2531 933 2594 illa
948 2530 1033 2593 vobis
1050 2536 1203 2613 prestante
1219 2532 1346 2595 Domino

155 2639 257 2701 valeat
271 2638 312 2726 lu]
328 2637 445 2703 facilius
462 2639 631 2722 provenire.

254 2746 288 2816 a)
308 2745 482 2818 perversitate
501 2765 643 2819 pravorum
662 2750 690 2805 Z.
707 2781 736 2791 -
752 2748 782 2818 d)
800 2750 981 2803 retractentur
997 2749 1025 2802 Z.
1040 2779 1073 2788 -
1084 2748 1115 2818 c)
1136 2749 1169 2803 ad
1187 2748 1257 2802 idern
1268 2750 1296 2803 Z.
1312 2780 1345 2789 -

149 2839 193 2924 pl)
208 2839 275 2892 ltem
293 2838 327 2891 ad
340 2839 418 2892 idem.
444 2837 478 2893 Ut
499 2838 532 2893 ad
555 2844 647 2893 nostre
669 2840 837 2910 posteritatis
859 2839 984 2894 noticiam
1007 2856 1060 2910 que
1083 2825 1211 2911 geruntur
1233 2859 1248 2894 a
1270 2840 1346 2896 nobis

154 2928 271 2999 negocia
306 2931 422 2984 certiora
459 2931 627 3001 perveniant,
668 2931 805 2985 literarum
832 2948 862 2985 ea
891 2931 1015 2985 memorie
1055 2931 1283 2994 commendamus,
1316 2933 1347 2984 ut

155 3021 260 3077 nostris
281 3021 445 3092 temporibus
467 3022 589 3076 institute
610 3021 730 3076 feliciter
752 3025 780 3075 st
797 3021 923 3092 prudenti
945 3022 1056 3077 consilio
1075 3022 1246 3085 confirmata,
1270 3029 1346 3077 certa

155 3111 273 3184 quadem
287 3111 385 3166 noticia
398 3116 581 3185 propagentur
593 3112 618 3165 in
632 3118 771 3184 posteros,
793 3117 821 3166 et
833 3129 866 3165 ue
879 3112 955 3182 lapsu
969 3111 1099 3183 temporis
1112 3130 1128 3167 a
1140 3116 1231 3168 nostra
1244 3129 1346 3168 memo·

156 3205 196 3256 ria
220 3219 270 3273 per
292 3207 376 3257 ortam
403 3203 541 3257 oblivionis
570 3205 745 3273 calumpniam
774 3206 949 3266 evanescant,
975 3203 1109 3257 literarum
1130 3203 1218 3257 solent
1239 3203 1345 3259 indiciis

157 3295 276 3348 eternari
290 3294 317 3346 Ζ.
346 3324 377 3334 -
402 3294 433 3364 e)
449 3296 513 3349 ltem
526 3293 561 3347 ad
574 3295 652 3347 idem.
679 3294 754 3348 Licet
776 3296 842 3348 ordo
856 3293 919 3348 iuris
938 3294 964 3346 in
983 3293 1050 3347 libra
1066 3295 1211 3349 trutinatus
1226 3294 1295 3350 adeo
1309 3297 1346 3348 sit

161 3385 286 3439 subditus
305 3385 403 3439 iudicio
423 3385 550 3448 racionis,
571 3385 641 3456 quod
661 3403 693 3439 ex
711 3386 768 3455 ipso
786 3341 998 3456 processu'brris
1017 3386 1067 3439 sibi
1086 3392 1225 3441 accrescat
1238 3385 1345 3448 iuveris,

157 3483 186 3529 et
203 3469 287 3529 robur
307 3478 439 3547 perpetue
455 3474 648 3546 quodammodo
667 3476 785 3530 attrahat
801 3475 948 3541 firmitatis,
961 3477 1124 3548 quiatameu
1142 3493 1204 3531 raro
1218 3478 1347 3546 estquod

117 3547 121 3558 ¹
159 3568 280 3620 subverti
300 3584 351 3620 non
369 3566 469 3637 possit,
502 3572 529 3621 et
546 3567 709 3635 litigatorum
727 3569 889 3638 improbitas,
904 3569 1031 3623 adversus
1049 3568 1205 3637 religionem
1225 3567 1346 3623 veritatis

159 3663 261 3711 temere
281 3660 309 3711 et
320 3657 446 3712 infrenitc
464 3675 651 3730 prorumpens,
665 3659 778 3713 diversis
792 3660 905 3713 fallaciis
919 3664 947 3713 et
959 3659 1114 3713 commentis
1132 3659 1209 3712 variis
1223 3658 1346 3712 obductis

159 3766 250 3802 aurem
269 3764 391 3803 serenam
408 3751 540 3805 interdum
561 3750 659 3821 polluit
677 3751 825 3804 auditorum
846 3752 1032 3816 humanorum,
1053 3765 1227 3821 processuum
1240 3753 1268 3802 et
1280 3766 1346 3803 con·

159 3835 295 3894 tractuum
308 3842 450 3911 qualitates
463 3842 598 3895 literarum
611 3847 672 3895 sunt
684 3843 834 3896 testimonio
847 3841 1005 3914 publicandc
1025 3842 1052 3894 Z.

251 3933 317 3985 ltem
337 3934 373 3987 ad
393 3933 471 3987 idern.
502 3935 567 4002 Quia
595 3934 734 3987 consilium
755 3932 893 4003 sapientis,
922 3933 1046 3987 divinitus
1058 3933 1223 4004 inspiratum,
1244 3930 1346 3984 caduca

161 4023 293 4078 bominum
315 4025 448 4096 fragilitas
477 4039 526 4080 nec
549 4030 659 4096 caperet
682 4042 731 4080 nec
752 4029 870 4087 teneret,
895 4025 946 4078 nisi
967 4025 992 4077 in
1014 4023 1158 4076 remedium
1186 4022 1347 4076 infirmitatis

161 4117 276 4170 bumana
289 4117 427 4171 literarum
441 4133 514 4170 usum
525 4118 682 4170 mortalibus
705 4116 790 4169 divina
810 4115 946 4169 miseracio
957 4114 1123 4186 inspirasset,
1136 4115 1182 4184 qui
1196 4113 1348 4166 esthabere

162 4208 361 4279 preteritorum,
370 4208 536 4266 memoriam,
557 4208 725 4278 presencium
743 4205 868 4261 noticiam
886 4211 914 4259 ct
936 4205 1028 4261 utilem
1050 4205 1249 4276 providenciam
1272 4206 1347 4257 futu·

162 4315 261 4359 rurum,
274 4304 302 4352 et
313 4302 346 4353 ob
358 4300 410 4352 boc
423 4314 467 4352 res
479 4300 548 4352 scitu
563 4299 642 4369 digne
655 4316 706 4352 non
720 4299 802 4351 solum
816 4298 943 4368 periculo,
958 4314 1046 4350 verum
1060 4297 1143 4349 eciam
1156 4293 1347 4349 irremediabili

163 4389 310 4461 precipicio
342 4391 521 4454 subiecerant,
548 4394 574 4443 et
598 4389 744 4445 fraudatrix
763 4388 878 4443 sciencie
901 4394 928 4442 et
948 4388 1072 4442 memorie
1097 4404 1221 4451 noverca,
1240 4386 1347 4449 oblivio,

162 4482 327 4553 prevaleret,
349 4482 439 4534 maon
458 4496 602 4535 occurrens
616 4497 649 4535 ex
666 4482 776 4535 adverso
796 4482 841 4551 pia
854 4482 1015 4551 scriptorum
1034 4479 1185 4533 sollicitudo
1204 4484 1231 4533 et
1251 4479 1345 4532 trium·

165 4573 268 4642 plattein
280 4572 379 4627 inercie
390 4572 530 4644 diligencia
544 4576 619 4640 gesta
633 4574 765 4626 hominum
779 4572 915 4626 literarum
930 4572 1160 4626 demonstracionc
1173 4570 1206 4625 ad
1220 4574 1345 4642 posteros

164 4665 354 4719 transmisisset
364 4665 392 4717 Ζ.
406 4696 434 4706 -
446 4663 478 4734 f)
493 4663 623 4734 lncipiunt
633 4663 778 4718 communia
789 4662 897 4717 exordia
912 4667 963 4718 etc.
977 4663 1004 4715 Ζ.
1022 4693 1049 4702 -
1061 4663 1097 4733 p)
1110 4663 1176 4717 Item
1190 4660 1222 4715 ad
1237 4660 1306 4714 idem
1315 4660 1345 4713 Ζ.

168 4755 248 4825 -·lr)
262 4756 365 4811 valeant
378 4754 404 4808 V.
738 4769 740 4773 ·
