3209 5392
1286 507 1359 584 tet

166 677 255 739 quam
274 658 311 718 de
327 654 443 719 lubrico
462 655 589 728 erroris,
618 674 676 736 qno
699 656 729 716 in
745 657 942 737 precipicium
958 660 1070 728 ruitur,
1094 658 1254 720 aDomino
1271 677 1361 721 revo-

169 764 266 834 caris,
290 761 472 825 immobilem
489 761 579 824 sistas
596 762 739 842 gradum,
760 769 791 825 et
806 763 948 832 t'uodotus
964 765 993 825 in
1009 770 1094 844 petra
1110 764 1207 835 Petri,
1225 783 1284 845 que
1301 785 1362 832 non

171 872 255 934 norit
286 889 375 931 ruere
406 868 453 931 rel
487 868 597 938 everti,
636 867 724 930 nullis
755 869 900 946 malorum
931 868 1067 949 pulsibus
1100 871 1268 951 quaciaris,
1305 892 1366 936 non

169 979 369 1061 acquiescens
387 977 424 1038 de
442 981 544 1038 cetero
560 975 789 1056 propinantibus
806 977 837 1038 in
859 977 946 1044 melle
969 997 1132 1049 venenum,
1162 979 1297 1060 quitquid
1313 978 1366 1064 a),

169 1090 328 1168 postquam
341 1083 416 1145 foris
428 1083 513 1163 pacis
525 1082 639 1145 uultum
655 1084 884 1164 assumpserint,
904 1084 984 1149 intus
1000 1083 1203 1147 blandimento
1221 1085 1367 1167 quodam·

170 1192 259 1255 modo
272 1191 405 1261 toxicati,
421 1191 452 1252 in
468 1190 630 1253 novissimo
648 1196 735 1253 erunt
750 1191 878 1277 moreh)
892 1192 1028 1260 ferientis
1046 1193 1171 1274 cuspide
1188 1192 1366 1274 scorpionis.

171 1295 246 1380 rige
263 1298 372 1380 igitur,
401 1315 512 1379 queso,
534 1297 644 1378 pedem
660 1303 742 1359 tuum
758 1298 789 1359 in
805 1304 1047 1370 montesancto,
1075 1299 1204 1362 eeclesia
1226 1300 1368 1364 videlicet
1460 1289 1464 1292 ¹
1561 1311 1565 1321 '

171 1405 230 1471 Dei
246 1405 307 1469 riri
335 1423 391 1467 nec
407 1395 463 1468 tihi
480 1404 626 1486 deinceps
643 1404 772 1468 swaderi
788 1406 915 1474 raleata
931 1411 1109 1488 temptatore
1126 1427 1316 1490 quocunqne,
1333 1413 1367 1471 ut

172 1513 286 1577 bonum
301 1511 357 1575 tibi
372 1512 468 1574 rideri
484 1511 594 1574 debeat
616 1512 686 1573 inde
708 1530 776 1574 curn
797 1512 993 1593 pereuntibus
1015 1514 1135 1577 mittere
1157 1520 1187 1577 te
1212 1515 1365 1586 deorsum,

172 1619 254 1685 unde
270 1617 325 1681 tibi
342 1624 390 1681 est
405 1638 474 1682 curn
489 1618 613 1701 reliquis
629 1618 686 1680 Dei
701 1617 770 1680 filiis
786 1618 826 1681 ad
842 1620 964 1690 celastis
980 1619 1157 1684 hereditatis
1174 1621 1367 1684 consorcium

171 1725 414 1796 ascendendum,
441 1744 460 1787 a
489 1745 547 1807 quo
575 1726 667 1788 draco
689 1725 747 1788 iste
764 1726 936 1807 proiectus,
965 1727 1016 1808 qui
1032 1728 1117 1789 ruine
1133 1748 1242 1809 magne
1258 1728 1368 1810 patuit,

174 1854 251 1918 quos
278 1832 390 1916 poterit
416 1837 551 1913 sataget,
580 1854 618 1895 ne
647 1834 728 1895 solus
749 1840 871 1914 pereat,
898 1834 1276 1921 transmarinum).
1311 1836 1366 1898 Sta

172 1942 278 2023 igitur,
294 1946 327 2003 ut
344 1940 481 2010 diximus,
498 1938 555 2002 tilit
573 1940 610 2002 de
627 1941 741 2023 reliquo
757 1939 790 2002 in
812 1942 931 2008 excelso
955 1947 986 2006 et
1009 1943 1206 2024 circumspice
1222 1948 1316 2006 totam
1340 1943 1371 2004 in

174 2047 305 2112 circuitu
321 2046 477 2128 regionem
495 2051 525 2107 et
540 2045 626 2116 ride,
642 2048 723 2127 quod
739 2048 865 2128 populos
882 2046 936 2122 tihi
953 2048 1153 2121 domesticos,
1176 2052 1208 2112 in
1224 2056 1368 2132 quomum

174 2163 229 2220 tue
258 2152 472 2235 magnitudinis
501 2152 697 2233 depressione
730 2152 847 2215 hostilis
864 2154 1046 2236 propellator
1062 2155 1169 2226 elidat,
1197 2161 1368 2238 quantaque
1460 2187 1463 2194 ·

176 2270 328 2326 terrarum
356 2261 520 2332 amenitas,
549 2266 660 2343 quanta
688 2259 806 2322 urbium
834 2259 1040 2340 pulchritudo,
1068 2264 1099 2324 in
1127 2263 1235 2347 quibus
1267 2264 1368 2346 itaque

177 2368 324 2450 singulari
333 2366 736 2449 eminenciatuprecellis,in
749 2372 890 2449 quantam
902 2374 984 2440 tuam
995 2374 1173 2451 tuorumque
1185 2390 1371 2452 pressuram,

175 2477 236 2540 nisi
253 2476 357 2538 forsan
372 2479 405 2537 tu
421 2479 490 2536 ante
506 2479 625 2555 tempus
648 2493 810 2543 occurras,
837 2474 867 2536 in
889 2474 1113 2544 desolacionem
1136 2482 1166 2539 et
1181 2477 1372 2541 solitudinem

176 2584 217 2647 ab
234 2583 330 2645 alieno
348 2582 406 2650 sit,
422 2580 460 2645 ad
476 2599 565 2662 quem
581 2580 618 2643 de
634 2580 693 2642 hiis
710 2602 770 2643 non
785 2582 933 2662 pertinet,
954 2581 1118 2652 redditura.
1153 2584 1217 2647 Sed
1232 2584 1377 2648 fortassis

180 2696 229 2754 est
244 2690 353 2773 aliquis
369 2689 448 2751 inter
458 2686 563 2750 fideles
580 2687 768 2751 consiliarios
784 2694 873 2758 tuos,
895 2690 946 2772 qui
968 2694 1000 2752 to
1017 2689 1075 2756 etsi
1092 2710 1151 2753 non
1166 2691 1374 2755 fraudulenter

180 2800 310 2867 alhciat,
331 2803 431 2859 tamen
447 2795 588 2859 admonet
603 2794 815 2875 inprudenter,
837 2801 869 2857 ut
886 2801 1020 2878 stragem
1035 2802 1149 2864 certam
1165 2798 1372 2862 adiaceneium

180 2906 237 2970 tibi
266 2904 436 2968 dissimules
463 2902 656 2983 populorum,
684 2908 771 2965 utens
798 2901 917 2964 blandis
945 2902 1085 2990 fictisque
1113 2906 1303 2968 sermonibus
1335 2925 1371 2967 ac

180 3010 449 3097 promissionibus,
477 3009 594 3071 scilicet
621 3009 719 3090 quod,
747 3009 828 3072 salva
858 3009 944 3072 domo
967 3016 1018 3072 tua
1046 3030 1082 3074 ac
1110 3012 1288 3091 superstite,
1316 3030 1380 3076 non

182 3121 282 3184 valeat
297 3120 430 3200 flagrans
446 3116 620 3179 incendium
641 3116 783 3198 proximis
806 3116 861 3178 tihi
884 3116 1052 3197 parietibus
1074 3117 1229 3199 applicari.
1263 3119 1374 3182 Contra

182 3228 386 3292 consultorem
416 3223 587 3286 huiusmodi
618 3224 696 3286 forte
727 3228 757 3285 te
789 3223 885 3285 zelum
916 3224 1082 3294 secundum
1120 3223 1284 3286 scienciam
1314 3245 1374 3287 non

181 3333 331 3402 habente,
358 3332 427 3394 audi
443 3337 561 3413 patrem
576 3328 632 3392 fili!
656 3336 740 3393 tuam
754 3330 949 3411 prudenciam
965 3336 1185 3396 ammonentem
1202 3333 1373 3397 consulcius

181 3442 268 3505 brevi
289 3441 399 3510 verbo,
428 3445 458 3502 et
484 3439 626 3500 memorie
647 3439 859 3500 recommenda
880 3457 933 3519 pro
951 3438 1069 3502 sincera
1086 3440 1190 3521 gracia
1205 3441 1376 3509 monitoris,

183 3548 255 3632 quia
282 3548 423 3610 videlicet
449 3546 647 3608 vindemiator
666 3563 820 3607 racemum
836 3545 892 3629 c),
920 3564 1008 3627 quem
1037 3547 1141 3612 anxius
1168 3547 1199 3609 in
1226 3548 1377 3611 vindemia

182 3656 311 3739 preterit
321 3654 417 3717 botris
433 3651 623 3733 turgentibus
640 3650 819 3721 inherendo,
836 3651 971 3733 decerpit
986 3653 1103 3716 aridius
1119 3655 1151 3715 in
1167 3659 1326 3735 autumpno
1346 3653 1381 3738 ²)

183 3769 215 3826 et
246 3762 352 3824 domus
382 3762 414 3823 in
440 3759 632 3839 flagracionis
659 3759 758 3820 medio
786 3758 965 3828 constituta,
1004 3760 1062 3820 etsi
1099 3779 1158 3830 non
1192 3760 1378 3822 consumitur

130 3930 137 3940 ,
183 3869 338 3937 incendio,
353 3873 454 3930 tamen
469 3856 635 3928 infirmatur
651 3864 803 3926 exhaustis
821 3866 1031 3946 compaginum
1051 3865 1165 3928 uiribus
1188 3865 1227 3927 ad
1248 3866 1375 3929 ruinam.

183 3975 297 4039 Recole
314 3975 408 4054 igitur
422 3973 649 4054 progenitorum
665 3978 783 4034 tuorum
800 3971 890 4034 fidem
913 3993 986 4054 erga
1008 3973 1136 4054 patriam
1159 3978 1189 4035 et
1211 3973 1377 4054 coniugalis

182 4082 298 4146 federis
315 4081 502 4145 dulcedinem
519 4098 591 4160 erga
606 4085 736 4160 gentem.
755 4079 855 4160 Super
870 4080 966 4160 patria
981 4086 1044 4149 tna,
1059 4081 1147 4141 immo
1165 4085 1296 4160 superte
1312 4082 1378 4161 ipso

279 4260 313 4327 a)
333 4259 472 4313 viellcicht
491 4259 555 4327 quid
575 4260 646 4329 quod
669 4277 702 4312 nu
724 4259 809 4312 lesen.
823 4287 857 4296 -
871 4257 1049 4324 d)'vielleicht
1071 4258 1096 4310 iu
1120 4275 1166 4311 ore
1188 4276 1221 4311 nn
1244 4259 1327 4312 lesen.
1343 4288 1380 4301 -

185 4351 218 4418 c)
232 4367 357 4405 racenum
370 4349 400 4402 V.
415 4380 448 4387 -

218 4601 242 4658 1)
260 4602 354 4656 Apocah
374 4599 412 4651 12,
430 4601 452 4643 9.

219 4679 241 4737 ²)
260 4681 336 4725 ldicha
353 4682 377 4731 7,
396 4682 417 4724 l.
