3209 5392
1298 510 1375 581 249

184 680 285 738 vestre
314 677 496 739 excellencie
518 679 720 760 assurgimus,
748 681 900 745 humiliter
916 683 1093 745 inclinantes
1110 700 1177 744 cum
1193 683 1288 753 omni,
1317 702 1377 764 quo

184 786 335 855 valemus,
363 804 476 865 genere
498 785 683 865 graciarum,
713 808 831 851 omnem
845 789 966 870 penitus
991 787 1150 861 eliensem,
1178 808 1267 870 quam
1289 789 1376 853 nobis

186 891 333 954 universis
350 891 561 954 universaliter
584 898 614 955 et
636 893 763 975 singulis
786 896 997 976 singulariter,
1025 902 1185 978 antequam
1201 895 1240 958 ad
1257 897 1376 960 culmen

185 999 347 1081 imperialis
364 999 479 1080 fastigii
494 1000 640 1063 Dominus
657 1021 711 1063 vos
727 1007 861 1076 vocaret,
877 1023 931 1085 pro
948 1005 1091 1085 qualitate
1114 1008 1280 1085 temporum
1297 1007 1379 1066 intu-

185 1108 272 1179 listis,
305 1108 512 1178 remittentes,
544 1108 662 1188 integre
691 1114 722 1171 et
748 1110 779 1171 in
807 1115 870 1172 toto
897 1110 1054 1174 oblivionis
1086 1110 1144 1173 sibi
1174 1115 1319 1192 perpetue
1335 1109 1379 1195 a)

184 1216 323 1298 rubigine
339 1216 531 1297 superducta,
548 1216 586 1278 ad
602 1217 775 1279 memoriam
790 1218 862 1281 illud
877 1219 1029 1300 poeticum
1044 1225 1239 1281 revocantes:

433 1375 538 1431 Ledere
551 1376 595 1445 qui
607 1377 704 1447 potuit,
718 1377 863 1464 aliqnando⁴
871 1377 997 1449 prodesse
1009 1379 1109 1433 valebit
1125 1378 1160 1450 ¹).

196 1517 200 1524 ’
275 1522 361 1586 Unde
393 1521 609 1584 dominacionis
640 1527 742 1585 vestre
768 1521 1008 1603 magnilioieneie
1031 1523 1071 1608 b)
1098 1523 1170 1586 totis
1201 1523 1315 1586 viribus
1348 1529 1379 1586 et

188 1627 346 1691 affectibus
378 1628 596 1709 supplicamus,
634 1633 781 1710 quatenus
813 1628 1022 1692 munificencia
1053 1635 1155 1693 vestre
1192 1629 1379 1709 benignitate

187 1735 326 1817 largitlua
343 1735 373 1797 in
390 1735 605 1798 conservandis
622 1742 723 1802 nostre
741 1736 871 1799 civitatis
882 1736 997 1800 iuribus
1011 1736 1131 1799 etbona
1150 1737 1380 1808 consuetudine,

188 1864 247 1926 que
265 1850 313 1905 est
328 1849 398 1924 apta
415 1844 516 1924 legum
539 1844 705 1925 interpres,
737 1844 816 1907 siout
838 1845 1014 1907 transmisse
1031 1844 1117 1908 nobis
1135 1865 1230 1926 nuper
1245 1864 1263 1907 a
1278 1850 1380 1907 vestra

188 1951 351 2014 serenitate
368 1951 454 2014 litere
470 1950 658 2033 pollicentur,
676 1971 730 2013 nos
747 1951 845 2015 velitis
861 1953 1015 2035 prosequi,
1031 1958 1065 2015 ut
1087 1970 1253 2033 speramus,
1275 1952 1378 2016 favore
1465 1947 1471 1966 ¹

188 2057 292 2139 gracie
322 2059 462 2139 specialis
481 2058 522 2144 2),
541 2079 608 2122 cum
637 2064 669 2121 et
696 2079 751 2122 nos
778 2059 877 2141 parati
905 2059 998 2122 simus
1026 2065 1057 2121 et
1081 2079 1149 2121 esse
1171 2057 1382 2120 inviolabiliter

187 2166 392 2237 intendamus,
420 2166 459 2229 ad
480 2172 581 2229 vestre
597 2167 764 2230 maiestatis
780 2168 906 2248 imperia
923 2173 954 2229 et
975 2166 1130 2239 mandata,
1158 2171 1246 2248 prout
1268 2166 1379 2227 iustum

186 2274 277 2346 t'uerit
294 2279 324 2335 et
340 2292 505 2336 consonum
522 2272 657 2355 equitati,
673 2292 727 2354 pro
745 2273 887 2355 qualitate
904 2273 1119 2360 nostrarumc]
1132 2272 1237 2336 virium
1250 2269 1379 2333 lideliter

188 2381 370 2464 exequenda.
1355 2380 1358 2385 '

759 2697 822 2768 37.

540 2871 600 2934 box
624 2871 820 2934 Romanorum
844 2871 874 2933 ll.
899 2873 1036 2955 principi.

190 3034 248 3087 Der
263 3030 394 3086 romische
406 3030 493 3101 Konip
504 3010 627 3083 Ricbord
642 3026 761 3100 gewdbrt
779 3028 863 3082 einem
878 3031 1003 3095 Fttrsten,
1023 3029 1073 3082 der
1091 3028 1150 3083 siclt
1167 3029 1245 3099 lange
1259 3027 1317 3082 Zcit
1332 3044 1382 3082 un-

264 3121 384 3174 dcnlrder
394 3118 504 3191 μετείῃ,
517 3117 645 3172 nunmebr
658 3118 722 3171 aber
735 3118 835 3171 Abbittc
846 3117 944 3189 gethan
956 3116 1013 3181 bct,
1027 3117 1100 3171 scine
1112 3119 1180 3173 colle
1197 3118 1297 3171 Gnade.

278 3267 303 3328 Α
329 3263 500 3346 primordiis
528 3263 623 3325 nostri
651 3261 717 3325 solii
745 3260 800 3323 sub
830 3262 895 3325 eius
923 3262 1058 3333 nomine,
1093 3280 1149 3343 per
1175 3280 1264 3343 quem
1291 3280 1382 3342 reges

190 3380 318 3457 regnant
334 3380 365 3437 et
380 3372 533 3455 principes
556 3370 693 3433 obtinent
712 3369 929 3452 principatum,
955 3370 1112 3450 regiminis
1136 3369 1230 3432 nostri
1248 3368 1379 3450 disposi-

192 3483 309 3546 cionem
325 3481 482 3545 statuimus
498 3478 619 3561 pietatis
638 3481 668 3539 et
684 3476 726 3561 d)
744 3478 908 3539 clemencie
924 3476 1127 3540 moderamine
1144 3474 1380 3556 gubernandam,

191 3596 224 3653 ut
239 3591 357 3661 merito,
374 3589 453 3651 siout
468 3586 506 3649 ab
524 3587 589 3669 ipso
606 3586 728 3667 pietatis
745 3591 870 3648 auctore
894 3590 924 3647 et
944 3583 1151 3645 misericordie
1174 3586 1256 3644 tante
1279 3581 1382 3663 gracie

192 3699 270 3761 dona
297 3697 502 3778 suscepimus,
535 3694 581 3756 sio
611 3694 676 3756 eius
704 3692 812 3755 intuitu
841 3691 969 3754 subditis
997 3690 1125 3761 nostris,
1158 3688 1247 3752 etiam
1275 3689 1301 3750 si
1330 3709 1382 3752 eos

192 3806 350 3891 aliquando
382 3803 545 3885 deliquisse
578 3800 754 3882 contigerit,
798 3800 907 3862 adesse
938 3795 1175 3860 misericorditer
1207 3795 1380 3860 debeamus.

282 3968 316 4036 o)
332 3971 461 4035 perpetue
473 3980 513 4015 em
525 3963 613 4015 Rands
623 3962 652 4015 V.
664 3991 694 4000 -
703 3962 734 4029 b)
745 3959 944 4029 magnificencie
955 3975 995 4012 sm
1005 3957 1096 4011 Raude
1108 3957 1137 4009 V.
1145 3956 1217 4025 -c)
1229 3959 1379 4012 nostrarum

192 4075 232 4111 am
244 4058 336 4111 Raude
351 4057 380 4109 v.
396 4085 426 4094 -
443 4055 478 4124 d)
494 4072 534 4106 am
547 4053 638 4107 Raude
650 4053 681 4106 V.

190 4301 193 4304 ¹
217 4309 240 4369 ¹)
258 4311 364 4367 Dionysii
382 4301 477 4355 Catonis
494 4309 647 4353 distichorum
670 4307 730 4353 liber
747 4307 780 4351 lV.
800 4320 839 4350 no.
851 4306 895 4350 392
912 4306 945 4349 De
962 4304 1065 4348 moribus
1081 4304 1109 4348 ad
1127 4301 1207 4347 tilium.

319 4393 382 4437 Cede
398 4394 474 4437 locum
491 4394 567 4437 laesus
583 4392 709 4442 Fortunas,
727 4389 785 4434 cedo
802 4385 906 4444 petenti:

319 4473 410 4519 Lcdsrs
427 4474 466 4530 qui
483 4472 568 4531 potuit,
585 4472 707 4527 aliquando
726 4469 840 4524 prodesse
855 4466 952 4511 valebit.

217 4554 239 4615 ²)
258 4557 342 4601 Diesen
359 4556 462 4599 Wunscb
480 4555 576 4598 srltllte
594 4553 681 4597 liudolf
695 4552 739 4596 den
757 4550 865 4602 Baslern,
887 4547 965 4592 indsm
989 4560 1017 4591 cr
1039 4547 1113 4590 durcb
1129 4546 1182 4591 eins
1199 4548 1310 4593 Urlrunde
1328 4563 1380 4594 vom

258 4638 295 4683 lb.
313 4638 367 4681 luni
393 4636 454 4681 1274
478 4635 548 4680 ilrnen
574 4635 615 4678 das
636 4633 741 4690 Privileg
762 4629 840 4689 liduig
859 4627 990 4673 lleinricb's
1015 4626 1079 4685 (Vll)
1104 4627 1241 4687 bestitigts.
1268 4631 1384 4676 Trouillat

256 4721 279 4773 2,
297 4720 353 4768 250,
370 4720 428 4776 ng.
446 4719 502 4763 llud.
521 4732 559 4762 no.
579 4716 647 4762 1258.
