3209 5392
1300 460 1347 529 57

158 641 329 709 reverentie
358 642 444 705 nobis
462 644 623 725 collapsum
639 644 714 707 adeo
731 645 861 707 refertur
885 663 903 705 a
918 642 1028 712 multis,
1046 638 1125 722 quod
1142 638 1180 701 ad
1195 635 1351 698 veritatem
1411 704 1413 708 ἱ

160 753 258 811 status
286 749 423 814 eiusdem
451 751 581 814 ecclesie
610 751 852 833 cognoscendam
886 755 916 813 et
949 750 987 813 ad
1013 745 1255 812 reformationem
1287 741 1351 804 eius

113 871 116 875 ’
161 857 367 922 necessariam
396 859 626 943 properantibus
657 860 813 941 gressibus
846 858 1048 941 compellimur
1077 853 1229 917 festinare.
1271 850 1352 932 Qua-

159 972 286 1048 propter
313 967 368 1029 tibi
396 988 449 1049 per
476 968 640 1050 apostolica
667 969 780 1051 scripta
807 969 979 1031 mandamus
1010 971 1041 1028 et
1067 965 1097 1026 in
1119 964 1226 1025 virtute
1248 968 1351 1024 sancte

163 1073 336 1138 obedientie
365 1076 500 1141 districte
523 1079 720 1160 precipimus,
749 1084 894 1161 quatenus
910 1077 1005 1160 primo
1027 1072 1174 1155 incipiens
1197 1091 1213 1133 a
1235 1076 1264 1132 te
1287 1069 1351 1150 ipso

160 1190 315 1265 torporem
329 1185 444 1248 desidie
464 1191 494 1248 et
505 1186 687 1267 negligentia
701 1188 851 1269 deponere
858 1187 897 1272 a)
912 1185 1003 1248 armis
1017 1180 1217 1266 spiritualibus
1229 1178 1352 1241 viriliter

160 1288 297 1355 induaris
325 1300 354 1356 et
382 1294 421 1355 ad
447 1294 613 1374 predictum
634 1295 847 1358 monasterium
868 1292 1065 1376 personaliter
1087 1289 1235 1380 accedens
1263 1307 1354 1370 super

161 1406 227 1464 toto
246 1407 325 1465 statu
340 1401 434 1484 ipsius
452 1407 512 1465 tarn
533 1403 564 1465 in
587 1404 685 1486 capite
709 1424 796 1487 quam
811 1404 843 1465 in
864 1401 1006 1465 memhris
1034 1398 1164 1484 inquiras
1182 1395 1220 1482 b)
1236 1395 1353 1478 plenam

159 1517 194 1591 et
209 1510 358 1592 integram
373 1510 547 1583 veritatem,
571 1512 726 1592 corrigens
750 1511 927 1574 auctoritate
950 1514 1052 1572 nostra
1074 1505 1209 1591 quitquid
1230 1525 1307 1586 pena
1324 1507 1354 1566 et

162 1618 354 1681 correctione
384 1618 505 1700 dignum
532 1627 583 1683 tua
611 1620 720 1684 caritas
748 1620 895 1683 invenerit
911 1620 942 1683 in
964 1618 1088 1689 eodem,
1115 1614 1353 1677 contradictores

161 1725 314 1808 quoslibet
336 1730 366 1789 et
387 1725 515 1789 rebelles
539 1728 716 1791 auctoritate
740 1727 828 1790 simili
850 1749 904 1818 per
931 1746 1090 1790 censuram
1117 1722 1354 1785 ecclesiasticam

160 1826 384 1918 conpescendo.
431 1836 572 1919 Quitquid
603 1858 674 1901 vcro
705 1837 829 1902 firmitas
857 1843 907 1900 tua
935 1835 1090 1899 commode
1117 1833 1269 1923 corrigere
1296 1852 1355 1895 non

160 1943 289 2014 valebit,
312 1943 370 2007 hoc
391 1949 483 2007 totum
506 1944 544 2008 ad
561 1946 664 2009 sedem
680 1947 875 2029 apostolicam
889 1947 1024 2028 perferas
1046 1943 1167 2025 scriptis
1184 1942 1253 2004 tuis.
1285 1928 1350 2004 Nos

160 2050 1350 2137 eniminhiisomnihusproutoportunumluerit,tibifavorabiliterassistemus.

159 2161 248 2225 Unde
263 2161 396 2223 volumus
413 2167 445 2224 ut
467 2181 643 2246 quecunque
659 2183 714 2247 per
729 2170 759 2227 te
772 2169 859 2246 gesta
876 2162 986 2225 luerint
1002 2162 1033 2223 in
1051 2161 1156 2225 eadem
1171 2158 1353 2231 visitatione,

160 2270 200 2333 ad
216 2291 272 2332 nos
288 2270 319 2333 in
334 2269 429 2333 literis
445 2270 504 2332 tuis
519 2290 574 2353 per
590 2273 730 2334 nuncium
744 2272 877 2354 plenius,
896 2278 928 2334 ut
942 2256 1146 2354 prediximus,
1163 2267 1353 2338 refferantur.

160 2381 221 2444 boc
239 2380 408 2451 observato,
425 2379 502 2442 utin
519 2388 668 2445 conventu
685 2382 800 2444 duobus
816 2382 1019 2446 tautummodo
1037 2385 1099 2445 stes
1116 2377 1233 2441 diebus.

518 2548 672 2611 l'ractatus
689 2548 725 2610 dc
741 2547 998 2628 inquisitionibus.

468 2732 470 2735 Ι
610 2731 615 2739 ¹
663 2663 853 2707 histinctioXl'.

250 2761 406 2844 Inquisitio
424 2760 534 2824 dicitur
549 2760 586 2823 ab
604 2740 810 2849 inquirendo,
834 2761 945 2824 debent
968 2761 1046 2822 enim
1067 2760 1239 2827 visitatores
1255 2758 1354 2841 inqui-

157 2891 225 2933 rere
242 2870 402 2933 reritatem
417 2870 499 2933 facti,
529 2867 583 2934 nst
598 2876 698 2933 autem
713 2871 883 2953 inquisitio:
901 2870 970 2933 data
987 2891 1004 2932 a
1021 2870 1175 2952 superiore
1192 2869 1353 2932 auctoritas
1363 2891 1440 2929 ruci
1450 2905 1469 2930 ..

160 2979 330 3061 inquirendi
345 2979 382 3041 de
395 2979 493 3061 aliquo
506 2978 605 3041 iudice
617 2980 665 3041 vel
677 2980 791 3061 prelato
803 2999 859 3061 per
872 2994 959 3061 quem
975 2979 1059 3042 locus
1070 2975 1107 3060 ο]
1122 2977 1228 3061 aliquis
1246 2983 1292 3040 est
1308 2969 1355 3039 in-

159 3088 300 3158 famatus,
318 3088 455 3170 quoniam
472 3107 563 3150 causa
578 3088 778 3171 inquisitionis
801 3094 848 3150 est
869 3086 998 3149 inlamia.
1031 3087 1112 3148 blodi
1134 3091 1233 3148 autem
1254 3086 1355 3168 inqui-

160 3195 247 3259 rendi
276 3196 350 3258 varii
378 3201 447 3258 sunt
474 3196 638 3258 secundum
666 3197 838 3279 qualitatem
866 3196 1007 3258 criminis.
1048 3195 1191 3258 Similiter
1219 3199 1250 3257 et
1275 3178 1376 3277 pene*

162 3305 245 3369 varie
277 3309 362 3376 suut,
393 3304 570 3386 dequibus
602 3305 694 3367 nichil
725 3306 763 3367 ad
793 3325 919 3386 presens
952 3305 1078 3367 dicetur.
1116 3304 1223 3366 Modus
1255 3308 1354 3366 autem
1388 3344 1394 3354 ‹

163 3413 317 3478 scribendi
344 3413 552 3496 inquisitiones
579 3413 647 3477 talis
671 3420 733 3476 est:
758 3413 873 3477 Scribit
892 3433 985 3495 papa,
1019 3411 1282 3494 archiepiscopus,
1305 3413 1353 3476 rel
1434 3452 1436 3457 ·
1463 3430 1466 3437 ¹

162 3525 322 3608 episcopus
351 3521 412 3593 eis,
441 3521 548 3604 quibus
576 3522 767 3585 committitur
798 3522 966 3605 inquisitio,
993 3522 1096 3584 ordine
1112 3521 1154 3603 d)
1169 3520 1354 3584 salutationis

162 3638 306 3696 consueto
313 3650 323 3702 ;
352 3631 460 3693 deinde
488 3630 622 3713 sequitur
637 3632 839 3713 prohemium,
862 3633 946 3694 cuius
969 3632 1026 3694 erit
1047 3631 1171 3694 materia
1194 3631 1352 3694 detestatio

163 3740 308 3811 criminis,
323 3739 431 3802 horror
444 3739 602 3820 peccandi,
620 3741 689 3824 quia
705 3741 863 3803 humanum
880 3745 928 3802 est
941 3761 1081 3822 peccare,
1098 3741 1153 3802 sed
1166 3740 1353 3822 dyabolicum

165 3868 373 3931 perseverare.
406 3848 479 3910 ltem
499 3847 646 3929 probemii
668 3849 793 3912 materia
813 3857 914 3931 potest
936 3849 1071 3914 essede
1092 3849 1188 3913 hostis
1210 3850 1353 3923 versutia,

163 3960 230 4039 quia
246 3956 389 4019 videlicet
405 3956 558 4037 egreditur
574 3977 592 4019 a
607 3957 685 4020 faeie
701 3959 820 4021 Domini
842 3959 963 4030 sathan,
981 3959 1070 4024 mittit
1086 3960 1124 4023 ad
1139 3960 1228 4023 sortia
1249 3964 1352 4025 manus

162 4087 231 4130 suas
249 4066 286 4153 ¹).
304 4064 420 4127 Deinde
442 4066 576 4147 sequitur
591 4067 732 4138 narratio,
762 4067 793 4128 in
812 4087 869 4150 qua
887 4068 986 4131 lucide
1018 4075 1154 4133 narratur
1184 4091 1293 4134 nomeu
1324 4077 1354 4136 et

162 4175 293 4257 dignitas
321 4193 465 4255 persone,
496 4174 558 4236 sive
588 4177 628 4238 sit
656 4175 777 4266 inlamia
805 4176 836 4238 in
866 4178 963 4259 capite
992 4179 1040 4241 vel
1062 4180 1094 4243 in
1121 4180 1279 4253 membris3
1316 4182 1353 4245 de

63 4370 66 4375 y
162 4282 257 4372 modo*
273 4287 374 4346 autem
398 4288 428 4345 et
449 4302 528 4364 pena
550 4283 719 4368 inquirendi
737 4286 775 4373 e)
799 4286 993 4370 relinquimus
1017 4288 1141 4353 arbitrio
1157 4292 1350 4355 mandatoris.

251 4412 286 4481 a)
300 4411 460 4480 deponendo
472 4427 505 4467 au
520 4413 603 4469 lesan.
619 4441 651 4452 -
666 4414 697 4482 b)
712 4414 832 4485 requiras
845 4415 875 4472 V.
893 4450 921 4460 -
938 4417 971 4486 c)
984 4419 1072 4472 locum
1085 4420 1114 4474 Υ.
1132 4450 1161 4460 -
1183 4419 1219 4489 d)
1233 4421 1353 4476 ordinem

163 4502 191 4558 V.
206 4532 239 4541 -
254 4503 285 4571 e)
300 4502 450 4570 requirendi
465 4501 492 4555 V.

238 4590 245 4621 l

169 4624 490 4637 m

196 4687 218 4745 ¹)
231 4685 275 4732 loh
287 4686 312 4738 2,
328 4697 349 4733 τ-
