3209 5392
1309 523 1331 594 3
1406 558 1408 562 ,

136 688 251 778 patebit
265 696 488 764 *Sciendum
499 694 584 780 quod
601 701 730 780 quatuor
742 694 893 771 decausis
909 697 1065 779 proprium
1078 716 1188 763 nomen
1202 717 1334 780 persone

137 805 304 887 recipientis
330 805 371 892 a)
387 806 419 868 in
440 805 622 887 salutatione
637 810 773 869 tacetur:
791 792 920 887 primurn
937 826 973 869 ex
989 825 1025 869 eo
1043 825 1111 869 cum
1127 826 1188 870 non
1203 826 1340 888 persone

136 913 191 976 sed
202 914 340 995 dignitati
357 912 501 978 scribitur
520 916 566 1000 ¹),
584 914 718 979 secundo
735 913 855 997 quando
873 933 982 976 nomen
996 915 1152 996 proprium
1165 916 1340 997 ignoratam,

134 1021 221 1085 torcio
238 1023 497 1111 quandodnabus
513 1023 670 1113 equalibus
688 1023 848 1095 scribitur,
871 1044 927 1096 ne,
956 1023 982 1085 si
999 1044 1076 1087 unus
1093 1024 1177 1106 prius
1193 1031 1342 1106 ponatur,

136 1132 214 1195 alteri
240 1131 293 1196 liat
316 1133 445 1205 iniuria,
480 1138 515 1197 et
539 1138 612 1196 tunc
641 1132 771 1214 dignitas
799 1132 848 1196 rel
876 1131 1008 1196 officium
1036 1132 1157 1215 supplet
1183 1134 1339 1199 delectum

137 1242 276 1314 nominis,
300 1250 415 1330 quarto
443 1247 569 1324 propter
590 1241 775 1304 collisionem
796 1241 966 1313 vitandam,
995 1247 1027 1305 ut
1049 1242 1168 1325 quando
1192 1241 1335 1305 scribitur
1344 1254 1436 1296 roras·

136 1350 361 1434 congregationi
388 1350 435 1412 vel
463 1349 654 1417 multitudini.
698 1350 744 1412 De
771 1349 830 1413 hiis
859 1349 996 1414 omnibus
1027 1350 1156 1434 experiri
1187 1356 1274 1433 potes
1306 1351 1337 1415 in

135 1460 232 1541 formis
248 1460 470 1543 salutationum.
883 1517 888 1524 .

218 1570 367 1649 Salutatio
384 1589 456 1633 vero
470 1567 700 1635 ‚dirersilicatur
721 1569 888 1633 secundum
911 1569 1116 1633 diversitatem
1132 1568 1172 1655 b)
1188 1587 1335 1652 persona-

133 1698 210 1750 rum,
236 1697 296 1761 que
319 1678 437 1758 triplex·
451 1683 517 1741 est:
541 1679 666 1751 maior,
684 1679 791 1745 medie
814 1684 845 1741 et
865 1679 971 1743 missar
993 1684 1024 1741 et
1048 1679 1106 1742 boc
1129 1679 1237 1741 tamin
1254 1677 1335 1740 clero

137 1805 220 1869 qnam
249 1764 334 1853 ebba
362 1789 485 1850 clerum.
518 1787 661 1868 Maiores
685 1809 826 1874 persone
852 1788 887 1852 irs
915 1791 1001 1855 clero
1031 1792 1117 1851 sunt:
1142 1787 1337 1870 apostolicus,

133 1896 319 1978 patriarche,
350 1897 513 1979 primates,
546 1896 733 1979 cardinales,
762 1896 1002 1979 archiepiscopi,
1031 1895 1184 1979 episcopi,
1216 1895 1337 1977 regales

134 2005 274 2078 abbates;
304 2007 409 2072 medie
419 2027 562 2093 percerte
584 2007 618 2085 ira
641 2008 744 2077 clero,
773 2011 807 2069 ut
831 2004 958 2069 abbates
982 2006 1152 2087 simplices,
1179 2003 1336 2087 prepositi,
1419 2052 1421 2055 .

133 2115 247 2196 priores
264 2099 295 2178 et
312 2135 415 2196 omnes
432 2114 536 2177 clerici
551 2113 699 2178 habentes
714 2114 895 2196 dignitatem
911 2115 1016 2180 minor
1028 2136 1172 2202 persona
1188 2114 1223 2178 irs
1240 2115 1337 2183 clero,

134 2228 165 2291 ut
186 2223 340 2304 simplices
363 2223 498 2305 plebani,
527 2225 703 2289 sacerdotes
719 2225 946 2308 qualescunque
963 2230 994 2289 et
1010 2223 1173 2288 scolastici.
1197 2223 1338 2289 Maiores

160 2402 163 2409 ¹
225 2388 262 2457 a)
278 2398 350 2457 pers.
372 2400 428 2441 rec.
442 2387 512 2441 fehlt
523 2387 553 2442 V.
571 2384 600 2427 '-
613 2386 647 2458 b)
666 2386 850 2443 dwarsitatum
863 2386 893 2441 V.

139 2538 462 2551 -υ--υ--α-

155 2640 179 2701 ι)
196 2643 245 2687 Van
258 2640 310 2687 bier
321 2655 351 2685 an
362 2642 403 2687 bat
415 2643 431 2686 Z
443 2642 556 2702 folgende
568 2641 736 2686 ubweicbsnds
748 2645 868 2701 rassuug:
887 2641 992 2686 secundo
1004 2642 1096 2698 quando
1114 2652 1199 2685 nomeu
1215 2640 1338 2698 proprium

199 2723 324 2782 ignoratur
336 2724 360 2768 st
371 2706 428 2768 tnnc
441 2709 486 2781 pro
498 2723 550 2781 ipso
562 2724 663 2781 proprio
676 2723 770 2768 nornine
787 2724 834 2768 duo
853 2725 939 2780 puncta
956 2723 1012 2780 poni
1029 2723 1128 2777 debent,
1149 2721 1227 2768 tercio
1242 2723 1337 2770 tacetur

201 2808 303 2863 propter
313 2805 477 2861 confusionem
494 2805 625 2860 vitandam,
644 2807 671 2850 ut
688 2808 780 2863 quando
797 2805 978 2866 congregationi
997 2804 1068 2850 alicui
1080 2804 1193 2850 scribitur
1204 2805 1255 2851 sisa
1268 2806 1338 2852 alteri

203 2887 360 2942 multitudini,
382 2887 412 2933 de
433 2888 517 2946 quibus
536 2888 638 2948 singulis
658 2899 702 2934 suo
722 2889 746 2932 in
766 2888 824 2931 loco
848 2885 911 2931 eirca
935 2886 1024 2932 formas
1045 2888 1211 2932 salutationum
1234 2887 1338 2945 experiri

204 2970 304 3026 poteris.
328 2968 454 3019 Sciendum
473 2971 599 3027 preterca,
619 2971 684 3028 quod
703 2969 773 3015 etiam
789 2967 906 3024 aliquibus
926 2981 955 3012 ex
975 2969 1052 3013 causis
1076 2972 1168 3015 tacetur
1187 2969 1211 3012 in
1233 2970 1337 3027 epistola

201 3051 326 3106 salutatio,
345 3051 440 3097 scilicet
451 3052 543 3108 quando
556 3052 690 3097 scribentes
701 3064 727 3097 se
747 3051 832 3096 nolunt
849 3049 1013 3103 manifestare,
1031 3050 1085 3094 item
1097 3053 1189 3107 quando
1201 3051 1335 3097 scribentes

205 3133 331 3180 formidant
351 3134 461 3181 (lamala
480 3135 559 3192 aliquo
585 3134 715 3193 publicari,
741 3133 796 3178 item
817 3132 909 3190 quando
930 3134 1030 3193 mor-tem
1050 3130 1150 3188 alicujus
1170 3132 1277 3178 scribunt
1297 3135 1338 3178 aut

203 3215 302 3261 similem
320 3216 413 3272 turpem
431 3229 525 3260 causam
542 3218 580 3260 vol
596 3229 682 3262 casum.
707 3218 764 3262 llam
782 3217 877 3260 tacetur
893 3213 916 3258 in
929 3214 1006 3259 literis
1023 3214 1172 3268 conductus,
1193 3228 1238 3273 que
1258 3216 1338 3261 solent

204 3297 253 3341 dari
266 3296 400 3344 viatoribus
416 3311 460 3354 pro
477 3297 641 3344 assecuratione
659 3311 814 3355 personarum
833 3299 861 3342 et
874 3309 966 3341 suasam
978 3308 1056 3340 rerum
1064 3326 1073 3349 ,
1092 3309 1149 3353 quas
1162 3297 1263 3352 ducunt;
1280 3311 1338 3356 quas

202 3377 315 3423 videlicet
327 3376 410 3425 literas
425 3380 539 3438 precipue
550 3379 670 3438 principes
682 3391 728 3437 por
736 3377 852 3424 terminos
865 3378 1016 3422 districtuum
1028 3390 1123 3423 suorum
1135 3380 1192 3424 dare
1204 3381 1283 3425 solent
1299 3382 1338 3426 rel

203 3461 272 3506 etiam
285 3462 325 3507 alli
336 3462 455 3507 interdum
473 3463 601 3520 potentes,
618 3475 715 3521 quarum
734 3461 805 3507 etiam
822 3461 898 3505 forme
910 3473 953 3505 suo
966 3460 987 3503 iu
999 3461 1053 3506 loco
1066 3463 1157 3518 patent.
1169 3486 1200 3495 -
1212 3462 1337 3508 Sciendum

203 3544 272 3588 etiam
284 3544 349 3601 quod
361 3543 381 3588 si
393 3546 497 3602 perpuri
513 3545 619 3600 scribat,
636 3557 739 3602 persona
756 3554 850 3600 semper
868 3542 1009 3600 recipientis
1025 3545 1125 3602 proponi
1141 3543 1227 3598 debet,
1246 3544 1266 3588 si
1278 3558 1338 3590 vero

201 3624 280 3679 maior
292 3626 376 3670 minori
394 3639 434 3671 seu
453 3627 530 3672 minor
547 3627 637 3673 scribat
648 3626 744 3679 maiori,
760 3624 836 3669 maior
846 3637 942 3680 semper
952 3637 1055 3682 persona
1066 3625 1179 3684 preponi,
1198 3628 1223 3672 ct
1233 3629 1280 3672 boc
1292 3629 1338 3672 tam

205 3706 228 3751 in
241 3706 328 3752 ordino
340 3708 515 3762 ecclesiastico,
528 3722 594 3766 quam
608 3709 677 3754 etiam
689 3706 800 3760 seculari,
814 3708 915 3762 excepto
932 3706 1024 3763 quaudo
1041 3708 1159 3755 manifesti
1175 3711 1263 3755 inimici
1275 3714 1337 3764 sunt,

202 3790 260 3835 tunc
270 3801 374 3848 persona·
385 3789 503 3836 mittentis
514 3802 540 3835 aa
552 3802 648 3849 semper
658 3789 781 3847 proponit.
792 3780 861 3833 Solet
879 3789 957 3834 tamen
969 3789 1086 3834 interdum
1099 3791 1175 3835 maior
1189 3792 1302 3837 minorem
1315 3794 1338 3838 in

201 3871 344 3917 salutatione
363 3883 497 3928 preponere
509 3873 591 3918 ethoc
609 3884 677 3917 causa
695 3870 861 3924 humanitatis,
880 3872 907 3915 ut
924 3870 944 3915 si
959 3871 1059 3928 simplex
1074 3873 1193 3929 prelatus,
1213 3874 1284 3920 abbas
1301 3876 1340 3920 rel

204 3953 342 4010 propositus
359 3953 430 3999 alicui
452 3954 536 4000 minori
554 3955 584 3999 de
601 3955 682 4008 clero,
705 3953 788 4010 utpote
806 3952 906 4010 plebano
923 3953 1024 4010 simplici
1041 3955 1078 3998 rel
1090 3954 1160 4000 alteri
1170 3954 1240 4000 simili
1250 3958 1296 4001 tam
1309 3957 1339 4002 ds

203 4035 313 4090 clericis,
330 4049 398 4094 quarn
416 4036 445 4081 de
461 4035 530 4082 laicis
547 4035 651 4091 scribat,
670 4037 738 4090 tales,
753 4037 780 4080 ut
795 4035 906 4082 diximus.
925 4038 1065 4093 quaudoque
1081 4040 1217 4093 preponuut
1233 4039 1256 4083 in
1273 4039 1339 4084 salu-

201 4115 299 4162 tatione.
600 4118 602 4121 “

233 4198 359 4244 Promissis
371 4198 459 4256 itaque,
472 4198 534 4253 sicut
546 4212 575 4244 ex
586 4199 769 4256 precedentibus
782 4200 863 4255 patet,
876 4198 993 4256 aliquibus
1006 4201 1159 4256 generalibus
1170 4202 1274 4261 regulis,
1294 4217 1339 4262 que

201 4280 264 4326 circa
276 4280 441 4326 salutationem
459 4283 597 4327 necessario
610 4282 778 4342 cognoscenda
795 4282 821 4327 et
838 4282 986 4328 observando
1002 4284 1071 4336 sunt,
1090 4297 1151 4330 nunc
1167 4285 1341 4343 subsequenter

199 4361 318 4419 speciales
335 4362 387 4407 sire
405 4361 429 4407 in
449 4364 530 4421 specie
551 4362 654 4408 formale
676 4364 860 4417 salutationum,
881 4363 1074 4421 quemadmodum
1094 4366 1148 4411 illas
1171 4368 1340 4424 exemplariter

201 4447 414 4502 prosecuturam,
426 4445 465 4491 bic
482 4447 648 4502 competenter
659 4445 774 4491 baberent
787 4446 872 4490 inferri
885 4447 910 4490 ct
922 4457 1053 4504 congruum
1066 4449 1183 4495 lsnbcrent
1193 4451 1280 4496 locum.
1292 4451 1339 4497 Sed

195 4539 240 4586 ego
260 4528 315 4572 illas
331 4528 356 4578 in
374 4529 517 4586 quaternulo
534 4527 685 4585 conscriptas
702 4527 727 4572 in
744 4524 791 4572 bne
807 4526 883 4572 totius
905 4539 992 4574 summe
1015 4530 1097 4575 censui
1114 4531 1257 4577 auertendas
1275 4532 1300 4577 st
1315 4534 1339 4578 in

196 4606 317 4665 principio
333 4609 451 4655 tractatus
468 4609 574 4655 ciusdem
592 4622 686 4657 causam
704 4608 783 4654 lector
800 4608 906 4656 inveniet
922 4622 966 4654 eur
982 4623 1021 4657 eas
1039 4626 1085 4659 non
1097 4612 1135 4658 bic
1147 4614 1187 4658 sed
1199 4615 1280 4672 potius
1292 4615 1340 4661 illic

194 4690 332 4738 locaverim.
357 4715 387 4726 -
406 4691 512 4749 Explicit
531 4691 561 4737 ds
582 4690 656 4747 prima
677 4691 746 4747 parta
769 4692 886 4748 epistole,
909 4705 954 4749 que
977 4693 1015 4738 cst
1031 4695 1158 4749 salutatio,
1185 4696 1294 4755 sequitur
1310 4698 1340 4742 de

197 4773 304 4819 exordio.

1078 4856 1123 4916 1.
