3209 5392
147 705 252 769 literas
282 705 451 778 offerimus,
480 707 583 769 vulnus
614 713 750 788 apertum
771 708 971 771 medicamine
996 708 1098 771 debite
1120 707 1336 788 persuasionis

143 812 351 893 aggredimur,
367 820 397 877 et
414 833 480 875 cum
502 813 558 876 tibi
581 834 636 896 per
657 814 886 878 amaritudinem
913 817 1045 877 luctuum
1071 813 1218 877 hactenus
1248 813 1339 876 satis-

146 899 278 991 feceris,
306 939 362 1001 per
389 919 615 1001 deposicionem
647 921 817 1002 lugubrium
845 921 986 985 satisfieri
1003 927 1033 986 et
1053 921 1139 984 nobis
1168 921 1339 1003 gratissime

142 1026 340 1108 postulamus.
374 1028 493 1091 Scimus
521 1028 617 1099 enirn,
645 1029 726 1110 quod
754 1029 889 1111 quamvis
918 1028 992 1090 dura
1018 1029 1215 1111 requirimus,
1239 1033 1340 1090 tamen

143 1132 301 1213 possibilia
313 1132 493 1214 flagitamus.
507 1135 618 1196 Amane
634 1132 727 1215 igitur
738 1134 898 1216 plorabunt
909 1153 1004 1215 usque
1017 1135 1056 1197 ad
1067 1154 1224 1215 vesperam
1236 1134 1341 1197 tlorem
1365 1183 1368 1194 ,

145 1239 266 1303 scilicet
278 1241 437 1305 occiduum
450 1248 520 1304 ante
532 1247 650 1324 tempus
670 1242 786 1314 estatis,
805 1262 945 1305 occasum
958 1242 1030 1305 solis
1043 1248 1112 1306 ante
1128 1241 1294 1314 meridiem,
1311 1247 1342 1304 et

146 1346 245 1409 noctis
269 1349 428 1430 caliginem
451 1355 521 1411 ante
544 1350 623 1411 diem
644 1349 777 1431 plorabis
794 1349 835 1434 u)
858 1355 889 1413 et
910 1370 965 1432 per
982 1369 1172 1431 consequens
1193 1349 1341 1420 iuvenem,

146 1455 278 1518 nondum
302 1457 391 1538 plene
415 1456 571 1538 puberem,
590 1458 673 1538 prius
691 1457 902 1540 intempestive
921 1458 1025 1521 mortis
1045 1456 1341 1526 subiisseiudicium,

147 1581 237 1644 quam
255 1563 420 1627 senectutis
437 1562 581 1626 indicium
604 1565 651 1626 vel
668 1563 707 1648 b)
719 1563 842 1627 inicium
855 1563 1004 1647 attigisse,
1016 1564 1136 1628 turbato
1153 1562 1341 1627 mortalitatis
1350 1579 1395 1619 ror.
1404 1577 1431 1618 ετ
1438 1590 1457 1618 e·

148 1668 271 1739 ordine,
295 1688 353 1751 quo
369 1676 456 1751 pater
472 1690 527 1751 pro
543 1669 619 1741 tilio,
647 1670 738 1733 offers
753 1671 910 1742 lacrimas,
939 1690 1014 1753 quas
1030 1691 1084 1753 pro
1100 1678 1131 1734 te
1146 1669 1224 1734 tilius
1241 1690 1343 1733 reser-

148 1775 239 1837 vabat
256 1774 303 1859 e).
336 1777 399 1839 Nos
417 1777 495 1840 enim
512 1777 543 1839 in
558 1782 618 1839 tam
636 1777 737 1840 subito
754 1777 806 1840 lilii
822 1778 866 1841 tui
883 1798 956 1841 casu
974 1777 1200 1859 compassionis
1216 1783 1342 1860 paterne

148 1883 306 1946 consorcio
323 1905 382 1946 non
398 1904 546 1957 caremus,
562 1885 688 1947 maxime
705 1886 775 1967 quia
792 1885 921 1948 eundem
937 1906 954 1949 a
971 1891 1001 1948 te
1018 1885 1193 1969 naturaliter
1208 1885 1344 1967 genitum

148 1992 257 2075 vixque
274 1992 372 2054 adbuc
389 1993 533 2056 maternis
545 1994 689 2057 uberibus
705 1993 888 2058 ablactatum
901 1993 932 2056 in
944 1993 1021 2058 ulnis
1034 2001 1137 2057 nostre
1150 1993 1344 2057 educacionis

149 2099 334 2182 accepimus,
352 2108 382 2165 et
398 2101 468 2183 quia
484 2101 711 2184 susceptibilem
723 2102 822 2183 ipsum
836 2101 993 2184 discipline
1009 2101 1187 2173 invenimus,
1201 2103 1344 2174 virtutum

148 2207 263 2290 inipso
280 2207 447 2271 rudimenta
465 2209 655 2281 contulimus,
672 2212 822 2291 quatenus
840 2209 898 2271 sibi
915 2207 1107 2291 conspicuus,
1131 2208 1197 2271 aliis
1213 2209 1296 2272 utilis
1313 2212 1344 2271 et

150 2315 238 2379 nobis
256 2317 398 2381 existeret
413 2317 596 2381 fructuosus.
615 2318 702 2381 Nunc
718 2321 819 2380 autem
836 2335 905 2381 cum
922 2317 963 2403 d]
981 2317 1018 2380 dc
1034 2317 1225 2399 plantacione
1241 2320 1346 2380 nostra

151 2422 332 2486 vindemiam
349 2429 609 2505 computaremus,
638 2423 849 2505 generacionis
872 2424 1000 2487 humane
1017 2424 1162 2487 novacula
1177 2426 1238 2486 vite
1254 2422 1346 2485 telam

149 2533 182 2593 in
212 2532 350 2602 homine,
382 2551 470 2614 quam
502 2532 632 2595 nondum
660 2532 749 2614 plene
777 2534 914 2614 perfecte
945 2537 1097 2606 texuerat,
1135 2532 1344 2613 intempestive

153 2638 321 2702 dinoscitur
347 2639 525 2720 precidisse.
559 2640 640 2701 Iuste
667 2637 759 2720 igitur
787 2639 889 2701 dolere
916 2646 946 2702 te
969 2639 1122 2711 novimus,
1151 2660 1187 2701 eo
1213 2638 1293 2721 quod
1315 2639 1347 2701 in

154 2748 228 2816 nati·
238 2746 282 2812 tui
304 2749 411 2811 funere
438 2768 558 2830 pomum
580 2747 641 2812 vite
664 2753 771 2811 natura
789 2747 942 2830 decerpsit
958 2749 1063 2830 spacio
1079 2750 1223 2829 temporis
1241 2749 1347 2811 imma-

152 2863 262 2926 turum.
297 2857 360 2920 Sed
377 2857 526 2920 consolari
549 2862 580 2921 te
596 2858 731 2921 volumus
748 2877 784 2920 eo
801 2857 883 2939 quod
899 2858 970 2920 illud
986 2864 1055 2920 ante
1078 2861 1196 2938 tempus
1213 2856 1347 2920 debitum

153 2963 296 3027 virtutum
320 2964 550 3046 erogacionibus
573 2964 693 3046 aceepit
714 2970 903 3028 maturatum.
935 2964 1016 3029 Iuste
1038 2970 1069 3027 te
1092 2964 1194 3027 dolere
1211 2963 1346 3027 novimus

155 3091 191 3134 eo
208 3071 290 3153 quod
305 3072 459 3134 morientis
476 3070 528 3133 lilii
544 3071 689 3134 clauseris
713 3073 834 3145 oculos,
863 3071 1013 3134 consolari
1035 3075 1066 3133 te
1090 3070 1241 3142 volumus,
1266 3070 1347 3153 quod

154 3200 215 3242 non
241 3180 320 3242 inter
340 3179 446 3242 molles
470 3179 592 3243 delicias
616 3186 647 3243 et
668 3179 784 3242 debiles
808 3198 897 3242 ouras
920 3178 1067 3241 deiecerit
1082 3177 1267 3259 languidus,
1292 3177 1347 3239 sed

153 3288 235 3350 inter
262 3286 482 3369 occupaciones
516 3292 635 3350 nostras
669 3287 793 3350 bellicas
822 3285 970 3350 defecerit
997 3289 1136 3348 strenuus
1177 3290 1210 3348 et
1241 3284 1349 3348 ¹riserit

154 3395 315 3475 gloriosus.
347 3395 410 3456 Nos
426 3392 520 3474 igitur
535 3394 638 3476 gracie
654 3398 758 3457 nostre
775 3394 883 3465 zelum,
901 3411 990 3476 quem
1006 3392 1045 3455 ad
1059 3392 1151 3455 tilium
1175 3392 1348 3456 defunctum

154 3502 366 3584 produximus,
394 3505 476 3563 tanto
498 3501 646 3564 libencius
670 3506 701 3563 et
723 3501 875 3583 copiosius
898 3500 937 3563 ad
957 3507 1074 3583 patrem
1100 3500 1348 3582 propagabimus,

155 3619 267 3695 quanto
281 3617 383 3675 nostre
397 3610 567 3674 serenitatis
579 3610 720 3675 affectum
732 3610 869 3674 eiusdem
885 3609 1057 3672 continuata
1069 3608 1214 3691 obsequia
1226 3607 1348 3686 uberius

154 3727 338 3788 meruerunt.
411 3723 413 3726 ’

247 3920 318 3973 Patr.
333 3916 476 3978 dolini,
492 3915 534 3969 11.
557 3915 728 3971 abwoiohend
752 3916 807 3968 und
829 3913 1025 3969 ausldbrliober
1045 3912 1093 3967 mit
1116 3912 1164 3965 der
1176 3901 1348 3966 Uberscbrift
1438 3904 1443 3916 ’

157 4009 257 4064 Comiti
270 4008 438 4070 Acerrarum,
451 4007 612 4061 consolando
626 4023 685 4061 eum
699 4007 733 4059 de
746 4015 832 4059 morte
846 4004 894 4058 fllii
907 4005 947 4058 sui
961 4004 1082 4059 cadentis
1095 4005 1122 4056 in
1136 4003 1215 4057 bello.

248 4187 282 4255 a)
296 4185 415 4256 plorabis
428 4201 468 4238 am
483 4184 575 4239 Raude
585 4185 615 4239 V.
632 4216 662 4227 -
678 4185 709 4255 b)
723 4184 848 4238 indicium
861 4185 902 4240 rel
915 4201 956 4238 am
967 4182 1061 4237 Raude
1075 4182 1105 4237 V.
1119 4211 1152 4220 -
1168 4181 1199 4248 c)
1220 4181 1255 4234 So
1274 4197 1346 4233 muss

155 4293 214 4331 man
229 4276 298 4330 wohl
313 4277 387 4331 lesen
400 4277 444 4329 fuir
457 4276 512 4328 tilio
525 4275 683 4330 reservabas
697 4274 726 4327 V.
743 4303 771 4314 -
788 4273 824 4340 d)
839 4289 899 4326 cum
913 4290 954 4326 am
967 4271 1058 4326 Raude
1072 4270 1100 4324 V.

189 4812 287 4854 Fontes.
299 4805 367 4850 Abtlr.
380 4808 406 4851 ΙΙ.
419 4806 458 4848 Bd.
471 4805 536 4847 XXV.
