3209 5392
1265 521 1343 592 too

151 702 298 780 quatenus
320 699 351 759 in
374 696 577 759 subvencione
600 715 666 759 mea
690 700 842 759 assuetam
865 696 1104 759 misericordiam
1126 694 1274 777 impleatis
1307 695 1344 757 ad

151 802 384 869 honorificencie
400 808 502 867 nostre
519 804 669 866 cumulum
687 786 717 865 et
734 809 942 884 augmentum.

741 1080 763 1136 t.

672 1239 692 1300 l
707 1240 823 1302 maiori.

243 1398 408 1462 Karitativo
432 1398 494 1459 viro
518 1402 547 1458 et
570 1395 706 1477 diligenti
728 1397 878 1481 proximos
901 1405 934 1461 ut
951 1400 1083 1481 seipsum
1101 1399 1134 1464 0.
1154 1406 1213 1462 etc.
1233 1400 1267 1462 H.
1286 1403 1344 1461 etc.
1357 1409 1463 1472 mm,

154 1506 280 1569 salutem
296 1504 497 1568 venerabilem
514 1508 544 1566 et
560 1506 791 1568 veneracionem
809 1506 969 1570 salubrem.

245 1614 279 1679 Si
302 1612 467 1676 secundum
489 1614 696 1693 evangelicum
718 1620 896 1697 preceptum
917 1616 1058 1678 inimicus
1088 1616 1225 1679 esuriens
1258 1615 1347 1677 fami-

153 1723 267 1786 liariter
283 1726 329 1784 cst
346 1720 501 1789 cibandus,
516 1727 626 1804 quanto
643 1722 818 1793 familiarius
835 1722 956 1786 cibandi
973 1729 1042 1786 sunt
1059 1723 1235 1807 pauperculi
1251 1742 1347 1805 nepo-

154 1837 201 1895 tes
224 1838 254 1894 et
276 1830 444 1900 domestici,
466 1831 637 1895 veneranda
664 1835 842 1913 paupertate
871 1831 1032 1895 scolastica
1059 1831 1250 1894 laborantes!
1281 1831 1346 1911 Ego

154 1945 253 2003 autem
270 1944 371 2003 vester
387 1943 417 2000 et
434 1944 600 2001 vestrorum
617 1939 800 2001 domesticus
818 1940 847 2002 iu
865 1959 963 2019 agone
987 1940 1148 2001 scolastico
1171 1939 1279 2002 multos
1302 1940 1347 2001 la-

155 2048 260 2118 bores,
282 2046 391 2111 multas
413 2046 567 2118 miserias,
591 2048 758 2111 debitorum
782 2047 917 2110 sarcinas
942 2048 1109 2111 diutissime
1133 2046 1349 2111 miserabiliter

154 2157 290 2220 sustinui.
317 2155 484 2238 llapropter
500 2162 631 2220 vestram
648 2155 771 2237 imploro
794 2155 1042 2226 benivolenciam,
1066 2159 1215 2238 quatenus
1239 2156 1347 2229 michi,

156 2265 263 2328 devoto
278 2268 309 2325 et
325 2263 490 2325 domestico
507 2265 617 2326 clerico
633 2270 745 2335 vestro,
770 2263 936 2327 domestice
953 2262 1136 2326 succurratis
1154 2264 1191 2326 ad
1208 2265 1348 2326 nominis

156 2372 247 2436 vestri
263 2369 519 2453 magnificenciam
536 2378 567 2436 et
584 2374 710 2436 virtutis.

739 2653 766 2693 u.

674 2794 695 2855 Δ
710 2796 827 2856 minori.

247 2949 432 3043 Memorabili
449 2950 567 3037 domino
585 2957 615 3012 et
631 2953 774 3014 memoria
790 2958 893 3015 eterna
912 2954 1003 3034 digno
1021 2953 1053 3016 C.
1072 2958 1129 3016 etc.
1145 2953 1180 3014 H.
1195 2957 1253 3015 etc.
1269 2952 1350 3013 salu·

156 3064 216 3121 tem
233 3064 263 3120 et
279 3058 419 3122 allectum
435 3058 637 3140 prosequendi
654 3079 708 3121 sua
725 3060 840 3122 monita
858 3067 888 3123 et
905 3061 1055 3123 mandata.

248 3166 373 3250 Quando
390 3167 512 3249 laycalis
529 3168 640 3229 caritas
658 3167 695 3229 de
711 3188 852 3231 manuum
869 3169 972 3231 labore
990 3188 1111 3232 suarum
1135 3169 1233 3251 pascit
1256 3184 1350 3248 nepo-

156 3276 235 3337 tulos
252 3295 323 3338 suos
339 3275 519 3357 indigentes,
537 3275 683 3359 quomodo
701 3296 759 3338 non
776 3275 874 3360 pascit
886 3277 1086 3360 pauperculos
1100 3279 1239 3357 nepotes,
1259 3275 1351 3336 mise-

157 3382 292 3446 rabiliter
307 3383 477 3464 indigentes
494 3384 525 3446 in
541 3383 649 3455 studio,
667 3385 915 3448 clericalisimmo
929 3385 1087 3468 pastoralis
1103 3383 1281 3455 eminencia,
1302 3382 1350 3445 cui

159 3491 260 3554 datum
273 3496 320 3554 est
332 3511 457 3554 noscere
470 3493 666 3555 ministerium
678 3496 763 3575 regni
776 3495 852 3557 Dei?
869 3496 949 3559 Sane
962 3491 1164 3556 verecundum
1176 3496 1223 3553 est
1238 3490 1350 3559 dicere,

159 3605 232 3681 quot
255 3605 285 3661 et
307 3601 426 3683 quantis
449 3601 597 3681 angustiis
621 3621 695 3682 ego,
716 3604 919 3685 pauperculus
942 3620 1035 3683 nepos
1060 3603 1176 3669 vester,
1193 3599 1224 3660 iu
1239 3597 1351 3660 Parisi-

158 3707 223 3770 ensi
241 3707 340 3770 studio
357 3709 547 3788 angustiatus
564 3729 629 3771 sum
647 3717 677 3772 et
693 3711 866 3794 depressus.
897 3711 962 3791 Qua
980 3709 1017 3772 de
1034 3727 1126 3771 causa
1141 3706 1350 3768 liberalitatem

158 3822 290 3879 uestram
314 3816 421 3891 devote
443 3819 581 3901 requiro,
605 3826 752 3900 quatenus
773 3819 902 3901 egestati
921 3838 987 3880 mee
1004 3815 1168 3880 consulatis
1185 3813 1352 3877 liberaliter

160 3931 190 3989 et
203 3925 341 3997 libenter,
360 3931 393 3990 ut
406 3931 547 4011 quantum
560 3934 655 3990 status
668 3936 768 3991 uester
781 3933 890 3990 statum
902 3927 1038 3989 laicalem
1051 3922 1217 3993 antecedit,
1234 3924 1352 3983 tantum

162 4055 253 4119 opera
270 4035 411 4120 operibus
429 4035 619 4099 antecedant.

741 4276 775 4317 m.

694 4435 830 4497 lslmlll.
915 4449 917 4455 ’

253 4595 404 4658 Exorabili
427 4595 546 4657 domino
569 4580 600 4655 et
621 4613 771 4674 nunquam
796 4613 904 4675 preces
927 4610 1038 4655 vacuas
1061 4589 1225 4655 remittenti
1242 4588 1275 4652 C.
1293 4592 1350 4653 etc.

162 4704 197 4767 ll.
217 4707 274 4768 etc.
293 4704 420 4766 salutem
436 4709 466 4765 et
482 4703 644 4767 salutarem
662 4703 845 4769 servitutem.
