3209 5392
301 535 376 608 178

296 724 428 807 undique
457 728 562 786 contra
578 722 674 784 Deum
702 725 732 782 et
760 719 964 782 obtrectantes
994 717 1083 781 dente
1111 718 1217 783 rabido
1234 719 1379 784 Christum
1403 720 1464 794 eius,

296 834 381 896 vides
403 832 497 895 malos
515 830 680 912 operarios,
697 827 854 890 molientes
881 826 999 888 vineam
1021 826 1141 889 Domini
1173 828 1317 891 demolire
1337 829 1384 912 o),
1397 830 1466 892 rides

295 940 516 1011 concisionem,
556 955 615 1021 qua
643 936 776 1018 inpudici
802 934 916 997 laniant
957 934 1166 997 inconsutilem
1188 937 1308 999 Domini
1344 937 1465 1008 tunicam,

296 1053 467 1114 contextam
476 1045 613 1110 manibus
621 1064 731 1126 sponse
739 1041 860 1107 Christi.
871 1081 916 1093 -
924 1041 957 1106 si
965 1061 1039 1123 ergo
1052 1063 1089 1104 er
1099 1044 1159 1105 alto
1166 1045 1249 1107 misit
1256 1045 1467 1128 omnipoteml)

298 1177 353 1221 sue
386 1154 516 1219 ecclesie
549 1153 587 1216 ad
618 1151 742 1215 tutelam
769 1149 900 1212 fidelium
926 1155 958 1212 te
986 1150 1135 1212 suscitans
1163 1151 1359 1225 salvatorem,
1384 1154 1468 1235 impiis

298 1261 511 1329 resistentibus
540 1261 662 1323 dextere
683 1257 802 1321 Domini
829 1258 904 1320 lesu
933 1254 1062 1329 Christi,
1102 1264 1220 1339 ceptam
1249 1260 1389 1323 adversus
1413 1263 1468 1324 illos

185 1356 192 1374 ⁹
294 1372 398 1456 procul
416 1369 505 1433 dnbio
523 1386 730 1431 consummare
743 1364 781 1449 e)
794 1366 950 1426 virtutem:
975 1365 1117 1447 numquid
1136 1366 1336 1439 dissimulare,
1348 1367 1471 1450 numquid

295 1486 400 1543 tacere
416 1477 541 1560 poteris,
560 1476 610 1558 qui
628 1495 660 1536 es
678 1493 711 1536 os
724 1471 866 1536 Domini?
888 1479 919 1535 et
935 1492 995 1534 non
1011 1472 1105 1535 debes
1122 1475 1227 1554 pocius
1244 1480 1350 1537 contra
1371 1476 1470 1556 disper·

295 1608 383 1651 sores
398 1604 454 1667 pro
471 1583 616 1666 gregibus
634 1583 705 1645 dare
726 1600 848 1653 vocem,
877 1586 908 1643 et
930 1581 1059 1643 animam
1082 1601 1249 1662 exponere,
1279 1589 1403 1665 urgente
1418 1585 1471 1646 zelo

295 1693 505 1758 sollicitudinis
521 1690 702 1773 pastoralis?
717 1689 907 1770 Quapropter
922 1687 977 1750 tibi
989 1687 1180 1769 presencium
1193 1696 1299 1754 tenore
1312 1691 1471 1754 mandamns

295 1806 454 1885 qnatenus,
471 1803 654 1880 suggerente
667 1796 722 1860 tibi
733 1798 837 1860 lavore
849 1796 906 1858 Dei
914 1796 966 1881 d),
983 1794 1100 1858 vivifice
1118 1796 1217 1859 crucis
1230 1797 1368 1860 vexillum
1384 1805 1473 1861 contra

294 1909 413 1972 hostem
424 1906 570 1970 ubertatis
578 1906 615 1991 e)
624 1910 653 1968 et
661 1903 809 1968 hatholice
822 1903 891 1966 fidei
904 1905 1031 1985 impetus
1048 1904 1254 1985 explicandum
1271 1926 1415 1978 assumas,
1428 1926 1473 1988 per
1584 1903 1585 1906 ’

293 2015 373 2099 quod
389 2015 420 2077 in
435 2014 559 2078 brachio
575 2012 649 2084 Dei,
672 2012 801 2075 contrito
819 2010 943 2073 brachio
960 2011 1131 2092 peccatoris
1151 2018 1182 2074 et
1203 2013 1346 2094 maligni,
1368 2016 1415 2096 qui
1428 2033 1474 2094 per

292 2123 371 2186 mala
386 2122 536 2205 presentis
552 2121 695 2201 temporis
713 2119 796 2182 ducit
812 2120 843 2181 in
867 2118 1027 2181 interitum
1041 2137 1167 2180 cumeurn
1190 2120 1406 2202 malignorum,
1424 2140 1473 2202 par

291 2229 428 2292 interris
444 2228 550 2290 redeat
563 2231 593 2289 et
605 2226 720 2287 auctori
736 2224 797 2288 vite
810 2225 993 2287 inconeussa
1012 2224 1163 2287 deserviat
1180 2227 1287 2306 religio
1307 2228 1473 2290 christiana.

293 2337 382 2400 Clero
410 2335 504 2415 igitur
531 2339 561 2396 et
587 2334 697 2413 populo
719 2336 770 2394 tue
793 2332 933 2414 dyocesis
957 2332 1056 2395 saltim
1078 2331 1126 2393 bis
1148 2332 1179 2394 in
1201 2352 1306 2395 mense
1332 2335 1370 2397 ad
1390 2335 1476 2397 locum
1584 2405 1585 2428 ἶ

292 2443 444 2525 ydoneum
471 2440 646 2503 convocatis
668 2444 773 2503 contra
795 2440 1001 2511 Fridericum,
1031 2441 1181 2523 quondam
1202 2441 1415 2523 imperatorem
1430 2440 1476 2525 α),
1584 2465 1585 2508 3

294 2553 522 2631 persecutorem
546 2546 688 2615 ecclesie,
711 2547 742 2608 in
767 2548 886 2609 fervore
910 2548 967 2609 zeli
995 2566 1141 2628 procures
1171 2566 1342 2630 proponere
1366 2550 1477 2612 verbum
1584 2561 1585 2644 p

298 2675 409 2719 crucis.

385 2815 542 2885 Erginaung
560 2830 607 2866 aus
626 2815 717 2875 blone,
740 2814 870 2881 hazeiger
888 2814 932 2867 hir
944 2813 1036 2867 llunde
1057 2814 1104 2867 der
1127 2817 1268 2869 teutschen
1282 2816 1391 2872 Vorzeit
1411 2816 1480 2876 1838,
1584 2851 1585 2874 ;

295 2924 323 2976 p.
345 2905 408 2959 352.
430 2904 628 2960 venerabilibus
650 2905 676 2956 in
690 2902 795 2958 Christo
818 2904 944 2955 fratribus
967 2903 1190 2973 archiepiscopis,
1218 2907 1355 2976 episcopis
1369 2914 1418 2961 etc.
1439 2920 1482 2975 per

299 2995 457 3049 Teutonicum
475 2993 626 3046 constitutis
640 3010 660 3045 s.
675 2994 703 3045 et
716 3011 739 3045 a.
754 2995 777 3045 b.
801 2994 971 3060 Demgemass
989 2994 1075 3045 heisst
1087 3010 1115 3046 es
1129 2995 1198 3047 dann
1211 2995 1260 3060 Qui
1278 2997 1422 3065 presidetis
1435 2998 1479 3047 etc.

297 3111 333 3125 -
345 3083 379 3154 α)
392 3086 420 3137 el
433 3082 613 3145 Cuonradum,
632 3089 720 3136 natum
734 3082 805 3145 eius,
823 3088 1007 3151 persecutores
1022 3083 1145 3143 ecclesie,
1163 3101 1195 3136 ac
1218 3102 1309 3138 omncs
1329 3087 1480 3139 adherentes

299 3174 413 3233 eisdem,
436 3173 475 3224 cis
496 3174 522 3226 in
540 3173 645 3226 fervore
664 3173 714 3225 zeli
727 3174 803 3225 curct
816 3172 848 3224 de
866 3172 976 3226 consilio
990 3173 1117 3225 carissimi
1130 3174 1155 3226 in
1170 3173 1230 3228 Chr.
1243 3174 1291 3226 filii
1311 3176 1397 3228 nostri
1416 3173 1479 3243 regis

300 3262 473 3315 Romanorum
486 3260 607 3324 illustris,
621 3278 776 3333 proponere
789 3263 894 3314 verbum
908 3262 1006 3324 crucis,
1022 3279 1035 3314 a
1048 3264 1158 3331 prelatis
1172 3264 1293 3316 omnibus
1307 3266 1482 3332 cuiuscunque

299 3352 360 3404 sunt
373 3350 472 3403 ordinis
485 3354 512 3404 et
525 3351 584 3405 aliie
596 3353 780 3422 parochiarum
793 3351 956 3421 presbyteris
976 3359 1119 3406 vestrarum
1139 3354 1273 3406 civitatum
1286 3358 1314 3407 et
1328 3353 1483 3425 dyocesinm,
1584 3375 1585 3388 u

302 3454 370 3509 qnos
383 3439 419 3494 nd
433 3441 483 3494 hoc
493 3439 611 3512 ydoneos
624 3457 682 3494 esse
696 3442 830 3503 noveritis,
842 3439 955 3511 proponi
969 3442 1139 3509 frequencius
1152 3441 1267 3495 faciatis.

854 3645 918 3714 41.

704 3820 783 3900 lopo
798 3820 997 3883 Romanorum
1013 3824 1086 3901 regi.

660 3958 739 4011 latr.
758 3960 832 4013 Ende
852 3961 1007 4015 December.
1022 3962 1144 4032 Neapoli.

306 4088 455 4142 Alexander
467 4087 512 4139 IV.
532 4085 600 4155 zer'gt
618 4086 677 4139 dem
695 4084 844 4139 semicolon
864 4087 966 4156 Kdniqe
989 4086 1110 4142 Wilhelm
1127 4089 1179 4142 den
1196 4091 1252 4143 Tod
1268 4091 1358 4144 erineo
1380 4094 1488 4161 Vorpdn-

517 4192 589 4246 gera,
602 4176 729 4228 Innocenz
742 4177 799 4235 IV..
814 4176 956 4230 andaciae
973 4176 1214 4249 Throobeateipuop
1229 4197 1273 4232 cn.

393 4301 546 4363 ltathedra
568 4300 772 4382 premineneie
793 4302 954 4382 pastoralis
975 4304 1006 4366 in
1033 4301 1091 4365 hae
1113 4303 1258 4367 militante
1281 4307 1415 4368 ecclesia
1440 4322 1490 4385 per

303 4408 443 4490 plurimos
455 4406 613 4489 pontifices
625 4408 775 4489 frequenti
788 4409 991 4471 successionis
1003 4412 1210 4474 vicissitudine
1227 4413 1371 4484 variatur,
1387 4432 1441 4494 pro
1458 4429 1489 4471 eo

394 4534 428 4600 a)
444 4532 579 4586 demolieri
592 4531 622 4585 V.
632 4532 702 4597 —h)
717 4549 820 4584 manum
834 4550 907 4585 snam
921 4535 1005 4586 Mons.
1020 4566 1049 4572 -
1065 4536 1097 4602 c)
1114 4535 1243 4590 adversus
1259 4536 1300 4588 bis
1312 4548 1491 4590 consummare

304 4638 353 4674 ron
378 4624 491 4674 anderer
515 4621 588 4673 Hand
616 4636 656 4672 am
682 4621 878 4689 llandeoed)
904 4623 967 4676 fidei
994 4642 1042 4677 von
1066 4626 1178 4678 anderer
1200 4626 1273 4679 lland
1292 4627 1492 4680 orduone.-

302 4715 334 4774 ι)
350 4711 470 4765 veritatis
483 4727 515 4762 ru
528 4711 612 4785 lesen.
