3209 5392
250 480 329 552 444

246 653 485 737 perquirentem,
507 654 652 721 dilectum
672 655 764 718 filium
784 655 821 720 N.
838 655 1088 737 penitenciarium
1106 660 1259 724 nostrum,
1283 653 1440 738 pellentem

247 761 388 845 operibus
405 764 585 837 sanctitatis,
608 766 646 830 ad
663 785 717 829 vos
734 763 825 835 misit,
849 763 1089 849 spiritusnsancti
1106 764 1211 845 gracia
1227 763 1439 835 commitatum‚

248 877 281 935 ut
296 871 362 953 ipso
379 871 464 935 vobis
480 892 589 955 panem
606 873 780 955 angelorum
798 871 992 936 laudabiliter
1009 872 1240 953 confringente,
1257 870 1325 935 fidei
1341 874 1440 934 vestre

246 979 360 1062 puritas
376 980 454 1043 illius
471 988 559 1064 pastu
575 982 730 1046 salutifero
746 982 886 1044 aleretur.
912 983 950 1044 Et
968 1000 1022 1044 vos
1040 981 1161 1065 quidem
1177 979 1238 1068 a),
1262 984 1294 1042 ut
1316 979 1442 1042 letantes

247 1087 428 1161 audivimus,
447 1090 615 1173 predictum
631 1092 753 1153 fratrem
770 1089 954 1173 recipientes
971 1091 1003 1151 in
1020 1089 1128 1172 spiritu
1145 1088 1320 1151 reverencie
1336 1085 1443 1157 filialis,

248 1198 392 1263 ditissimi
408 1199 532 1263 verbum
555 1220 591 1263 ex
608 1219 660 1262 ore
677 1219 732 1262 suo
749 1197 867 1262 devotis
885 1197 1037 1262 mentibus
1053 1204 1085 1262 et
1102 1198 1199 1262 avidis
1216 1196 1340 1262 auribus
1359 1195 1444 1260 audi·

248 1305 352 1379 vistis,
369 1307 513 1371 viciorum
529 1308 672 1389 contagia
689 1313 719 1371 ct
736 1326 897 1371 usurarum
914 1306 1092 1391 opprobria,
1111 1306 1224 1391 quibus
1247 1310 1329 1369 terra
1346 1308 1443 1371 vestra

249 1414 337 1487 olim,
359 1412 430 1479 licet
451 1414 536 1478 vobis
559 1415 747 1488 dolentibus,
770 1414 884 1479 exstitit
914 1414 1073 1486 infamata,
1101 1413 1236 1478 totaliter
1258 1414 1443 1477 abdicantes.

248 1523 345 1597 Unde,
359 1546 532 1610 quesumus,
545 1546 693 1589 memores
710 1526 884 1597 existentes,
901 1525 980 1610 quod
993 1525 1091 1589 omnia
1108 1526 1188 1590 sicut
1205 1524 1311 1588 umbra
1328 1531 1445 1607 preter-

250 1639 322 1698 eunt
338 1638 369 1697 et
381 1632 473 1697 nichil
489 1634 520 1696 in
537 1633 649 1697 divitiis
667 1632 816 1697 retinetur
832 1639 935 1718 preter
952 1633 993 1705 id,
1012 1634 1092 1717 quod
1116 1635 1146 1696 in
1170 1634 1300 1697 celestes
1323 1633 1446 1696 thesau-

250 1763 300 1808 ros
317 1764 423 1808 manus
441 1743 589 1808 defferunt
606 1764 789 1827 egenorum,
814 1745 852 1807 de
874 1745 1022 1808 habendis
1046 1744 1152 1807 illicite
1167 1743 1329 1809 fallacibus
1346 1743 1446 1808 mundi

251 1850 368 1914 diviciis
386 1851 493 1914 amodo
511 1851 610 1934 decipi
626 1853 864 1934 contempnetis,
888 1873 947 1916 non
963 1857 1080 1916 vosmet
1096 1851 1179 1935 ipsos
1195 1852 1382 1916 seducentes
1396 1851 1448 1914 ha·
1503 1858 1505 1863 ‘

250 1959 378 2031 nissimi,
402 1961 455 2024 sed
478 1960 583 2043 pocius
607 1960 823 2030 discrecionis,
849 1981 938 2045 quam
963 1961 1107 2024 obtinetis
1125 1981 1142 2024 a
1157 1961 1296 2033 Domino,
1315 1960 1447 2044 gradem

250 2067 412 2131 imitantes.
440 2069 533 2135 Scitis
550 2069 641 2141 enim,
659 2071 738 2154 quod
756 2089 824 2133 cum
842 2069 951 2152 aliquis
968 2091 986 2133 a
1004 2069 1138 2133 vivorum
1157 2068 1284 2152 collegio
1301 2089 1449 2152 segrega-

249 2181 309 2250 tur,
321 2175 431 2241 divicie
443 2178 565 2248 mundo,
578 2196 650 2240 caro
663 2176 817 2242 vermibus
831 2183 862 2241 et
875 2178 972 2241 anima
987 2179 1063 2251 lieo,
1076 2178 1103 2241 si
1116 2177 1322 2260 suffragantur
1333 2178 1448 2246 merita,

250 2285 297 2349 vel
315 2285 440 2349 sathane
457 2284 662 2357 committitur,
676 2286 702 2350 si
719 2286 844 2350 obstant
861 2286 986 2350 crimina
1003 2292 1033 2350 et
1051 2291 1188 2370 peccata.
1215 2286 1291 2369 Quis
1317 2285 1398 2349 enim
1414 2285 1451 2347 de

251 2414 376 2458 numero
391 2395 571 2477 prudentum
588 2394 687 2480 aliquo
703 2395 838 2459 membro
851 2416 906 2480 pro
923 2395 1098 2459 transitoria
1117 2394 1246 2479 pecunia
1263 2394 1400 2458 truncari
1412 2393 1450 2477 b)

251 2507 426 2586 pateretur?
438 2503 512 2586 Quis
526 2524 581 2588 pro
589 2505 677 2568 feodo
684 2503 802 2569 modico
810 2511 840 2568 et
849 2505 887 2568 ad
894 2505 1182 2589 tempusobtinendo
1196 2509 1447 2571 momentaneum,

251 2612 428 2677 hereditatis
446 2621 592 2697 perpetue
611 2614 777 2679 valenciam
798 2614 1040 2698 inexplicabilem
1061 2616 1319 2678 commutaretur?
1345 2612 1450 2676 Nullus

252 2741 336 2795 sane,
350 2723 376 2786 si
383 2722 518 2787 veritatis
526 2723 699 2806 suffragium
708 2722 739 2787 in
748 2723 1081 2808 mediumperducatur.
1101 2714 1449 2807 Quis'igiturhominum,

252 2831 279 2893 si
292 2833 422 2895 racionis
436 2832 567 2896 dominio
581 2853 641 2897 non
654 2839 782 2904 careret,
797 2834 983 2916 prodenario
992 2836 1098 2905 Deum,
1112 2852 1166 2920 pro
1179 2839 1261 2896 terra
1268 2832 1379 2901 celum,
1392 2850 1444 2915 pro

253 2946 347 3004 morte
355 2942 445 3006 vitam
454 2947 484 3006 et
491 2942 589 3007 lucem
597 2962 651 3025 pro
660 2941 794 3006 tenebris
811 2942 997 3027 abnegaret?
1013 2924 1099 3008 Absit
1115 2944 1173 3007 hoc
1190 2964 1208 3006 a
1224 2940 1449 3025 professoribus

253 3047 322 3112 fidei
335 3051 510 3125 christiane,
525 3072 649 3136 quorum
658 3058 705 3116 est
712 3053 772 3117 vita
781 3053 932 3127 Christus,
950 3056 1047 3121 celum
1064 3053 1172 3138 patria,
1188 3058 1220 3116 et
1234 3051 1390 3115 hereditas
1407 3050 1422 3112 f
1436 3084 1450 3096 ·

253 3156 350 3223 licitas
363 3161 554 3244 sempiterna.
576 3163 762 3227 Nonnevana
771 3169 841 3228 sunt
847 3165 908 3227 vite
921 3144 1052 3228 labentis
1066 3163 1250 3233 umbracula,
1261 3182 1352 3247 quam
1365 3160 1449 3223 labo-

253 3290 319 3333 rum
332 3269 481 3335 instancia
494 3274 683 3337 commitatur
696 3278 727 3336 et
740 3294 840 3357 quam,
856 3275 959 3357 provio
979 3272 1149 3338 morborum
1158 3270 1329 3355 dispendio,
1347 3267 1449 3334 mortis

253 3398 357 3444 amare
373 3379 548 3444 discrimina
565 3382 809 3466 subsequentur?
832 3383 858 3447 0
875 3381 970 3466 igitur
985 3384 1077 3454 Deus,
1095 3404 1153 3468 que
1170 3381 1265 3446 maior
1282 3379 1450 3450 demencia,

254 3507 344 3572 quam
362 3493 501 3553 eternum
517 3491 645 3573 perdere
661 3511 715 3572 pro
733 3492 870 3556 caduco?
889 3492 954 3575 Quo
974 3490 1087 3556 cecitas
1101 3491 1286 3564 evidenofor,
1303 3509 1394 3575 quam
1409 3487 1449 3557 id,

255 3596 336 3680 quod
354 3597 476 3661 dubium
493 3604 540 3662 est
556 3599 700 3662 etiam-ad
716 3599 821 3663 horam
838 3600 1023 3671 subsistere,
1041 3599 1136 3683 glorie
1153 3619 1322 3684 preponere
1339 3597 1450 3681 sempi-

253 3709 361 3769 terne?
383 3706 521 3770 Occium
537 3726 587 3770 res
603 3707 756 3782 miranda,
780 3709 861 3793 quod
884 3709 1012 3793 dampna
1031 3709 1131 3773 carnis
1147 3708 1279 3791 fugimus
1296 3712 1328 3771 at
1352 3707 1448 3770 anime

254 3814 391 3897 pericula
409 3835 468 3877 non
480 3814 618 3887 vitamus,
636 3817 715 3900 quod
729 3818 903 3881 morituram
920 3818 1055 3890 colimus,
1074 3820 1218 3881 victuram
1230 3817 1261 3879 in
1274 3821 1448 3901 perpetuum

137 3947 180 3985 vn.
191 3941 245 3984 ror.
256 3942 317 3986 non
333 3942 478 3996 amamus,
496 3925 576 4009 quod
593 3926 737 3988 ferventis
753 3924 857 3989 balnei
874 3927 1005 3989 calorem
1022 3945 1081 3988 non
1107 3925 1279 3998 metuimus,
1296 3929 1327 3987 et
1341 3921 1448 3987 inferni

256 4030 374 4097 urentis
390 4031 530 4096 incendia
547 4053 605 4097 non
618 4034 774 4100 timemus!
792 4035 866 4116 Quis
883 4036 948 4098 iste'
959 4036 1088 4099 sensus?
1106 4034 1171 4117 Que
1189 4033 1360 4098 discrecio?
1376 4030 1448 4115 Quis

255 4141 313 4205 hec
329 4142 455 4206 docuit?
477 4142 550 4224 Quis
573 4144 707 4207 invenit?
728 4143 963 4229 Respondebunt
987 4146 1064 4208 forte
1081 4143 1191 4227 aliqui,
1214 4142 1368 4215 dicentes,
1392 4161 1448 4204 non

256 4256 326 4315 sunt
342 4251 399 4314 ista
416 4272 548 4316 consona
564 4253 701 4325 veritati,
725 4274 761 4318 eo
778 4255 859 4338 quod
875 4253 1091 4318 miseraciones
1109 4252 1228 4318 Domini
1244 4273 1336 4337 super
1352 4249 1447 4315 omnia

258 4379 350 4444 opera
371 4360 434 4423 eius
452 4366 482 4424 et
498 4362 566 4446 quia
582 4362 682 4433 Deus,
705 4369 808 4426 noster
829 4363 984 4436 dominus,
1007 4366 1106 4428 salvos
1127 4362 1275 4436 faciendi,
1299 4381 1359 4426 non
1380 4379 1448 4444 per·

258 4468 349 4532 dendi
368 4470 516 4553 prophete
531 4469 701 4534 testimonio
717 4472 901 4554 predicatur.
926 4473 1081 4557 Qviomodo
1098 4491 1171 4555 ergo
1188 4470 1290 4536 suavis
1306 4470 1447 4559 Dominus

258 4578 411 4643 universis
427 4596 566 4642 manuum
583 4599 704 4644 suarum
721 4600 814 4664 opera
830 4584 1085 4668 condempnaret‘l
1102 4584 1227 4664 ‘Emvrge
1249 4587 1282 4646 tu
1299 4601 1371 4664 ergo
1388 4581 1447 4643 llo·

352 4706 385 4774 a)
402 4704 508 4775 quidam
522 4705 552 4780 V
568 4734 596 4744 -
612 4706 645 4775 b)
658 4708 775 4761 truncari
787 4725 829 4762 am
842 4708 871 4762 ll.
885 4710 914 4764 V.
