3209 5392
1344 417 1420 539 269

225 645 322 706 cionis
336 643 479 726 auspiciis
496 661 563 705 cum
577 641 744 723 tripudiosa
758 641 946 722 iocunditate
957 641 1110 722 regalibus
1123 648 1330 724 representata
1347 663 1420 704 corr-

225 752 392 836 spectibus,
407 753 534 813 animum
548 755 682 813 nostrum
694 756 777 812 tanto
785 747 933 813 uberioris
948 751 1222 835 congaudiipooulo
1235 750 1421 821 fecundavit,

229 868 340 945 quanto
362 858 575 944 probabilioris
599 880 635 921 ex
657 859 715 922 boc
737 859 894 922 evidencie
918 865 1095 940 argumenta
1118 858 1310 940 collegimus,
1340 861 1422 942 quod

222 969 299 1032 illius
316 968 534 1032 indissolubilis
553 968 721 1031 dilectionis
739 968 931 1051 ydemptitas,
946 988 1003 1051 qua
1018 988 1086 1031 curn
1098 969 1179 1031 clare
1192 967 1420 1031 recordacionis

222 1076 260 1139 N.
281 1078 406 1158 egregio
423 1076 486 1138 viro
500 1082 600 1138 vestro
612 1075 640 1161 1)
654 1075 740 1158 quasi
760 1096 813 1139 cor
837 1095 927 1138 unum
944 1083 974 1138 et
990 1075 1087 1138 anima
1104 1094 1161 1138 una
1178 1076 1330 1139 noscimur
1346 1076 1421 1139 exti-

223 1185 298 1248 tisse
316 1183 386 1248 dum
402 1181 528 1255 viveret,
545 1203 601 1245 nec
620 1183 725 1245 eodem
743 1183 911 1246 decedente
928 1203 1116 1267 nequaquam
1134 1185 1264 1246 extincta
1279 1183 1420 1264 deperiit,

225 1294 281 1355 sed
315 1291 346 1354 in
373 1292 459 1354 vobis
477 1293 518 1378 α)
541 1292 765 1375 propagacione
793 1291 936 1354 laudabili
967 1291 1192 1373 predicabiliter
1223 1291 1358 1354 radicata
1391 1298 1421 1355 et

223 1402 378 1464 transfusa
394 1402 531 1463 tenacius
550 1401 730 1483 conquievit.
741 1402 840 1484 Super
857 1421 914 1483 quo
932 1402 1034 1485 utique
1048 1408 1077 1464 et
1090 1421 1181 1483 super
1192 1402 1251 1462 hoc
1264 1401 1419 1484 precipue,

230 1508 310 1591 quod
327 1507 417 1571 liliam
432 1513 561 1570 vestram
578 1508 681 1570 inclito
699 1506 758 1571 filio
775 1514 878 1595 nostro
892 1508 931 1590 ὁ)
945 1509 1052 1590 cupitis
1069 1508 1293 1572 matrimonialis
1309 1507 1419 1570 vinculi

227 1615 330 1678 federe
348 1616 481 1686 couniri,
511 1596 591 1699 qnod
608 1616 726 1678 seilicet
747 1615 778 1677 in
799 1621 925 1699 pectore
947 1622 1049 1678 nostro
1074 1616 1154 1677 auxit
1170 1614 1306 1677 diffusius
1323 1619 1419 1675 mate-

223 1721 301 1783 riam
323 1722 520 1803 gaudiorum,
545 1722 698 1784 dilectioni
720 1726 822 1784 vestre
845 1721 884 1783 ad
907 1726 1009 1802 grates
1034 1721 1200 1783 uberrimas
1228 1720 1418 1788 inclinantes,

225 1829 352 1910 proinde
374 1849 427 1891 vos
450 1835 481 1891 et
501 1833 620 1892 vestros
643 1829 812 1892 invariabili
841 1831 938 1892 animo
963 1849 1083 1911 semper
1110 1828 1295 1909 disponimus
1324 1828 1418 1908 gratis

223 1937 364 2019 amplecti
379 1936 534 1999 favoribus
553 1944 582 1999 ct
599 1937 759 2018 condignis
776 1938 942 2001 bonoribus
960 1938 1112 2020 ampliare.
1136 1938 1247 2001 Verum
1262 1937 1333 1999 licet
1349 1936 1418 1998 latis

221 2043 390 2126 precordiis
416 2043 611 2116 affectemus,
644 2045 726 2127 quod
761 2045 867 2108 domus
903 2052 1003 2107 vestra
1030 2043 1300 2107 matrimonialibus
1332 2043 1418 2106 nobis

223 2154 343 2215 uniatur
365 2153 549 2235 amplexibus
573 2154 737 2216 nativitatis
762 2154 869 2216 floride
897 2154 1023 2235 virgulis
1051 2152 1214 2215 fecundata
1238 2152 1287 2239 c),
1310 2151 1418 2235 quibus

221 2260 433 2343 progenitores
463 2263 596 2324 exultant
624 2262 655 2323 in
682 2261 750 2323 filiis
778 2261 922 2333 liliorum,
953 2263 1024 2343 quia
1051 2268 1153 2324 tamen
1181 2261 1302 2341 negocii
1329 2261 1418 2322 huius
1596 2339 1601 2344 Ι

226 2369 360 2431 arduitas
377 2369 547 2450 principum
562 2373 591 2429 et
603 2368 911 2432 fideliumnostrorum
923 2369 1056 2432 consiliis
1067 2368 1537 2450 indigetsud'uloirimumra,n..

223 2477 337 2541 eisdem
367 2497 459 2558 super
485 2477 656 2539 huiusmodi
684 2477 801 2540 dualem
836 2483 866 2540 et
893 2478 1056 2541 salutarem
1089 2478 1276 2559 disponimus
1303 2475 1418 2539 habere

222 2591 382 2648 tractatum
403 2579 522 2668 ‘quanto
550 2587 748 2649 festinancius
775 2606 954 2667 possumus,
988 2591 1022 2649 ut
1054 2586 1092 2649 ad
1126 2586 1270 2650 honorem
1303 2586 1360 2648 Dei
1388 2588 1418 2647 et

223 2697 382 2759 comodum
415 2697 511 2778 partis
547 2699 703 2781 utriusque
736 2699 837 2762 votiva
876 2699 1031 2762 conclusio
1067 2699 1098 2759 in
1125 2698 1262 2780 predicto
1289 2699 1416 2779 negocio

223 2802 435 2887 subsequatur.

316 2962 476 3033 Vergleicbc
499 2964 566 3017 iiber
589 2965 664 3019 dicse
687 2967 904 3037 Angetegeoheit
926 2966 969 3022 die
991 2971 1071 3022 unten
1090 2967 1150 3021 vu.
1171 2966 1208 3044 d'i
1230 2983 1273 3019 no,
1298 2964 1417 3018 iund8

226 3054 371 3125 folgenden
386 3053 482 3106 Briefe.

794 3275 858 3347 55.

561 3418 758 3479 Romanorum
775 3437 828 3480 rex
844 3418 991 3482 lodlcibus
1009 3420 1081 3481 suis.

222 3539 310 3612 Kdnig
322 3539 428 3611 liudolf
444 3538 550 3608 fordere
567 3538 675 3594 Richter
697 3539 757 3610 crof,
780 3542 935 3594 demandent
956 3539 1119 3612 remancipet
1140 3539 1216 3593 ibren
1228 3539 1416 3595 Ilecbtsscbotz

476 3640 481 3648 ·
723 3648 755 3682 zu
767 3629 918 3701 gerudbren.

316 3737 464 3805 Bodmano,
477 3756 504 3808 p.
519 3735 580 3790 180.

313 3846 390 3926 Quia
403 3846 573 3909 miserande
589 3846 712 3909 miserie
729 3846 944 3910 miserabilium
956 3859 1152 3927 personarum
1168 3847 1285 3909 viscera
1298 3846 1416 3910 miseri-

221 3954 323 4016 cordie
356 3954 500 4017 obserare
534 3956 707 4038 nequimus,
741 3955 772 4016 iu
795 3954 987 4017 amiracionis
1008 3954 1147 4035 spiritum
1168 3954 1301 4036 rapimur
1322 3953 1416 4016 vehe-

221 4066 338 4123 menter
365 4083 400 4123 er
425 4080 482 4130 eo,
510 4061 608 4142 quod,
634 4061 708 4124 licet
736 4062 810 4124 alias
837 4080 893 4143 pro
921 4063 985 4124 viro
1007 4061 1118 4124 dilecto
1141 4061 1227 4123 nobis
1248 4057 1284 4124 N.
1308 4077 1415 4142 preces

221 4168 322 4248 regias
355 4167 553 4231 direxerimus
586 4172 616 4231 et
653 4168 846 4238 mandatum,
885 4175 918 4231 ut
955 4169 1012 4232 sibi
1051 4189 1142 4251 super
1178 4168 1267 4231 illatis
1298 4168 1415 4231 iniuriis

222 4275 403 4339 exhiberetis
435 4276 476 4360 d)
508 4277 628 4340 iusticie
661 4279 927 4360 complementum,
965 4298 1019 4341 vos
1057 4285 1158 4341 tamen
1190 4277 1290 4341 cordis
1322 4278 1416 4340 vestri

319 4403 353 4469 a)
369 4403 443 4456 nobis
456 4404 486 4457 V.
502 4432 533 4442 -
553 4403 584 4471 d)
597 4403 679 4457 liliam
701 4409 820 4458 nostram
832 4405 930 4476 inclyto
953 4405 976 4457 Α
992 4405 1038 4475 (N.
1052 4403 1160 4475 Bodm.)
1182 4404 1235 4458 filio
1259 4410 1346 4457 vestro
1360 4403 1415 4459 Pal.

178 4541 180 4544 ,
222 4492 277 4545 und
295 4492 384 4545 [indm.
400 4523 434 4531 —
448 4493 480 4562 c)
500 4493 666 4547 fecundatam
685 4495 703 4547 Z
721 4494 887 4549 fecundanda
906 4496 997 4548 Rodm.
1011 4515 1036 4549 u.
1057 4497 1111 4549 Pal.
1128 4526 1157 4535 -
1176 4497 1211 4558 d)
1227 4495 1373 4550 exhibeatis
1387 4496 1414 4549 Z.

223 4605 546 4623 *ub-*-

256 4670 278 4726 1)
292 4655 370 4728 ildirig
382 4672 484 4726 stephan
497 4685 542 4715 von
555 4673 659 4725 ngarn.
