3209 5392
1281 472 1330 543 67

140 648 351 712 ecclesiastico
368 650 414 712 vel
431 648 510 713 civili
528 649 636 730 singuli
653 648 699 710 uei
716 649 868 713 coniuncti
884 648 934 731 a),
951 648 1052 711 debita
1068 647 1235 728 repetendi,
1249 646 1335 710 debi-

140 762 224 820 tores
246 755 416 838 inpetendi,
440 755 654 826 conveniendi,
678 755 863 836 excipiendi,
886 754 1105 841 respondendi,
1132 755 1334 835 promittendi,

140 871 354 946 procuratores
370 865 416 927 uel
432 870 655 946 procuratorem
672 863 872 928 substituendi
889 869 919 926 et
935 863 1031 925 omnia
1049 863 1106 926 alia
1128 862 1259 926 faciendi
1278 884 1335 947 que

142 973 252 1056 ydonei
278 980 490 1055 procuratores
517 980 645 1054 possunt
675 975 776 1036 facere
806 978 836 1035 ct
863 977 1012 1035 tenentur.
1054 972 1145 1034 Dedit
1171 972 1216 1034 eis
1245 972 1336 1036 etiam

147 1081 322 1147 facultatem
349 1081 466 1163 plenam
495 1081 710 1145 ordinationem
737 1079 925 1151 testamenti,
953 1081 1032 1142 sicut
1058 1081 1257 1162 prescriptum
1279 1085 1336 1153 est,

146 1189 256 1271 exequi
272 1195 303 1253 et
319 1206 414 1272 usque
431 1189 584 1262 adfinem,
602 1190 693 1253 certis
710 1189 853 1252 limitibus
868 1209 923 1271 por
944 1188 1041 1252 omnia
1063 1188 1238 1252 observatis.
1270 1189 1338 1272 lpse

143 1304 264 1380 quoque
279 1297 433 1379 predictus
449 1299 524 1361 Rud.
543 1299 581 1384 b]
597 1306 724 1363 testator
737 1297 954 1379 subscripsisse
966 1297 1102 1360 noscitur
1113 1296 1144 1359 in
1155 1297 1214 1360 hec
1225 1298 1337 1363 verba:

145 1407 212 1489 Ego
236 1407 356 1490 inquam
372 1408 446 1471 ilud.
466 1406 503 1493 b)
519 1409 593 1470 civis
614 1409 790 1474 Winnensis
821 1406 959 1470 universa
988 1426 1044 1489 que
1072 1406 1243 1489 prescripta
1271 1413 1339 1470 sunt

142 1515 225 1578 fideii
251 1515 467 1579 ratihabicione
497 1535 665 1600 prosequor
694 1516 906 1598 protestando,
943 1536 990 1576 mc
1022 1515 1051 1577 in
1080 1535 1182 1578 omnes
1215 1523 1339 1580 euentus

145 1623 302 1705 predictos
319 1623 462 1687 honestos
473 1610 558 1686 'viros
575 1625 605 1687 in
622 1625 793 1706 repetendis
812 1623 921 1686 debitis
937 1623 1012 1686 meis
1029 1630 1239 1704 procuratores
1257 1610 1341 1689 etad
1424 1665 1426 1672 ι

142 1731 362 1814 perficiendum
392 1737 602 1797 testamentum
634 1753 732 1795 meum
765 1739 941 1795 executores
979 1731 1158 1795 fiducialiter
1189 1733 1341 1808 statuisse,

145 1847 307 1921 presentes
339 1858 457 1923 quoquo
487 1841 591 1905 literas
624 1840 723 1921 sigillo
754 1841 884 1903 ciuitatis
912 1840 1089 1906 Winnensis
1120 1840 1265 1920 sigillatas
1297 1840 1342 1902 eis

145 1949 311 2030 assignavi,
328 1954 471 2031 tanquam
486 1949 673 2013 executorias
686 1954 717 2011 et
728 1948 950 2030 procuratorias
966 1968 1060 2031 usque
1075 1950 1203 2031 quaque,
1216 1968 1342 2030 presen-

144 2056 226 2121 tibus
254 2058 320 2139 ipso
349 2057 466 2127 domino
496 2057 531 2121 0.
550 2056 648 2120 iudice
677 2063 707 2120 et
730 2057 779 2120 illo
805 2062 836 2119 et
851 2056 899 2119 illo
917 2063 974 2120 ete.
1004 2059 1109 2120 Actum
1125 2078 1202 2120 anno
1225 2058 1343 2121 Domini

148 2165 246 2229 1302.
265 2168 284 2228 9
327 2166 391 2229 Kal.
414 2166 482 2235 dun.
498 2167 545 2251 0).
570 2167 677 2228 Testes
694 2166 728 2228 H.
747 2165 837 2228 iudex
851 2173 909 2228 ete.
927 2165 977 2248 d).

238 2274 410 2337 Notandum
427 2275 516 2336 etiam
524 2275 603 2356 quod
615 2274 702 2336 litere
710 2273 935 2336 testamentales
943 2293 1052 2355 magne
1066 2277 1163 2337 soient
1179 2295 1259 2345 esse,
1276 2275 1344 2337 ideo
1355 2229 1460 2267 mm

143 2374 189 2445 ¹de
196 2382 303 2464 gracili
313 2389 343 2446 ct
350 2382 476 2445 honesta
488 2382 574 2446 litera
587 2381 807 2444 scribidebent.
820 2381 853 2446 Si
861 2386 960 2444 autem
966 2388 1093 2446 testator
1099 2383 1243 2446 dataiioui
1250 2382 1345 2447 amico
1412 2436 1414 2440 .

146 2511 205 2562 suo
219 2492 339 2572 plenam
355 2490 534 2573 potestatem
550 2491 679 2554 omnium
695 2510 796 2554 rerum
812 2510 942 2561 suarum,
954 2497 987 2554 ut
999 2491 1065 2554 loco
1082 2492 1128 2555 sni
1144 2493 1237 2555 faciat
1252 2498 1346 2555 testa·

147 2608 284 2666 mentum
299 2601 381 2664 iuxta
403 2598 615 2663 discretionem
631 2619 732 2671 suam,
756 2604 828 2662 tunc
843 2606 972 2663 testator
986 2600 1079 2663 nichil
1101 2601 1262 2664 testabitur
1284 2620 1347 2664 om·

149 2710 238 2783 nino,
271 2709 325 2772 sed
354 2708 437 2773 dabit
463 2708 515 2780 iili,
547 2708 596 2772 cui
629 2708 711 2791 dedit
726 2714 906 2790 potestatem
922 2728 977 2790 pro
1008 2729 1041 2771 se
1072 2710 1215 2781 testandi,
1246 2709 1350 2775 literas

150 2818 246 2881 tales:
565 2822 568 2827 ⁴

241 2925 307 3007 Ego
323 2925 397 2989 Rud.
421 2924 457 3007 e)
474 2925 549 2988 civis
564 2924 744 2992 Winnensis
760 2924 932 2989 infirmitate
971 2927 1104 3007 corporis
1146 2926 1351 3008 deprehensus

150 3034 275 3118 publice
292 3054 480 3117 recognosco
497 3035 587 3117 quod,
605 3054 727 3116 compos
744 3035 854 3098 mentis
872 3042 902 3098 et
917 3035 1011 3098 libera
1027 3037 1195 3108 uoluntate,
1219 3035 1353 3099 omnium

151 3164 255 3208 rerum
269 3163 402 3206 mserum
418 3143 514 3207 uirum
520 3141 655 3227 taiemf)
668 3163 721 3224 pro
733 3164 780 3205 me
795 3144 991 3226 constituos)
1002 3151 1185 3216 testatorem,
1193 3145 1267 3207 dans
1275 3145 1303 3207 ei
1309 3142 1350 3229 lt)

151 3255 272 3337 plenam
293 3252 630 3335 potestatemtestandi
659 3257 689 3315 et
716 3252 873 3315 ordinandi
902 3253 939 3315 de
967 3254 1116 3316 uniuersis
1142 3254 1234 3318 robus
1265 3256 1352 3326 meis,

154 3362 318 3427 mobilibus
336 3368 367 3424 et
384 3361 594 3432 immobilibus,
610 3360 722 3425 habitis
739 3368 770 3424 et
785 3361 943 3434 habendis,
960 3363 1145 3445 accipiendis
1168 3368 1199 3425 et
1220 3363 1354 3425 venden-

157 3472 216 3544 dis,
234 3471 452 3536 distribuendis
470 3479 501 3534 et
513 3471 723 3553 dispensandis
747 3470 779 3555 i)
795 3477 864 3552 post
877 3479 1002 3535 mortem
1018 3491 1125 3543 meam,
1141 3478 1231 3554 prout
1247 3472 1274 3534 ei
1290 3470 1354 3558 (uei

158 3582 223 3652 eis,
244 3582 271 3643 si
286 3581 388 3662 plures
404 3579 541 3666 fuerunt)
557 3580 653 3642 uisum
669 3579 760 3642 fuerit
789 3580 945 3661 expedire,
961 3581 1064 3643 volens
1080 3582 1202 3662 pariter,
1218 3587 1251 3644 ut
1267 3580 1356 3662 quid-

159 3689 232 3771 quid
249 3688 315 3770 ipsc
332 3688 379 3750 vel
395 3688 453 3770 ipsi
471 3688 507 3750 de
524 3688 615 3751 rebus
633 3690 708 3750 meis
726 3688 928 3751 ordinaverint
936 3687 984 3772 lt),
992 3708 1047 3770 pro
1059 3695 1237 3752 testamento
1254 3690 1355 3752 ultime

159 3799 321 3865 uoluntatis
344 3804 413 3879 post
432 3801 558 3862 mortem
579 3817 676 3861 meam
698 3798 809 3887 debeat
831 3798 869 3860 ab
892 3799 1028 3862 omnibus
1044 3800 1185 3881 reputari.
1216 3799 1356 3880 Quodne

159 3929 214 3991 per
230 3908 357 3970 alicuius
373 3907 593 3989 improbitatem
608 3906 745 3988 impediri
758 3907 865 3988 possit,
877 3913 1036 3989 presentes
1059 3907 1093 3993 l)
1109 3909 1152 3970 eis
1168 3908 1270 3971 literas
1287 3902 1357 3970 dedi

161 4015 254 4098 sigilli
285 4015 345 4078 mei
374 4016 422 4079 vei
453 4015 584 4085 civitatis
613 4014 792 4081 Winnensis
824 4017 986 4079 munimine
1017 4016 1190 4089 roboratas,
1228 4017 1357 4080 testibus

162 4125 333 4189 subnotatis
350 4144 474 4207 quorum
490 4125 610 4187 nomina
626 4123 683 4186 hec
699 4129 783 4186 sunt:
807 4124 842 4186 H.
861 4129 919 4187 etc.
940 4125 973 4188 Si
989 4145 1060 4187 uero
1076 4125 1228 4206 publicum
1245 4108 1359 4189 instru-

162 4241 294 4296 mentum
313 4233 384 4295 dare
400 4233 536 4303 voluerit,
552 4239 623 4295 tunc
639 4232 726 4294 litera
742 4231 799 4294 ista
814 4232 979 4295 scribetur:
1002 4220 1064 4306 ,ex
1079 4240 1164 4314 parte
1178 4234 1227 4320 m)
1249 4234 1359 4298 iudicis

167 4350 196 4406 et
213 4343 344 4406 ciuium‘
364 4346 396 4403 et
411 4343 469 4404 erit
485 4341 591 4404 eadem
607 4341 714 4412 forma,
731 4340 789 4403 nisi
808 4341 887 4424 quod
903 4341 992 4404 iudex
1009 4347 1039 4403 et
1055 4343 1137 4404 ciues
1155 4363 1191 4404 ex
1213 4363 1268 4406 sua
1284 4344 1361 4406 seri-

256 4494 292 4564 o)
308 4494 465 4549 coniunctim
478 4494 506 4545 Z.
518 4524 545 4533 —
557 4494 588 4563 l)
599 4495 629 4548 R.
643 4494 672 4548 V.
681 4494 754 4563 -c)
767 4496 935 4565 presentibus
943 4495 984 4547 bis
994 4495 1053 4548 lun.
1065 4495 1131 4548 fehlt
1141 4494 1254 4562 V.-d)
1267 4493 1362 4548 Testes

168 4587 210 4643 tta
223 4591 275 4642 etc.
288 4584 356 4638 fehlt
377 4586 449 4639 V.-
459 4587 490 4654 e)
504 4585 534 4639 R.
541 4585 570 4638 V.
579 4615 611 4625 —
618 4584 710 4656 vaoi,
722 4586 744 4639 si
753 4587 844 4655 plures
855 4590 924 4645 sont,
937 4585 1011 4639 vinos
1024 4586 1125 4640 talesZ.
1138 4616 1167 4624 -
1175 4586 1362 4657 p)constituto

169 4678 237 4731 v.-
248 4676 283 4746 b)
297 4678 337 4732 rei
352 4678 390 4733 eis
403 4678 431 4728 Z.
442 4675 510 4744 -i)
525 4683 551 4730 et
564 4677 822 4744 alienandisZ.--lc)
833 4678 873 4729 rel
888 4678 989 4746 Z.—l)
1001 4677 1024 4729 ei
1039 4677 1362 4747 velZ.-m)personaZ.

296 4807 299 4811 .
1109 4768 1124 4818 5
1135 4769 1147 4795 *
