3209 5392
1285 517 1355 593 ¹51

269 680 395 754 laetetur
415 681 517 767 itaque
539 687 619 747 totus
635 681 764 747 fidelium
793 689 879 748 cetus
902 691 933 750 et
949 674 1070 751 ¹laudum
1086 687 1213 755 Domino
1230 691 1363 760 earmina

176 789 318 854 concinat
333 789 392 854 alta
404 809 492 868 voce,
502 790 582 875 quod
595 811 614 854 a
625 791 688 855 suis
699 797 844 875 tanquam
856 792 966 858 Christi
979 793 1179 863 coheredibus
1191 799 1362 866 mansiones

176 903 274 966 celice
289 901 495 987 possidentur:
519 902 629 967 exultet
648 907 746 967 mater
767 904 914 977 ecclesia,
937 905 1017 988 quod
1037 907 1151 989 palmes
1167 929 1252 982 suus,
1274 930 1362 997 quem

180 1019 213 1080 in
229 1031 303 1094 agro
319 1010 389 1076 fidei
404 1010 548 1095 plantavit
571 1017 602 1076 et
623 1011 731 1084 coluit,
759 1011 791 1076 in
812 1013 923 1076 celeste
944 1015 1092 1079 rosarium
1113 1023 1162 1081 est
1182 1018 1362 1083 translatus:

177 1122 311 1206 gaudeat
326 1126 358 1185 et
372 1119 500 1203 insignis
515 1120 552 1184 N.
570 1120 604 1209 l)
621 1120 711 1195 ordo,
734 1109 813 1205 quod
836 1143 872 1186 ex
892 1124 958 1206 ipse
979 1122 1108 1206 prosiliit
1129 1126 1215 1190 stella
1237 1127 1362 1201 micans,

177 1236 264 1298 cuius
285 1230 435 1313 fulgentes
454 1229 532 1294 radii
553 1231 584 1294 iu
605 1230 715 1296 lumine
730 1231 781 1296 hic
796 1233 1058 1316 peregrinancium
1081 1233 1286 1303 diffunduntur
1307 1236 1361 1324 μ).

270 1340 409 1404 Ceterum
437 1341 505 1423 quia
534 1339 688 1412 convenit,
716 1344 749 1404 ut
770 1359 859 1423 quem
880 1340 1024 1405 Dominus
1046 1342 1077 1405 iu
1099 1344 1164 1407 celo
1180 1345 1363 1427 magnificat,

178 1449 306 1513 muudus
324 1447 420 1512 colat:
443 1468 498 1512 nos
515 1447 553 1511 de
568 1446 727 1513 sanctitate
748 1448 809 1513 vite
831 1454 862 1513 et
882 1449 1007 1514 veritate
1028 1451 1236 1515 miraculorum
1258 1451 1363 1517 buius·

177 1557 262 1622 modi
277 1555 408 1622 martiris
424 1557 533 1641 inquiri
549 1557 676 1622 fecimus
693 1557 865 1639 diligenter,
882 1564 912 1622 et
935 1558 1004 1642 quia
1024 1566 1093 1642 post
1114 1560 1364 1625 examinacionem

180 1666 348 1731 studiosum
375 1671 406 1730 et
422 1664 638 1730 discussionem
661 1665 844 1748 solempnem
870 1666 955 1750 plura
983 1667 1079 1731 eciam
1106 1672 1137 1732 et
1152 1668 1266 1734 maiora
1282 1689 1365 1733 com-

174 1776 310 1858 perimus
349 1793 439 1858 quam
475 1773 624 1838 insinuata
665 1773 810 1847 luissent,
858 1794 927 1838 cum
971 1775 1008 1838 de
1052 1778 1199 1841 communi
1240 1779 1364 1843 fratruum

175 1889 348 1947 nostorum
364 1882 398 1972 ν)
415 1881 539 1947 consilio
565 1887 597 1946 et
626 1901 771 1955 assensu,
803 1881 908 1945 confisi
942 1882 979 1947 de
1008 1885 1218 1968 omnipotentis
1245 1887 1364 1958 virtute,

175 1991 358 2057 auctoritate
375 2010 494 2075 quoquc
509 1990 591 2057 beati
608 1993 688 2057 Petri
710 1997 742 2058 et
755 1991 840 2055 Pauli
855 1992 1057 2074 apostolorum
1080 1994 1162 2067 eius,
1189 2013 1226 2058 ae
1248 2000 1363 2068 nostra,

176 2105 351 2165 sanctorum
362 2097 523 2182 latbalogo
535 2099 669 2163 duximus
682 2119 797 2164 exnunc
811 2099 986 2181 dignissime
1000 2099 1218 2165 ascribendum.
1236 2102 1366 2185 ldeoque

176 2208 358 2274 uniuersalis
391 2212 495 2272 sancte
525 2208 629 2272 matris
662 2208 793 2272 ecclesie
824 2205 947 2290 prelatis
984 2207 1163 2273 auctoritate
1200 2209 1366 2292 apostalice

174 2319 284 2383 damus
299 2316 423 2383 tirmiter
439 2318 470 2381 iu
496 2316 643 2384 mandatis
659 2316 814 2388 volentes,
842 2323 987 2399 quatenus
1004 2316 1053 2379 die
1079 2316 1133 2381 tali
1149 2317 1185 2382 N.
1200 2314 1235 2406 ξ)
1251 2320 1363 2383 lesbum

177 2426 311 2511 predicti
332 2427 430 2491 saneti
451 2426 558 2491 devote
581 2445 617 2490 nc
640 2402 833 2509 solempniter
855 2407 1016 2489 celebretis
1038 2430 1069 2490 et
1089 2426 1207 2491 faciatis
1224 2428 1366 2492 arestris

178 2535 309 2602 subditis
331 2535 529 2600 veneracione
558 2554 691 2619 congrua
715 2533 882 2608 celebrari,
898 2541 943 2600 ¹ut
970 2535 1020 2618 pia
1047 2536 1112 2599 eins
1139 2535 1366 2610 intercessione,

177 2648 230 2711 bic
264 2666 281 2711 a
311 2645 407 2710 nodis
443 2646 561 2729 protegi
592 2650 623 2711 et
652 2646 684 2709 in
719 2646 819 2711 lutura
857 2645 1036 2727 sempiterna
1073 2645 1182 2729 gaudia
1220 2647 1365 2732 consequi

175 2756 305 2823 veleatis
323 2756 367 2845 ο).
467 2815 470 2822 .

272 2991 462 3064 Erglnsungen
480 3007 528 3046 sus
546 2988 633 3062 Ripell
651 2990 719 3046 Bull.
737 2988 955 3044 Praedicatoruun
972 2989 992 3052 l,
1010 2985 1072 3043 228„
1094 2989 1261 3045 Innocentius
1279 3004 1321 3061 ep.
1340 3007 1361 3044 s.

175 3101 200 3138 s.
214 3084 247 3136 D.
259 3100 318 3137 ven.
331 3081 437 3137 intrib.
450 3081 582 3136 universis
600 3080 809 3152 archiepiscopis
829 3085 856 3134 et
873 3078 1006 3152 episcopie
1017 3095 1050 3134 ee
1064 3078 1167 3134 dilectis
1180 3079 1243 3134 filiis
1262 3080 1366 3135 abbsti-

176 3176 240 3235 bus,
267 3173 409 3244 prioribus,
433 3172 685 3243 archipresbyteris,
713 3171 829 3234 decanis,
852 3170 1045 3226 archidiaconis
1064 3173 1092 3224 ct
1111 3171 1169 3225 eliis
1187 3170 1362 3226 ecclesiarum

175 3264 290 3335 prelatis
315 3263 348 3318 sd
373 3280 441 3336 ques
458 3264 536 3318 litere
548 3265 599 3318 iste
623 3263 792 3334 pervenerint
813 3280 835 3315 s.
859 3264 886 3316 et
908 3278 931 3316 a.
947 3263 974 3315 b.
1000 3291 1028 3301 -
1053 3260 1087 3333 α)
1106 3259 1310 3332 predicatorum.
1331 3291 1361 3303 -
1482 3254 1484 3258 ¹

176 3354 214 3426 β)
233 3371 362 3425 pressura
375 3359 403 3410 et
421 3355 541 3411 tonsione
557 3355 666 3426 politus.
686 3385 717 3396 -
737 3355 770 3425 p)
788 3355 892 3408 Petrus.
910 3383 944 3393 -
967 3351 998 3423 δ)
1012 3354 1134 3408 Fratrum
1147 3353 1362 3417 Predicatorum,

179 3446 346 3501 lombardus
370 3445 479 3518 origine.
499 3475 532 3487 -—
547 3443 575 3517 e)
597 3446 706 3517 triginta
726 3445 788 3501 fere
810 3461 945 3500 annerum·
959 3474 993 3484 -
1006 3442 1038 3514 ζ)
1060 3443 1094 3497 nt
1115 3444 1155 3499 sic
1177 3445 1235 3515 ipse
1256 3445 1363 3508 Petrus,

177 3537 272 3592 firmus
295 3536 322 3590 in
344 3544 424 3609 petra
444 3535 522 3598 ddei,
544 3540 620 3607 petru
641 3536 745 3591 demum
763 3536 896 3607 pensionis
920 3534 1027 3598 allisus,
1050 3535 1083 3589 sd
1108 3540 1212 3604 petrem
1230 3532 1365 3589 Christum

180 3628 261 3699 digne
278 3628 440 3684 laureandus
454 3628 634 3684 aseendit-
649 3629 680 3697 η)
694 3643 742 3682 nos
762 3626 849 3698 (wohl
869 3628 963 3681 besser
979 3623 1053 3697 vos).
1073 3654 1103 3666 -
1118 3624 1154 3695 3)
1169 3628 1222 3678 eta
1240 3623 1367 3694 spiritua·

182 3719 253 3774 libus
276 3719 406 3789 nequiciis
425 3723 496 3773 tutus
515 3722 596 3774 esset.
626 3719 685 3790 'leg
708 3717 762 3772 und
781 3718 869 3771 Naclrt
886 3717 924 3771 sei
950 3732 979 3770 er
1004 3714 1063 3770 dem
1086 3715 1234 3787 gdttlicben
1256 3714 1362 3768 Dienete

182 3809 349 3880 obgelegen:
368 3815 497 3866 nocturna
512 3839 543 3851 -
558 3810 696 3865 claruisse.
714 3839 742 3849 -
759 3807 784 3880 ι)
798 3809 878 3879 Folgt
894 3808 921 3861 in
933 3807 982 3861 der
993 3805 1067 3861 Rullo
1080 3806 1123 3859 die
1136 3804 1297 3875 Erndbluug,
1316 3803 1365 3858 wie

181 3918 214 3956 er
243 3903 291 3955 aut
312 3900 371 3955 dem
391 3902 476 3974 Wege
499 3920 548 3958 ron
562 3900 652 3966 Come,
675 3918 716 3957 no
741 3918 772 3955 er
787 3900 865 3954 Prior
882 3899 971 3954 eeines
991 3895 1215 3953 Ordensllosters
1233 3911 1365 3966 genesen,

182 3992 251 4046 nscb
269 3987 401 4055 bleiland,
419 3992 545 4070 woselbet
560 4009 591 4047 er
608 3991 643 4046 im
659 3990 826 4062 pupstlicben
838 3990 969 4058 beitrage
984 3989 1041 4042 eine
1053 3986 1258 4056 Untersuebung
1277 4002 1363 4055 gegen

184 4085 284 4138 Ketser
295 4082 374 4138 leiten
387 4084 473 4145 sollte.
491 4100 543 4138 ren
556 4083 639 4137 einem
657 4083 758 4137 Ketner
775 4080 934 4152 erschlagen
952 4078 1032 4135 wind:
1050 4077 1119 4133 unde
1137 4076 1199 4148 quia
1215 4105 1251 4116 ·-
1270 4074 1366 4131 devin-

182 4179 286 4229 cuntur.
300 4203 335 4214 -
348 4173 378 4246 κ)
392 4176 427 4230 lls
445 4174 552 4229 werden
571 4173 614 4228 die
626 4172 747 4229 Wunder
764 4171 877 4235 errent,
898 4171 941 4225 die
959 4188 989 4225 er
1006 4171 1042 4224 im
1055 4170 1140 4224 beben
1157 4168 1210 4222 und
1224 4166 1291 4221 nach
1306 4166 1366 4219 dem

179 4264 258 4321 Tode
280 4266 401 4335 gewirlst.
423 4263 564 4320 Cuiusdam
577 4280 762 4319 -courersn
786 4263 854 4330 Quid
876 4263 974 4334 plura?
998 4261 1053 4316 lliis
1076 4262 1103 4314 el
1117 4275 1193 4331 quem
1211 4258 1300 4312 multis
1313 4261 1365 4311 etc.

182 4389 213 4399 -
229 4355 262 4428 λ)
276 4356 388 4411 matrum
401 4356 606 4428 predicatorum.
615 4383 646 4395 -
654 4353 689 4427 μ)
703 4354 795 4426 (legen
809 4354 852 4409 die
864 4355 978 4410 Ketser:
990 4354 1152 4408 erubescunt
1165 4379 1199 4390 -
1212 4354 1366 4419 sequantur.

182 4477 220 4487 —
243 4447 272 4515 s)
298 4449 325 4501 et
350 4448 512 4517 prelatorum
537 4446 649 4501 omnium
679 4449 744 4500 tunc
770 4443 839 4514 apud
864 4444 956 4499 sedern
985 4441 1158 4514 apostolicam
1184 4439 1365 4494 existencium.

182 4568 216 4577 -
230 4532 263 4610 ξ)
274 4537 360 4592 tercio
377 4536 435 4591 lisl.
448 4537 517 4591 ldaii.
532 4565 563 4576 -
578 4535 608 4609 e)
630 4536 659 4590 ln
676 4535 727 4590 der
740 4534 814 4589 Bnlle
831 4536 867 4588 ist
883 4534 950 4589 noch
970 4533 1020 4588 der
1033 4533 1130 4586 Ablass
1148 4529 1294 4593 bestimmt,
1315 4530 1367 4584 der

181 4628 351 4700 denjenigen,
368 4627 467 4683 velcbe
486 4627 534 4683 dns
553 4627 624 4683 Grab
642 4626 690 4682 des
702 4626 822 4697 lleiligen
838 4627 985 4688 besuense,
1009 4625 1132 4692 gewabrt
1150 4621 1229 4677 wind:
1242 4626 1269 4674 ct
1286 4625 1316 4675 ut
1332 4650 1361 4660 -

180 4719 339 4778 relaxemus.
354 4720 447 4774 orum
460 4718 562 4775 Perusii
575 4718 632 4773 Vlll
646 4718 702 4772 llul.
716 4716 816 4788 Aprilis
828 4716 999 4787 pontificatus
1012 4715 1095 4770 nestri
1109 4729 1175 4768 anne
1190 4712 1302 4766 decime.
