3209 5392
197 453 273 522 aro

201 625 345 687 duriciam
376 621 542 685 adamante
560 621 673 683 sorcius
689 619 880 689 indurantes,
912 619 1000 681 immo
1027 620 1219 682 afflictionem
1247 620 1393 684 addentes

201 733 326 803 afflicto,
344 729 458 793 eisdem
474 729 615 811 precibus
633 732 663 790 et
678 731 780 790 nostro
798 727 938 788 mandato
956 728 1136 809 contemptis
1152 728 1204 813 a),
1220 729 1392 808 permittitis

199 858 267 903 eurn
288 837 410 919 fatigari
430 835 585 900 laboribus
607 834 750 917 gravibus
774 838 805 895 et
829 833 987 915 expensis,
1009 854 1063 897 sue
1085 855 1145 897 non
1169 836 1392 918 compacientes

197 947 297 1029 inopie
313 965 371 1008 nec
387 945 508 1008 iusticie
526 941 583 1006 sibi
601 942 735 1006 debitum
757 941 966 1024 inpendentes.
999 943 1076 1006 Hinc
1099 948 1156 1014 est,
1181 944 1262 1026 quod
1283 945 1391 1008 iterato

196 1055 227 1117 in
255 1052 326 1116 fidei
343 1052 381 1139 t]
399 1052 517 1124 debito,
546 1071 604 1135 quo
633 1051 720 1114 nobis
748 1050 980 1131 astringimur,
1001 1057 1031 1114 et
1061 1050 1116 1113 sub
1140 1051 1266 1114 obtentu
1288 1052 1392 1132 gracie

198 1166 301 1224 nostre
322 1160 407 1223 vobis
440 1159 575 1223 districte
605 1158 800 1241 precipiendo
824 1157 1015 1230 mandamus,
1038 1164 1186 1241 quatenus
1202 1161 1261 1241 ipsi
1277 1160 1313 1222 N.
1332 1165 1393 1223 tam

198 1269 369 1350 graciosam
386 1272 415 1329 et
431 1272 493 1329 tam
509 1268 638 1330 celerem
656 1252 801 1330 studeatis
820 1266 945 1356 jusficie
967 1266 1181 1347 plenitudinem
1196 1267 1344 1350 inpertiri,
1361 1275 1393 1332 ut

200 1398 260 1439 non
277 1381 405 1457 cogatur
421 1375 566 1455 deinceps
583 1374 622 1437 ad
638 1373 766 1437 tribunal
783 1375 899 1455 regium
916 1394 1073 1438 recurrere
1090 1395 1244 1457 supereo.

756 1686 820 1757 56.

514 1864 587 1927 *ber
606 1865 798 1926 bononoru-
815 1862 846 1926 ll.
864 1864 1004 1944 episcope
1021 1861 1069 1946 e).

203 2022 294 2094 Koniq
306 2021 601 2100 anconitanensem
618 2019 731 2090 Bisebof
739 2019 803 2073 iiber
817 2021 868 2073 den
885 2021 940 2074 Tod
951 2020 1040 2075 edoce
1057 2022 1166 2093 Vectem
1189 2038 1220 2075 er
1232 2024 1322 2078 werde
1334 2021 1391 2078 oieb

383 2107 388 2121 ⁴
421 2115 468 2168 mit
480 2111 533 2167 idm
546 2110 671 2167 ierotheo
683 2113 739 2166 uod
751 2111 828 2166 einen
842 2112 944 2165 andern
963 2114 1028 2183 Vopt
1041 2112 1174 2166 beetellen.

290 2260 433 2318 Bodmann,
447 2277 473 2328 p.
486 2256 549 2311 228.

292 2403 336 2464 Ex
354 2422 412 2484 quo
429 2400 544 2483 placuit
559 2400 625 2481 regi
641 2419 747 2480 regum
764 2399 921 2468 altissimo,
939 2400 1037 2480 palmo
1060 2403 1158 2464 omnia
1175 2402 1387 2484 complectenti

198 2512 283 2573 cuius
305 2509 417 2572 iudicia
438 2528 512 2570 voce
534 2507 711 2589 prophetica
739 2512 915 2588 reputantur
938 2508 1048 2590 abysus
1066 2510 1158 2572 multa
1179 2509 1218 2595 ¹),
1242 2509 1388 2573 dilectum

203 2623 337 2680 nostrum
354 2617 390 2678 N.
409 2616 505 2678 virum
522 2615 696 2686 discretum,
707 2635 810 2697 ,quem
834 2615 919 2678 vobis
942 2616 972 2677 in
995 2616 1173 2680 advocatum
1190 2624 1292 2682 nostra
1308 2638 1395 2680 sere-

202 2726 280 2788 nitas
298 2725 480 2807 prefecerat,
497 2743 553 2806 per
568 2724 767 2786 universalem
783 2725 977 2787 humanitatis
994 2725 1094 2806 legem
1116 2725 1266 2788 communi
1282 2725 1396 2789 tributo

208 2833 397 2896 mortalitatis
420 2833 571 2896 involvere
595 2838 625 2895 et
646 2832 704 2894 hoc
726 2831 836 2896 mundo
859 2833 955 2914 procb
980 2833 1080 2896 dolori
1105 2853 1251 2904 evocare;
1275 2838 1399 2914 propter

206 2941 287 3023 quod
309 2941 412 3023 utique
434 2941 538 3022 regius
562 2941 679 3003 animus
702 2941 741 3003 ad
758 2940 799 3025 d)
817 2941 1036 3022 compassionis
1053 2941 1208 3004 lacrimam
1224 2963 1285 3005 non
1299 2942 1398 3022 potuit

204 3069 262 3111 oon
286 3050 410 3120 moveri,
435 3070 471 3111 eo
495 3048 575 3131 quod
600 3048 685 3111 vobis
711 3047 871 3111 admodum
887 3049 925 3134 e)
942 3050 1133 3112 necessarius
1156 3056 1187 3112 et
1209 3049 1397 3112 universitati

202 3160 304 3218 vestre
321 3176 380 3218 non
396 3156 548 3219 modicum
565 3156 656 3219 fuerit
671 3157 859 3224 fructuosus,
875 3156 1040 3236 prudencie
1057 3164 1159 3220 vestre
1177 3158 1397 3220 consolacionis

204 3269 336 3343 ungenta
365 3263 563 3345 porrigimus,
591 3283 645 3325 vos
668 3264 841 3336 hortantes,
865 3270 1012 3346 quatenus
1036 3266 1170 3327 animosa
1186 3264 1306 3328 interim
1324 3269 1416 3327 con-¹

205 3371 321 3433 stancia
349 3372 496 3452 regamini
510 3374 560 3454 f),
578 3370 658 3452 quod
686 3390 765 3441 cum,
795 3372 872 3434 duee
893 3373 1038 3445 Domino,
1066 3373 1104 3435 ad
1125 3372 1216 3435 talem
1238 3375 1336 3436 locum
1359 3374 1395 3435 N.

205 3478 375 3542 venerimus
393 3482 424 3539 et
440 3479 533 3541 vestri
551 3478 667 3541 consilii
683 3479 769 3560 copia
786 3479 873 3542 nobis
890 3479 999 3543 adesse
1015 3482 1138 3563 poterit,
1161 3481 1247 3544 vobis
1273 3503 1309 3544 ex
1326 3488 1398 3545 tunc

203 3586 363 3667 providere
381 3586 551 3650 curabimus
569 3586 606 3649 de
624 3587 742 3669 ydoneo
759 3607 948 3652 successore.

297 3783 331 3851 a)
346 3783 675 3866 contemplet—ymo
688 3782 757 3837 V.-
767 3785 799 3852 c)
813 3785 924 3855 principi
939 3786 1112 3856 aurpunctirt,
1127 3786 1205 3840 datur
1218 3804 1268 3840 von
1281 3792 1401 3857 epalerer

206 3873 280 3927 lland
294 3891 335 3943 ep.
352 3904 382 3917 -
398 3875 434 3942 d)
451 3891 465 3926 a
481 3876 510 3929 V.
520 3903 554 3915 -
567 3874 598 3943 e)
612 3873 753 3928 admodum
766 3876 794 3937 Z,
809 3891 839 3928 so
854 3877 921 3929 ruelr
934 3877 1124 3946 ursprdnglicb
1137 3878 1167 3937 V,
1182 3877 1250 3931 daun
1261 3878 1401 3946 corrigirta

206 3962 240 4015 ad
254 3964 428 4017 commodum.
443 3993 479 4002 -
492 3959 696 4034 fJ'constencia
710 3980 756 4018 vos
769 3965 880 4033 regatis,
895 3965 1024 4018 nonenim
1043 3964 1065 4019 si
1085 3965 1110 4018 in
1130 3967 1265 4021 Buicum
1284 3968 1353 4037 apud
1367 3969 1398 4021 N.

206 4053 274 4106 duee
287 4053 396 4107 Domino
409 4070 458 4105 nos
471 4054 560 4108 venire
574 4053 710 4123 continget
723 4057 751 4108 et
764 4054 848 4107 vestri
861 4053 963 4108 consilii
977 4060 1029 4108 ete.
1043 4053 1186 4110 Bodmann.

242 4328 265 4382 ¹)
284 4326 358 4369 Psalm
376 4326 415 4378 35,
433 4328 454 4371 7.
