3209 5392
1267 532 1340 606 117

144 707 319 780 occasione,
329 689 435 791 ⁴ipsum
452 708 592 774 detinetis
609 708 826 776 contumaciter
842 714 1030 791 occupatum.
1054 708 1092 772 ct
1109 729 1289 794 quamquam
1306 732 1342 775 ex

142 821 232 899 parte
248 816 398 881 karissimi
414 817 465 882 tilii
480 819 527 891 R„
542 819 744 900 Romanorum
759 819 841 900 regis
857 818 999 890 illustris,
1021 818 1080 883 iam
1096 819 1214 884 fueritis
1231 819 1342 903 pluries

142 926 295 1010 requisiti,
319 933 352 991 ut
374 927 444 1001 sibi,
465 928 584 992 iusticie
608 929 857 1012 complementum
881 927 1022 991 exhibere
1044 935 1160 1010 parato,
1184 933 1214 992 et
1236 948 1342 1012 parere

50 1029 59 1046 '
141 1036 256 1099 volenti
268 1036 300 1100 in
311 1035 370 1102 bac
385 1042 471 1119 parte
487 1037 555 1110 iuri,
571 1056 608 1100 ae
621 1035 820 1101 sufficientem
832 1037 997 1119 inpendere
1010 1037 1198 1111 caucionem,
1211 1044 1343 1103 castrum

145 1143 246 1228 ipsum
263 1145 423 1210 restituere
440 1133 645 1240 curaretisqid
660 1125 759 1229 ipsum
774 1147 877 1209 facere
892 1146 1046 1219 renuistis,
1069 1166 1128 1210 non
1151 1147 1341 1211 attendentes

144 1255 245 1337 quod,
267 1255 347 1320 sicut
363 1277 398 1319 ex
413 1261 499 1339 parte
514 1256 609 1339 ipsius
625 1256 707 1338 regis
730 1254 917 1338 proponitur,
939 1277 992 1318 rex
1007 1256 1073 1339 ipse
1090 1278 1149 1321 non
1165 1255 1338 1320 difficilibus

142 1365 296 1445 potuisset
310 1364 390 1428 idem
403 1370 535 1430 castrum
547 1365 688 1429 remediis
700 1385 910 1448 recuperasse,
924 1365 980 1428 uisi
996 1365 1168 1429 devocionis
1185 1366 1342 1430 sinceritas

141 1472 175 1535 in
192 1492 230 1536 eo
246 1474 327 1536 vires
342 1476 482 1557 potencie
500 1474 664 1539 cohiberet.
695 1474 793 1557 Quare
806 1474 1030 1538 universitatem
1045 1480 1175 1539 vestram
1191 1476 1344 1540 hortamur

141 1581 175 1645 in
192 1582 332 1656 Domino,
354 1602 411 1666 per
437 1584 607 1666 apostolica
631 1582 717 1648 vobis
741 1584 854 1667 scripta
870 1584 1063 1656 mandantes,
1092 1588 1238 1667 quatenus
1262 1584 1344 1647 circa

139 1691 368 1757 restitucionem
385 1692 425 1779 a]
442 1694 515 1757 dicti
537 1694 629 1757 castri
646 1694 764 1777 prefato
783 1693 862 1775 regi,
886 1699 973 1775 prout
995 1692 1138 1757 tenemini
1160 1693 1342 1765 faciendum,

139 1801 244 1865 taliter
259 1801 356 1866 velitis
372 1803 421 1866 illo
438 1802 562 1869 consilio
576 1802 684 1885 dirigi,
708 1808 741 1866 ut
757 1823 848 1886 super
871 1802 930 1867 hoc
947 1803 985 1867 de
1001 1801 1173 1886 cupiditatis
1191 1801 1269 1865 vicio
1287 1808 1340 1866 aut

141 1910 291 1975 violencie
308 1912 478 1976 temeritate
500 1912 614 1985 notari,
637 1912 722 1995 ‚quod
743 1911 774 1975 in
790 1911 856 1974 aliis
878 1912 985 1994 pocius
1007 1910 1170 1993 reprobare
1186 1911 1342 1984 tenemini,

141 2042 204 2084 non
219 2021 357 2104 possitis,
374 2026 407 2084 ut
423 2020 520 2086 dictus
536 2042 600 2094 rex,
614 2022 699 2086 cuius
711 2021 941 2085 mansuetudine
954 2021 1101 2085 haetenus
1114 2020 1201 2084 abusi
1215 2015 1342 2084 forsitan

142 2130 319 2204 exstitistis,
348 2132 521 2213 confugium
536 2131 573 2195 ad
591 2131 671 2195 aliud
692 2130 805 2195 hahere
828 2130 994 2196 remedium
1015 2130 1162 2213 aliamque
1184 2128 1242 2193 sibi
1264 2130 1343 2194 viam

140 2241 410 2324 recuperacionis,
434 2241 521 2305 vohis
538 2243 616 2305 forte
633 2240 708 2305 satis
725 2240 935 2325 dampnosam,
957 2241 1114 2325 exquirere
1130 2261 1190 2303 non
1206 2247 1343 2321 cogatm·,

137 2355 302 2434 vestraque
319 2350 445 2415 devocio
463 2350 573 2415 debeat
588 2351 700 2414 exinde
710 2373 770 2414 non
786 2351 934 2415 immerito
951 2350 1163 2415 commendari.

234 2460 297 2523 Nos
325 2481 398 2525 vero
426 2467 457 2525 te
484 2480 607 2542 regem,
634 2460 726 2523 filium
754 2467 889 2525 nostrum
920 2461 951 2524 in
984 2461 1103 2525 Christo
1137 2459 1341 2534 karissimum,

138 2570 300 2634 hortamur
335 2571 367 2633 in
412 2570 532 2633 dominc
570 2570 643 2633 ,lesu
675 2561 810 2633 xill'rristo
848 2591 903 2652 per
946 2570 1101 2635 salutifere
1145 2570 1245 2634 crucis
1288 2590 1342 2634 sue

140 2680 318 2761 mysterium
354 2685 384 2743 et
427 2680 474 2742 sui
516 2677 647 2762 preciosi
690 2679 846 2761 sanguinis
889 2680 1095 2762 aspersionem
1140 2680 1341 2754 obtestantes,

141 2795 292 2872 quatenus
309 2787 439 2871 predicti
462 2788 554 2852 castri
578 2808 700 2852 causam
721 2788 881 2871 tranquilla
904 2794 1004 2852 mente
1027 2789 1200 2853 discuciens
1224 2795 1255 2853 et
1278 2796 1343 2853 tea

140 2918 216 2980 rege
234 2898 274 2985 b]
290 2917 395 2980 regum
412 2898 514 2962 datum
530 2918 635 2980 regem
647 2903 678 2960 in
690 2895 831 2979 gentihus
848 2883 1000 2963 humiliter
1011 2904 1248 2981 recognoscens,
1265 2899 1342 2986 tec)

142 3007 243 3091 ipsum
265 3013 297 3071 et
311 3014 380 3072 tuos
396 3029 457 3073 non
474 3013 669 3091 peccatorum
685 3008 920 3072 necessitatibus
942 3009 1097 3091 implices,
1120 3009 1174 3072 sed
1197 3030 1288 3093 regas
1312 3020 1343 3072 ct

145 3117 257 3200 dirigas
274 3117 314 3180 ad
330 3118 466 3181 salutem.
500 3119 545 3182 Tu
569 3138 706 3202 quoque,
729 3117 787 3180 nisi
809 3123 892 3181 recte
915 3119 957 3181 tui
980 3118 1071 3182 animi
1088 3125 1200 3182 motum
1215 3119 1341 3192 rexeris,

142 3247 201 3291 uon
229 3230 316 3290 recte
343 3226 398 3292 tibi
425 3248 552 3311 regnum
580 3228 644 3291 sive
673 3249 782 3291 nomen
809 3227 925 3308 regium
954 3234 984 3292 et
1006 3229 1132 3311 tytulum
1155 3227 1339 3292 vendicabis.

139 3336 256 3400 Vanam
269 3335 356 3400 huius
373 3336 474 3400 mundi
490 3337 616 3419 gloriam
632 3337 728 3430 instar
742 3338 846 3420 puncti
859 3357 927 3400 cum
942 3343 993 3401 tuo
1010 3337 1051 3424 d)
1067 3345 1186 3402 tuorum
1207 3323 1341 3422 periculo

139 3445 312 3527 predictum
334 3446 459 3529 amplius
481 3447 513 3509 in
541 3446 728 3534 comocionis'
757 3447 863 3530 spiritu
886 3447 1045 3529 negocium
1066 3448 1277 3533 prosequendo
1295 3487 1339 3497 -

141 3556 229 3619 ouius
246 3560 346 3618 tamen
361 3556 491 3619 fructum
506 3556 666 3640 aliquando
683 3556 790 3639 nequis
807 3557 929 3639 assequi
945 3555 990 3606 -”
1006 3578 1065 3620 non
1081 3557 1218 3641 sequaris
1235 3564 1273 3645 e]
1286 3558 1340 3621 sed

140 3668 249 3748 pocius
266 3664 430 3728 animarum
450 3664 563 3739 exicia,
591 3685 749 3748 corporum
767 3670 887 3746 strages
910 3686 967 3728 nec
983 3687 1042 3730 non
1057 3687 1158 3730 rerum
1175 3665 1344 3748 dispendia,

142 3794 201 3859 que
217 3773 462 3857 persecutionem
478 3774 649 3839 huiusmodi
673 3774 876 3838 verisimiliter
897 3774 1139 3859 subsequuntur,
1163 3797 1288 3860 quorum
1311 3782 1343 3841 tu

142 3889 250 3948 auctor
277 3890 308 3948 et
336 3889 422 3948 actor
447 3885 610 3968 precipuus
641 3885 830 3957 recenseris,
858 3886 889 3947 in
912 3884 988 3950 libra
1012 3894 1118 3950 exacte
1147 3885 1344 3950 discussionis

144 3993 321 4077 appendens
338 4000 547 4059 momentanee
564 3993 780 4058 delectacionis
797 3994 978 4077 ambiguum.
1007 3996 1184 4083 Propterf)
1200 3996 1231 4060 id
1247 3996 1344 4079 ipsum

143 4104 318 4169 certitudini
335 4110 439 4168 eterne
456 4124 516 4168 non
530 4124 680 4187 preponas
698 4105 815 4178 salutis,
832 4104 887 4167 sed
900 4104 955 4167 sub
969 4107 1084 4189 potenti
1097 4126 1185 4171 manu
1199 4107 1344 4170 creatoris

142 4214 187 4279 tui
214 4234 251 4278 ac
283 4214 348 4278 eius
376 4213 481 4279 vicarii
509 4218 681 4297 potentatus
709 4214 753 4279 tui
780 4214 861 4278 vires
889 4214 1047 4279 humilians
1076 4234 1112 4279 ac
1128 4215 1260 4289 iusticie,
1284 4237 1344 4300 que

145 4343 270 4407 parvum
302 4344 339 4389 ac
372 4344 513 4408 magnum
545 4324 677 4398 iudicat,
709 4323 939 4406 magnificencie
970 4331 1021 4389 tue
1049 4326 1125 4390 colla
1156 4326 1346 4405 submittens,

143 4434 247 4499 humili
271 4436 369 4499 animo
394 4434 431 4499 ab
457 4434 562 4498 eadem
585 4433 805 4516 persecucione
830 4433 972 4531 desistas,
990 4436 1167 4501 omnimodis
1192 4440 1223 4498 et
1243 4436 1345 4548 multi-

143 4544 263 4629 plicatis
288 4544 326 4608 ab
351 4526 420 4609 olim
444 4542 606 4609 salutiferis
630 4542 887 4627 persuasionibus
910 4545 1100 4628 acquiescas.

235 4674 270 4746 a)
293 4673 568 4729 restitioncmll-
534 4674 622 4743 -d)
652 4677 681 4726 et
704 4678 732 4727 ts
752 4688 843 4744 regem
865 4672 956 4725 V.-
920 4675 1013 4744 -e)
1030 4678 1059 4729 et
1084 4674 1178 4730 V.—
1202 4674 1236 4744 d)
1261 4678 1290 4729 et
1311 4691 1342 4726 zu

144 4775 276 4839 ergdnzen
291 4796 321 4807 -
337 4765 367 4835 e)
380 4765 502 4837 sequeris
515 4783 547 4820 nu
561 4766 641 4819 lesen.
661 4794 688 4804 -
701 4764 733 4837 f)
747 4763 896 4835 Propterea
911 4781 944 4819 zu
957 4765 1039 4819 lesen.
