3209 5392
1285 490 1362 563 Μ

186 672 242 738 001,
260 666 340 751 quod
355 666 445 731 hodie
461 668 529 750 plus
551 667 649 736 solito,
674 672 797 750 propter
813 672 970 748 corruptas
986 666 1160 731 affectiones
1176 666 1328 729 hominum
1344 669 1376 728 et

177 775 397 838 invalescentes
427 774 584 859 nequicias
613 793 834 857 perversorum,
869 774 960 837 nichil
988 776 1084 857 magis
1107 773 1148 858 a)
1176 780 1278 857 potest
1305 794 1374 838 esse

178 883 339 967 unicuique
356 884 439 965 genti
456 883 494 968 b)
511 883 646 953 heacius,
664 903 753 968 quam
769 884 847 947 hono
865 883 903 970 c)
919 888 1040 965 pastore
1063 902 1099 946 ac
1117 883 1252 953 ductore,
1270 882 1374 966 previo

178 991 269 1062 duce,
304 991 380 1073 regi.
428 991 502 1054 Cum
534 991 629 1073 igitur
650 992 691 1075 d]
724 993 817 1054 multa
857 990 1057 1055 sollicitudine
1088 990 1308 1081 providerimus
1335 992 1373 1053 N.

95 1128 98 1135 ·
177 1098 306 1162 ecclesie
319 1098 357 1183 e)
389 1098 511 1181 dignum
543 1099 678 1181 preferre
689 1101 727 1186 f)
744 1103 908 1169 rectorem,
941 1099 972 1161 in
999 1119 1052 1162 vos
1081 1104 1192 1162 sortem
1219 1099 1375 1163 electionis

177 1205 1372 1292 cmmfflwmfflmmmmmmmmm

176 1315 1371 1399 mmmmmmffimfflmmfflmmms

179 1421 274 1485 uirum
305 1422 425 1485 doctum
466 1422 557 1494 adeo,
597 1429 629 1485 ut
671 1423 774 1486 sciatis
808 1443 884 1508 equa
914 1425 1001 1486 lance
1032 1425 1199 1505 ponderare
1230 1422 1373 1486 iudicium

178 1529 367 1614 inpendere
395 1548 431 1592 ac
459 1529 610 1601 iusticiam
639 1531 669 1594 in
696 1552 838 1595 mensura
865 1537 895 1594 et
923 1534 953 1594 in
964 1526 1004 1616 d)
1013 1532 1186 1595 'vindictam
1209 1531 1375 1594 facinorum

187 1637 320 1717 gladium
335 1637 464 1707 uibrare,
482 1657 536 1720 pro
553 1639 640 1701 modo
657 1639 811 1710 facinoris,
834 1640 1043 1723 temporalem:
1069 1658 1211 1720 rogamus
1227 1641 1259 1723 i)
1276 1641 1377 1723 itaque

182 1763 244 1814 vos,
262 1752 419 1828 quatenus,
443 1747 515 1809 uiris
532 1746 682 1809 nohilihus
700 1749 913 1829 congregatis,
937 1749 1088 1810 dumtaxat
1109 1746 1230 1817 talibus,
1253 1760 1389 1831 quorum·

180 1851 238 1914 fide
270 1856 300 1914 et
327 1855 491 1937 prudencia
522 1853 618 1917 honor
646 1861 746 1918 uester
772 1848 930 1937 gloriosus
951 1860 1111 1938 appareat,
1144 1854 1231 1917 nohis
1254 1854 1307 1917 tali
1330 1853 1377 1916 die

185 1966 314 2022 vestram
331 1961 498 2024 exhiheatis
515 1961 715 2044 presenciam,
732 1964 784 2032 ita,
802 1966 829 2025 si
845 1962 1076 2026 assenciendum
1086 1963 1127 2047 lc)
1140 1963 1283 2026 duxeritis
1300 1963 1378 2026 uotis

184 2068 311 2138 nostris,
348 2068 434 2131 nohis
469 2069 668 2133 intencionem
704 2075 835 2133 vestram
877 2091 931 2152 per
967 2072 1196 2134 instrumentum
1226 2071 1379 2153 publicum

184 2177 367 2241 intimantes.

277 2356 311 2425 o)
324 2358 410 2428 magis
421 2357 490 2412 fehlt
501 2356 626 2428 82,-1)
637 2357 735 2428 populo
754 2358 798 2412 82.
807 2387 841 2398 -
852 2358 884 2427 0)
900 2360 970 2412 bono
984 2359 1051 2414 duce
1062 2360 1157 2430 previo
1169 2360 1236 2414 hene
1254 2360 1316 2413 duci
1333 2359 1382 2412 82.

186 2476 217 2486 -
232 2447 268 2516 d)
287 2447 366 2502 huius
383 2447 423 2502 rei
443 2447 534 2513 praeis
555 2449 635 2502 multa
654 2447 697 2500 82.
712 2479 745 2487 -
766 2448 797 2516 e)
818 2449 1018 2518 provideremus
1032 2453 1125 2504 nostro
1139 2448 1258 2520 regimini
1273 2450 1379 2516 dignum

186 2537 330 2608 preficere.
346 2570 377 2581 -
396 2538 427 2610 f)
448 2539 505 2594 Von
523 2538 582 2592 hier
601 2540 762 2594 0010011101.
775 2539 812 2593 82
825 2540 991 2609 folgendes:
1015 2558 1063 2611 per
1074 2541 1190 2597 brevium
1204 2542 1378 2611 sollempnem

189 2628 263 2682 iuxta
275 2627 448 2698 municipales
472 2629 656 2683 0100000001οε
668 2630 736 2701 legis
754 2636 844 2684 nostre
864 2630 889 2685 in
907 2630 979 2685 viros
997 2631 1165 2687 fidelissimos
1186 2635 1213 2686 01
1233 2632 1378 2701 prudentes

186 2717 326 2773 electionis
339 2719 486 2772 auctoritas
499 2722 572 2773 sorte
587 2720 664 2779 veuit,
680 2719 725 2789 qui
738 2720 872 2775 virtuosos
885 2720 969 2775 ltalia
981 2722 1063 2786 piros,
1076 2725 1105 2776 ut
1122 2722 1271 2776 huiusmodi
1285 2722 1378 2793 dignos

184 2810 451 2881 prelaturesollicita
478 2812 675 2866 examinacione
699 2819 857 2882 querentes,
879 2811 999 2874 tandem,
1022 2813 1203 2867 consideratis
1227 2814 1380 2872 virtutihus,

187 2919 255 2974 quas
272 2901 298 2954 in
318 2902 391 2956 vohis
410 2901 552 2956 affluenter
571 2902 666 2956 adesse
685 2903 797 2956 omnium
812 2902 937 2973 predicat
950 2903 1039 2973 opinio
1054 2903 1169 2957 celebris
1184 2908 1211 2957 et
1223 2902 1378 2964 communis,

190 3007 334 3061 personam
347 2994 461 3045 vestram
476 3009 489 3044 a
505 2993 632 3046 llalendis
643 2992 763 3047 tannarii
783 2990 816 3045 ad
830 3010 908 3045 unum
922 3009 1017 3045 aunum
1031 2992 1107 3045 nohis
1127 3000 1156 3047 et
1173 2993 1273 3047 civitati
1287 2997 1379 3047 nostre

147 3082 152 3087 ’
190 3082 216 3134 10
229 3084 400 3151 potestatem,
413 3085 545 3137 rectorem
558 3086 586 3138 et
599 3082 731 3137 dominum
745 3083 877 3138 electione
890 3083 1018 3138 concordi
1032 3089 1060 3137 et
1072 3083 1184 3137 unanimi
1198 3087 1381 3154 prefecerunt.

186 3173 358 3242 Quapropter
375 3190 434 3226 cum
455 3192 488 3227 ex
510 3175 570 3245 ipsa
590 3175 720 3229 electione
744 3174 779 3228 sit
800 3191 852 3246 per
874 3190 977 3228 emnem
1001 3173 1283 3231 modummirahiliter
1300 3176 1380 3230 satis·

188 3265 288 3316 factum
302 3262 435 3318 desiderio
449 3265 538 3318 cordis
553 3268 605 3320 010.
615 3266 686 3336 -9)
702 3281 734 3318 ex
745 3265 814 3319 fehlt
828 3263 955 3334 81.-1)
969 3264 996 3319 10
1008 3264 1076 3319 fehlt
1089 3265 1132 3319 87.
1148 3295 1181 3305 -—
1195 3266 1222 3335 i)
1235 3265 1379 3320 [10110820
1431 3323 1436 3329 ,

187 3353 362 3407 Prudencinm
376 3359 489 3408 vestram
504 3356 633 3409 instanter
646 3361 675 3409 et
692 3357 779 3410 multis
793 3357 921 3425 precibus
935 3371 1083 3418 exoramus,
1097 3363 1229 3426 quatenns
1242 3357 1380 3427 regiminis

189 3445 272 3498 nostri
290 3446 376 3498 locum
391 3450 419 3500 et
432 3446 547 3500 officium
562 3465 620 3501 cum
638 3447 685 3501 tali
700 3447 797 3500 salario
811 3450 840 3500 01
852 3465 911 3501 eum
924 3448 977 3500 illis
990 3446 1202 3511 condicionibus,
1223 3465 1289 3520 quas
1304 3450 1380 3502 vohis

188 3535 214 3587 in
237 3533 342 3604 publica
366 3538 449 3589 forma
472 3538 654 3608 perlatorem
677 3538 845 3608 presencium
870 3538 1088 3609 trapsmittimus,
1111 3537 1255 3594 liberaliter
1276 3555 1381 3610 accep·

188 3623 254 3677 tetis
266 3628 318 3677 etc.
333 3657 366 3665 -
379 3624 415 3693 lc)
430 3626 452 3680 si
467 3627 498 3680 ad
513 3628 717 3681 assenciendum
731 3626 775 3680 87.

281 3769 359 3822 Diese
379 3770 482 3824 Formel
500 3771 581 3823 lrehrt
601 3769 625 3823 1.
648 3771 673 3823 in
693 3786 817 3825 anserem
837 3771 1037 3847 Eorrnellruche,
1057 3776 1136 3827 urten
1157 3770 1211 3827 Ful.
1232 3771 1268 3826 87
1285 3790 1327 3826 uo.
1348 3771 1383 3826 38

191 3858 301 3920 wieder,
315 3861 362 3912 mit
373 3859 425 3913 der
439 3847 626 3915 llberschritt:
640 3861 696 3914 Rex
706 3861 842 3929 significat
856 3862 994 3933 episeopo,
1008 3863 1080 3932 quod
1094 3863 1194 3931 garrdet
1207 3864 1239 3919 de
1251 3865 1384 3920 electione

192 3948 225 4003 de
247 3966 286 4010 eo,
304 3949 330 4002 2.
350 3948 376 4003 10
396 3950 469 4002 01000
488 3949 604 4003 anderen
622 3951 785 4022 Sammluug,
805 3953 961 4007 001001101.
980 3950 1024 4013 82,
1045 3970 1087 4005 00.
1105 3951 1139 4005 61
1158 3953 1206 4007 mit
1225 3954 1274 4007 der
1293 3942 1383 4009 llber-

188 4038 299 4093 schriftt
313 4040 409 4105 „alicui
423 4040 495 4112 quod
507 4042 541 4095 sit
555 4044 658 4096 electus
677 4043 702 4094 in
724 4046 902 4112 potestatem“
917 4044 963 4097 mit
976 4046 1026 4097 (100
1041 4042 1129 4098 dieser
1143 4033 1310 4099 llberschrift
1324 4049 1384 4098 001-

190 4129 621 4200 0000010001οο1800101000000,
640 4133 741 4186 welche
760 4134 932 4196 ohcnuebcn
952 4135 1002 4187 den
1025 4134 1232 4189 verschiedenen
1255 4137 1385 4190 Lesarleu

192 4227 270 4275 00100
283 4221 341 4274 dem
354 4221 421 4276 Text
433 4224 587 4295 angegeben
601 4224 669 4287 sind,
682 4223 891 4295 undfolgendcr
902 4224 1050 4279 salutacio:
1064 4225 1139 4279 Militi
1152 4225 1265 4295 probate
1278 4225 1340 4280 fidei
1357 4228 1386 4280 et

193 4311 337 4364 examinate
355 4312 459 4367 virtutis
478 4352 485 4366 .
504 4351 511 4365 .
531 4313 560 4365 ll.
579 4316 710 4383 potestas,
730 4331 878 4379 commune,
897 4314 1035 4369 consilium
1051 4315 1214 4370 8000010000
1232 4317 1386 4374 salutemet

192 4416 337 4471 prosperos
352 4401 383 4455 ad
399 4408 458 4457 rota
472 4421 623 4458 successus.
