3209 5392
281 532 358 601 ato

276 710 448 788 presentes,
464 702 543 785 quod
556 721 623 774 nos,
636 707 762 784 accepta
778 707 809 764 et
824 700 943 783 placida
960 706 1047 782 grate
1059 701 1233 764 devocionis
1244 702 1403 783 obsequia,
1420 718 1472 781 que

274 833 335 896 per
347 814 384 876 N.
399 811 600 874 venerabilem
613 812 789 895 episcopum
802 810 893 872 talem
905 809 993 872 nobis
1006 809 1152 872 haetenus
1165 816 1234 873 sunt
1245 809 1431 893 aJinpensa,
1444 813 1471 869 et

273 942 331 1004 que
341 920 440 983 adbuc
448 920 534 982 nobis
548 923 578 980 et
591 922 784 982 sacrosancto
792 919 923 980 Romano
936 917 1062 999 imperio
1075 917 1113 980 ab
1125 918 1233 980 eodem
1243 917 1379 1001 impendi
1390 921 1472 999 pote-

273 1033 346 1091 runt
354 1027 501 1109 grosciora,
515 1026 675 1107 benignius
689 1026 849 1097 intuentes,
863 1030 893 1088 et
905 1030 1029 1108 propter
1041 1026 1099 1088 hoc
1111 1046 1293 1108 magnopere
1307 1026 1472 1107 cupientes,

273 1144 306 1200 ut
324 1138 389 1218 ipsc
406 1155 441 1198 ac
458 1137 522 1198 eius
536 1135 728 1217 episcopatus
744 1135 852 1197 votivis
875 1135 1085 1215 congaudeant
1106 1135 1241 1198 comodis
1258 1140 1289 1198 et
1305 1134 1473 1215 augmentis

275 1246 428 1308 continuis
440 1248 672 1327 prosperentur:
690 1243 770 1327 quod
786 1242 866 1304 idem
883 1243 1045 1325 episcopus
1061 1242 1093 1304 in
1109 1242 1230 1305 civitate
1246 1264 1302 1306 sua
1316 1243 1355 1306 N.
1373 1259 1475 1303 mone-

274 1359 336 1416 tam
358 1354 464 1434 legalis
487 1353 675 1415 numismatis
698 1353 767 1414 cudi
789 1351 884 1414 libere
905 1352 1013 1422 faciat,
1043 1351 1102 1415 sibi
1125 1372 1161 1415 ex
1181 1351 1364 1415 liberalitate
1392 1350 1476 1432 regia

210 1447 213 1451 ⁵
277 1461 447 1525 liberaliter
468 1467 498 1524 et
519 1461 648 1524 libenter
669 1461 828 1522 annuimus
850 1464 880 1521 et
903 1460 1094 1542 presencium
1118 1459 1196 1523 serie
1212 1459 1351 1523 duximus
1369 1478 1476 1521 conce-

280 1568 423 1640 dendum,
437 1570 585 1631 universis
599 1572 629 1630 et
642 1568 779 1650 singulis,
797 1567 853 1630 sub
871 1567 1010 1631 districtu
1022 1568 1147 1631 Romani
1157 1568 1276 1649 imperii
1292 1568 1475 1639 consfitutis,

278 1679 386 1741 dantes
412 1679 470 1740 hoc
493 1677 591 1740 edicto
613 1678 710 1758 regali
732 1677 867 1740 strictius
889 1676 920 1738 in
943 1676 1107 1747 mandatis,
1136 1682 1169 1741 ut
1195 1677 1294 1759 ipsam
1316 1685 1476 1749 monetam,

279 1791 428 1869 quatenus
451 1785 558 1866 legalis
576 1788 700 1855 existat,
729 1784 809 1846 omni
832 1784 1069 1850 contradictione
1091 1788 1276 1868 postposita,
1304 1792 1478 1850 reverenter

279 1896 438 1961 admittere
455 1914 515 1956 non
530 1893 697 1958 obmittant.

853 2065 916 2136 11.

321 2210 381 2271 der
399 2210 597 2271 bononorum
614 2207 665 2271 dat
681 2206 872 2289 prlrllegluv
895 2224 987 2289 super
1003 2207 1197 2271 concessione
1212 2223 1288 2270 nore
1303 2210 1435 2270 nancte.

827 2326 933 2382 12822

283 2438 371 2510 Kduip
384 2437 490 2507 liudolf
499 2436 609 2492 ereucbt
621 2438 680 2492 eine
694 2438 772 2492 stadt
784 2436 831 2491 uie
842 2438 937 2491 diriore
949 2435 1022 2492 saites
1034 2438 1218 2499 Edelrnonneo,
1245 2435 1291 2492 die
1303 2435 1398 2490 dieser
1410 2433 1483 2506 lvcft

283 2528 358 2582 er‘nee
383 2529 555 2598 leoniglieben
573 2528 760 2594 Prasiorum
778 2524 893 2599 seblctpt,
913 2527 948 2582 im
974 2525 1090 2583 Verlelr
1106 2526 1180 2582 ibree
1195 2527 1300 2583 uelim
1317 2528 1481 2582 zurulsaaeo.

376 2655 498 2715 Gerbert,
512 2654 538 2719 3,
550 2652 595 2707 29.

380 2784 516 2864 Auguste
548 2779 776 2863 magnificencie
805 2784 978 2863 potentatus
1005 2780 1136 2862 augendi
1153 2781 1191 2868 b]
1214 2781 1337 2844 honoris
1363 2779 1484 2862 imperii

290 2892 479 2962 sitibundus,
508 2892 624 2953 illorum
652 2889 822 2972 augmentis
851 2894 881 2951 et
909 2889 1043 2952 comodis
1072 2911 1105 2951 se
1132 2890 1263 2952 libenter
1289 2890 1431 2953 habilitat
1458 2893 1486 2950 et

287 2994 420 3071 inclinat,
439 3002 489 3083 qui
506 2999 709 3081 generositate
727 2997 909 3080 spectabiles
927 3018 1000 3079 erga
1017 3017 1135 3061 sacrum
1152 2998 1309 3080 imperium
1321 2997 1392 3060 fidei
1410 2997 1484 3059 ruti-

288 3113 352 3173 lant
378 3110 490 3172 lumine
519 3108 664 3171 clarioris.
709 3106 790 3170 Sane
819 3127 887 3170 cum
914 3106 1023 3169 nobilis
1046 3107 1082 3170 N.
1108 3108 1170 3169 suis
1193 3107 1339 3189 preclaris
1367 3107 1483 3169 meritis

289 3218 452 3282 obtinuerit
468 3217 547 3299 apud
564 3217 679 3298 regiam
702 3215 902 3298 majestatem,
926 3215 1006 3298 quod
1030 3215 1088 3278 sibi
1104 3221 1249 3298 perpetuo
1266 3217 1376 3280 cudere
1394 3216 1484 3278 liceat

288 3328 366 3390 inira
394 3332 474 3390 terre
502 3346 556 3389 sue
584 3324 754 3387 districtum
781 3329 931 3387 monetam
951 3324 1058 3405 legalis
1081 3326 1285 3388 numismatis:
1316 3325 1353 3388 de
1381 3328 1483 3389 nostra

291 3437 420 3499 licencia
437 3441 468 3499 et
483 3434 595 3516 regalis
611 3433 796 3516 plenitudine
813 3435 972 3516 potestatis
988 3434 1176 3497 universitati
1192 3441 1291 3497 vestre
1308 3437 1485 3499 auctoritate

290 3545 375 3627 regia
408 3542 620 3607 committimus
644 3544 682 3624 e)
712 3547 742 3605 et
767 3562 932 3624 rogamus,
972 3540 1149 3604 mandantes
1181 3543 1297 3614 eciam,
1338 3550 1484 3626 quatenus

290 3660 423 3719 nostram
440 3653 481 3735 d]
497 3657 657 3724 monetam,
673 3652 763 3734 legali
778 3650 976 3734 impressione
992 3652 1160 3722 formatam,
1182 3672 1270 3736 quam
1288 3653 1358 3716 cudi
1378 3651 1485 3715 fecerit

291 3764 372 3826 idem
389 3762 508 3833 nobilis,
525 3766 558 3825 ut
574 3760 713 3843 superius
730 3764 777 3822 est
794 3779 979 3842 expressum,
996 3759 1027 3820 in
1042 3758 1118 3822 locis
1134 3764 1244 3824 vestris
1267 3765 1298 3823 et
1313 3760 1484 3824 civitatibus

292 3876 469 3936 reverenter
485 3870 642 3933 admittere
660 3870 818 3941 studeatis,
836 3870 950 3932 alterna
967 3868 1147 3931 commercia
1163 3870 1383 3951 permittentes,
1401 3873 1431 3930 et
1447 3866 1484 3953 e)

294 4003 341 4055 ea,
359 3985 465 4068 quovis
482 4001 541 4043 non
557 3979 696 4043 obstante
712 3979 937 4062 impedimento,
954 3977 1078 4040 liberius
1095 3978 1240 4069 exerceri.

386 4143 418 4212 a)
433 4147 494 4196 suut
507 4142 575 4196 fehlt
588 4142 615 4194 Z.
624 4172 656 4180 -
666 4142 698 4211 b)
709 4142 805 4213 agendi
817 4142 847 4196 v.
856 4170 889 4178 -
898 4140 929 4209 c)
940 4140 1132 4194 committamus
1145 4139 1174 4193 V.
1183 4142 1243 4194 -d
1238 4140 1260 4209 )
1270 4140 1354 4211 ipsam
1365 4141 1484 4195 Gerborl.

295 4232 464 4303 -uuv

389 4396 511 4457 Gerbert,
531 4398 551 4449 l.
563 4413 586 4449 c.
600 4396 689 4450 macbt
708 4394 803 4450 darauf
821 4394 1005 4456 animerksam,
1025 4394 1087 4448 dass
1106 4394 1208 4448 Ruoolr
1223 4392 1480 4450 am19.luni1282

298 4487 358 4543 dem
377 4487 475 4542 Grafen
494 4487 605 4541 Rainald
622 4504 648 4540 v.
668 4486 786 4542 Geldcrn
807 4489 938 4556 gestattet
956 4488 1033 4549 habe,
1052 4486 1078 4540 in
1097 4487 1301 4555 Herzogenrode
1320 4486 1379 4541 eine
1398 4488 1486 4540 livinus

299 4574 479 4633 einauricbteu
499 4578 551 4632 uod
576 4578 711 4632 disselbeu
726 4580 840 4632 Mivnzen
863 4596 895 4632 zu
919 4577 1059 4648 sublegere,
1074 4578 1124 4631 avie
1141 4578 1166 4631 in
1180 4576 1304 4649 Limburg
1319 4576 1401 4648 (Reg.
1414 4574 1486 4637 llud,

298 4686 342 4726 no.
361 4667 415 4722 686
428 4670 481 4722 und
501 4667 582 4739 687),
600 4668 652 4722 und
670 4670 827 4729 vermulhet‚
848 4667 910 4722 dass
937 4683 1019 4722 unser
1038 4665 1110 4721 Rriel
1126 4667 1276 4738 gleicbfolls
1306 4668 1333 4721 in
1356 4668 1404 4721 dus
1421 4666 1481 4721 Jabr

302 4759 372 4813 1282
392 4759 497 4830 gehdrt.
