3209 5392
1250 497 1325 567 197

150 650 358 730 emergencium
390 649 565 713 difficultate
597 669 736 714 curarum
766 654 861 733 patris
893 651 1124 715 sollicitudinem
1162 655 1192 713 et
1221 651 1328 713 matris

149 755 233 818 ubera
264 777 322 819 non
353 755 515 826 subtraxit,
548 758 579 819 in
612 758 794 822 sinceritatis
835 764 866 821 et
897 778 1084 822 communem
1114 757 1267 838 religionis
1285 757 1327 842 a)

149 863 301 926 christiane
319 864 466 926 culturam
481 869 512 925 te
530 864 570 948 b)
586 865 617 925 in
632 866 786 947 prosperis
802 865 916 928 invenit
931 864 1035 934 tilium,
1052 870 1082 926 et
1097 865 1178 927 inter
1201 864 1328 926 adversa

149 971 412 1033 constantissimum
425 976 456 1032 et
472 970 625 1041 devotum,
642 991 730 1055 quem
747 974 908 1036 recolenda
923 973 1149 1054 progenitorum
1166 972 1325 1034 sinceritas

150 1076 310 1140 devocionis
327 1077 485 1157 reliquisse
510 1078 653 1140 heredem
676 1080 858 1159 presumitur
890 1084 921 1141 et
943 1080 1048 1142 matris
1065 1079 1195 1141 ecclesie
1210 1078 1324 1140 secisse

148 1189 174 1245 te
200 1181 346 1245 oredimus
372 1182 545 1246 continuata
572 1183 720 1247 beneficia
750 1206 811 1247 non
843 1186 1002 1266 ingratum.
1048 1185 1238 1267 Quapropter
1268 1205 1328 1248 nou

146 1288 258 1369 indigne
283 1290 403 1372 quidem
430 1289 531 1351 mirari
560 1291 781 1371 compellimur,
810 1293 890 1373 quod
907 1292 1027 1374 quidam
1043 1293 1129 1372 regni
1153 1292 1196 1354 tui
1213 1289 1328 1360 clerici,
1353 1293 1356 1298 '

151 1417 205 1458 non
220 1397 405 1460 decurrentis
422 1401 566 1478 temporis
583 1403 712 1469 sortem,
735 1399 790 1460 sed
806 1399 910 1461 mortis
933 1399 1092 1462 consorcia
1106 1404 1329 1479 presumentes,

147 1504 311 1583 questuaria
328 1504 492 1596 cupiditate
510 1489 671 1573 succensi,
689 1506 821 1567 Romane
839 1508 921 1569 curie
939 1507 1085 1575 clericos,
1108 1506 1159 1587 qui
1183 1524 1330 1586 procura-

146 1610 233 1670 cionis
250 1610 350 1672 officio
372 1610 414 1671 ibi
438 1610 570 1690 degunt,
600 1617 734 1673 mortuos
761 1613 963 1683 mentiuntur,
991 1633 1093 1675 eorum
1116 1612 1175 1673 sibi
1192 1611 1325 1677 conferri

144 1715 281 1780 beneficia
299 1714 356 1779 sub
372 1716 461 1778 buius
477 1717 617 1779 salsitatis
639 1718 762 1798 ingenio
784 1725 992 1804 procurantes.
1024 1721 1105 1782 lnter
1126 1737 1202 1800 quos
1226 1736 1331 1786 eorum

145 1822 257 1903 quidam
289 1823 436 1906 quosdam
466 1821 642 1886 karissimos
674 1830 813 1896 nostros,
852 1825 939 1888 nobis
971 1846 1007 1888 ac
1039 1825 1182 1889 fratribus
1216 1824 1328 1886 nostris

143 1930 260 2010 speciali
281 1930 457 1994 sinceritate
486 1930 680 2002 coniunctos,
708 1932 784 1993 false
813 1932 1019 2013 suggestionis
1049 1931 1185 2013 suspiriis
1215 1930 1328 1992 obiisse

142 2037 261 2109 mentiti,
286 2058 391 2101 eorum
407 2036 565 2108 ecclesias,
586 2037 833 2117 procuratoribus
850 2038 957 2100 amotis
975 2037 1013 2100 ab
1029 2038 1103 2119 ipsis
1128 2042 1158 2099 et
1180 2036 1328 2099 fructibus

144 2145 172 2205 in
198 2150 357 2227 sequestro
385 2144 508 2226 positis,
536 2144 654 2207 furtivis
678 2143 856 2227 quibusdam
878 2145 1001 2208 ausibus
1026 2150 1096 2207 sunt
1111 2144 1222 2226 adepti.
1256 2144 1330 2206 Cum

142 2250 231 2331 igitur
256 2258 319 2315 tam
347 2250 524 2313 detestande
546 2250 661 2313 fraudis
684 2251 818 2314 astucias
843 2257 874 2313 et
896 2257 1072 2332 argumenta
1096 2251 1157 2313 suis
1175 2250 1330 2331 arguenda

141 2360 309 2440 primordiis
338 2379 466 2421 censura
494 2359 580 2439 regia
606 2359 736 2421 transire
763 2380 824 2421 non
852 2359 962 2422 debeat
996 2359 1146 2441 inpunita:
1182 2379 1249 2429 nos,
1278 2359 1329 2441 qui

143 2468 347 2530 universorum
375 2479 497 2530 causam
522 2467 665 2548 prosequi
688 2471 826 2530 tenemur
854 2471 886 2528 nt
911 2472 1061 2538 nostram,
1091 2467 1200 2554 quique
1229 2486 1331 2528 sumus

144 2574 350 2655 speciales'tui
366 2572 503 2636 culminis
519 2574 685 2645 zelatores,
713 2575 794 2637 same
811 2580 862 2637 tue
880 2574 1087 2654 dispendium,
1116 2575 1201 2655 quasi
1217 2579 1332 2637 tactum

140 2681 225 2753 oculi,
257 2703 320 2744 non
352 2682 502 2743 ferentes:
528 2677 743 2765 serenitatem
765 2686 846 2743 tuam
878 2701 1020 2761 rogamus
1053 2685 1083 2742 et
1113 2680 1269 2743 hortamur
1299 2679 1331 2744 in

139 2788 275 2861 Domino,
296 2792 454 2870 quatenus,
471 2806 525 2867 pro
543 2786 624 2848 sedis
641 2787 806 2869 apostolice
822 2787 998 2850 reverencia
1014 2793 1045 2849 et
1062 2791 1163 2849 nostre
1180 2788 1333 2849 interven-

139 2895 232 2957 cionis
242 2898 404 2976 respectu,
420 2893 666 2974 procuratoribus
685 2894 927 2975 cappellanorum
940 2893 1144 2974 predictorum
1157 2892 1330 2954 subtractas

140 3004 287 3066 ecclesias
315 3003 433 3066 restitui
453 3001 549 3064 facias
573 3006 604 3063 et
623 3021 785 3083 procures,
815 2981 883 3064 cum
907 3022 966 3063 non
988 3000 1138 3063 modicum
1156 3000 1262 3061 exinde
1278 3004 1329 3062 tuo

138 3108 336 3191 derogaretur
351 3109 468 3180 honori,
486 3110 522 3180 si,
539 3114 570 3171 te
587 3109 812 3179 consenciente,
830 3107 885 3170 sub
901 3107 1071 3170 huiusmodi
1089 3106 1229 3189 nequicia
1244 3106 1331 3168 lede-

139 3237 238 3280 remur
265 3219 299 3280 in
320 3217 431 3281 nostris
461 3236 496 3277 ac
518 3218 769 3297 persequencium
796 3215 947 3278 morsibus
974 3214 1080 3295 pocius
1108 3214 1330 3295 preservandis,

137 3325 297 3404 presertim
320 3344 388 3386 cum
403 3313 495 3385 iidem
519 3322 687 3404 cappellani
708 3343 763 3404 pro
780 3324 842 3384 suis
858 3321 991 3393 meritis,
1019 3326 1122 3384 nostro
1146 3341 1181 3383 ac
1199 3321 1330 3383 omnium
1403 3325 1405 3330 '

137 3431 260 3495 fratrum
285 3438 455 3495 nostrorum
478 3433 580 3494 favore
608 3430 734 3502 muniti,
763 3431 873 3493 adesse
901 3432 1019 3511 possint
1045 3429 1124 3492 omni
1141 3429 1178 3512 c)
1195 3434 1330 3510 tempore

136 3540 228 3619 regiis
247 3539 403 3620 obsequiis
427 3538 589 3609 fructuosi,
619 3544 649 3601 et
665 3558 739 3608 nos,
757 3538 808 3621 qui
824 3538 1028 3618 predictorum
1045 3537 1182 3597 iniuriam
1198 3542 1332 3598 nostram

135 3649 238 3725 procul
257 3646 349 3709 dubio
365 3651 538 3726 reputamus
555 3645 712 3717 offensam,
734 3665 788 3726 pro
807 3645 850 3707 eis
868 3665 903 3728 eo
920 3643 1142 3724 interpellemus
1160 3640 1280 3711 ellectu,
1297 3646 1332 3703 ut

135 3752 172 3813 ad
200 3754 338 3833 graciam
366 3751 570 3815 exaudicionis
598 3752 721 3814 admissi
746 3757 792 3823 et,
822 3755 964 3831 suscepto
992 3750 1028 3810 de
1052 3755 1103 3812 111
1119 3747 1329 3810 benivolencia

134 3878 271 3931 munere,
291 3859 517 3941 quodpetimus,
534 3860 575 3921 ad*
589 3860 722 3939 graciam
733 3858 789 3922 tibi
801 3864 956 3922 teneamur
968 3877 1028 3919 non
1041 3856 1188 3918 immerito
1201 3854 1332 3917 retribu-

136 3965 231 4027 cionis
249 3966 384 4047 graciam
401 3970 443 4050 d)
460 3987 519 4027 non
534 3966 655 4047 ingrati.

225 4127 262 4194 a)
283 4125 419 4195 religionis
441 4143 483 4179 am
505 4124 596 4179 Raude
615 4125 645 4179 V.
665 4154 692 4165 -
712 4125 745 4191 b)
770 4128 796 4177 te
822 4125 870 4179 auf
889 4127 976 4179 Rasur
994 4125 1025 4178 V.
1042 4119 1331 4191 -c)omnir“1berge-

132 4214 278 4270 sebrieben
289 4215 318 4268 V.
333 4244 361 4253 -
378 4215 412 4283 d)
427 4213 542 4284 graciam
556 4232 628 4267 muas
641 4214 781 4284 wegfalleu
795 4215 849 4267 und
862 4213 1047 4267 retribucionis
1062 4213 1108 4265 auf
1120 4212 1169 4264 das
1182 4211 1330 4286 verborge-

133 4320 259 4371 gangene
273 4304 306 4357 ad
321 4304 436 4372 graciam
450 4306 569 4372 bezogen
583 4302 697 4356 werden.
