3209 5392
1238 490 1312 565 159

226 664 414 735 Ergdnrungen
434 679 481 718 sus
500 661 780 719 linillsrd-Brc'ebolles
799 662 832 720 Vl
851 660 1004 719 398-399.
1026 664 1199 720 innocencius
1212 669 1265 721 ete·
1281 675 1316 705 -’

146 755 175 826 a)
191 755 223 809 Er
239 756 304 814 habe
322 756 373 808 den
390 754 504 809 l'iirsten
519 757 622 825 gesagt,
644 755 693 808 der
706 756 788 825 Papst
805 756 895 810 werde
912 756 978 810 anch
997 756 1071 810 ihrer
1088 756 1161 810 nicht
1178 755 1312 817 sobonem

145 845 287 900 diellirobe
309 849 397 898 mrisse
420 861 476 898 arm
495 844 554 898 sein
577 844 625 897 wie
642 844 668 898 in
688 846 763 900 ihren
786 844 979 899 ersieoheiten
993 846 1045 900 und
1068 862 1100 900 er
1113 846 1179 900 bobo
1203 846 1242 901 sie
1255 863 1311 899 arm

145 935 269 1006 gemacht:
285 940 313 989 et
324 935 481 989 studiose-
491 931 709 1006 exercere-d)
724 935 773 988 bie
786 934 894 997 llircbe,
907 935 949 990 die
962 936 1022 990 sich
1037 936 1086 990 der
1097 936 1306 992 unterdrriehten

145 1023 258 1080 christon
273 1024 414 1088 annehme,
431 1024 500 1079 loide
512 1025 566 1078 viel
580 1040 631 1079 von
644 1023 704 1079 dem
716 1025 872 1094 Tyranocnr
886 1025 935 1080 sed
948 1024 1157 1082 Christianorum
1168 1056 1195 1067 -
1203 1026 1315 1097 propul-

143 1114 211 1170 satis.
528 1149 531 1156 ι

225 1187 272 1241 Die
284 1186 461 1258 Wilheringer
474 1187 539 1241 ii-s.
553 1185 602 1241 llo.
616 1185 652 1241 60
671 1186 718 1241 bat
737 1185 827 1242 diesen
848 1186 924 1242 Briei
937 1188 984 1243 mit
1002 1189 1052 1244 der
1073 1186 1206 1260 riehtigen
1225 1189 1313 1243 Rand-

143 1277 306 1347 hemerhung:
330 1277 488 1348 responsiva
516 1276 645 1348 epistolae
667 1276 811 1333 Friderioi:
839 1278 904 1334 lllos
926 1278 1027 1335 felices.
1051 1280 1079 1334 S.
1102 1285 1181 1333 anton
1194 1281 1250 1334 Fol.
1263 1280 1310 1340 73,

142 1381 179 1421 no.
192 1365 234 1421 ci.
256 1369 337 1424 Perts
350 1367 431 1423 brcb.
443 1369 470 1431 ⁷,
483 1366 545 1424 897.

700 1648 763 1724 28.

452 1843 529 1926 irps
544 1843 776 1927 archiepiscopis
793 1850 824 1909 ei
840 1845 999 1929 episcopis.

645 2019 720 2076 Eudo
733 2017 813 2074 1244.

131 2181 256 2237 Innocens
270 2181 318 2237 lV.
335 2180 440 2253 sordem
457 2181 502 2236 elie
516 2179 672 2253 procoma
689 2183 802 2238 maen
822 2181 883 2253 aas,
905 2182 964 2237 dem
982 2182 1068 2238 durch
1085 2182 1131 2238 elie
1149 2182 1317 2240 Choreomier

353 2270 417 2326 bart
427 2271 590 2344 dedrdngten
602 2270 718 2344 heiligen
729 2272 823 2327 Laude
834 2270 909 2343 Hilfe
920 2290 953 2328 zu
965 2272 1090 2329 lereiien.

214 2436 315 2500 Terra
331 2441 446 2508 sancta,
463 2434 576 2500 Christi
591 2453 734 2517 respersa
750 2435 908 2518 sanguine,
929 2442 999 2520 post
1014 2438 1119 2519 gravia
1134 2459 1188 2502 sue
1205 2439 1312 2503 crebre

131 2539 333 2609 desolacionis
349 2544 477 2617 excidia,
494 2549 564 2626 post
579 2542 673 2626 ipsius
690 2544 832 2609 continua
849 2565 885 2607 ex
899 2545 1050 2630 frequenti
1074 2566 1195 2610 suorum
1210 2553 1314 2629 strage

129 2650 269 2726 lamenta,
298 2673 377 2717 nunc
405 2649 508 2718 durius
534 2651 626 2716 sentit
651 2671 756 2716 manus
784 2651 904 2718 inimice
931 2654 1096 2736 flagellum,
1124 2676 1202 2719 nune
1230 2656 1315 2738 luget

131 2762 260 2825 amarius
302 2767 334 2824 et
369 2760 479 2824 interni
510 2760 621 2826 doloris
656 2779 783 2825 acumen
820 2762 945 2825 alterata
981 2781 1056 2827 voce
1091 2763 1317 2827 lamentacionis

127 2870 255 2951 exponit.
291 2869 331 2932 Et
345 2889 401 2932 nos
417 2868 537 2934 acribus
555 2869 619 2932 eius
636 2868 797 2951 conpuncti
812 2869 943 2932 lacrimis
966 2874 996 2934 et
1010 2870 1117 2934 validis
1134 2872 1316 2937 elamoribus

126 2979 259 3051 excitati,
286 2974 346 3042 una
363 2977 513 3060 cumipse
529 2998 584 3041 sue
601 2982 631 3041 et
647 2981 749 3039 nostre
765 2977 991 3059 persecucionis
1014 2980 1195 3044 conterimur
1210 2982 1316 3046 malleo

126 3106 260 3172 suosque
277 3106 315 3151 ac
336 3092 456 3150 nostros
477 3084 664 3150 miserabiles
687 3105 778 3151 casus
801 3104 905 3150 seeum
926 3085 1041 3168 paritor
1061 3087 1260 3170 deploramus.
1291 3090 1316 3154 0

127 3213 216 3278 quam
233 3195 397 3260 dolendum
412 3214 430 3258 a
444 3192 582 3259 fidelibus
599 3193 746 3267 omnibus,
763 3194 844 3277 quod
865 3195 967 3267 locus,
984 3194 1095 3259 Christi
1111 3196 1316 3262 sanctificatus

125 3305 303 3388 presencia,
334 3302 609 3386 blasphemanoium
639 3304 737 3386 ipsum
768 3303 939 3370 residencia
968 3305 1190 3387 prophanetur!
1222 3307 1317 3389 Quam

42 3467 45 3476 .
126 3409 322 3498 gemendum,
335 3414 414 3498 quod
426 3419 518 3486 terra,
534 3414 564 3477 in
581 3433 640 3497 qua
656 3433 752 3496 genus
768 3414 929 3479 humanum
945 3414 983 3478 de
999 3421 1116 3479 vetuste
1134 3417 1314 3499 captivitatis

124 3522 193 3607 iugo
222 3524 385 3588 liberatum
412 3522 544 3595 exstitit,
572 3522 603 3586 in
630 3522 859 3606 ignominiosam
886 3524 1035 3607 redigitur
1061 3526 1252 3592 seruitutem!
1287 3529 1313 3593 0

129 3650 219 3716 quam
242 3632 484 3714 inproperiosnm
510 3629 747 3695 Christianorum
775 3631 968 3714 obprobrium
983 3639 1014 3697 et
1030 3633 1315 3716 obprobriosumin-

126 3741 314 3824 properium,
343 3741 422 3824 quod
437 3740 490 3804 ubi
510 3739 568 3804 Dei
594 3738 672 3803 illius
699 3741 856 3823 temporali
877 3747 972 3805 morte
995 3741 1094 3805 crucis
1117 3743 1155 3806 de
1171 3750 1316 3826 perpetue

125 3850 266 3914 cruciatu
299 3849 403 3914 mortis
441 3849 525 3932 ipsos
558 3849 681 3932 eripuit,
714 3848 756 3912 ibi
792 3850 959 3913 acerbitate
995 3849 1246 3933 blasphemiarum
1285 3860 1317 3917 et

126 3957 293 4041 impietatis
310 3956 421 4022 decore
434 3956 475 4043 a)
493 3956 658 4021 cruciaturi
687 3957 713 4021 0
730 3976 819 4040 quam
834 3957 1031 4048 inestimabile
1047 3959 1220 4041 dampnum,
1238 3961 1318 4045 quod

123 4066 366 4148 predecessores
394 4064 505 4137 nostri,
533 4084 658 4149 quorum
680 4069 793 4129 abente
816 4071 846 4131 et
867 4066 1002 4129 studiosa
1033 4066 1200 4132 sollicitudo
1218 4069 1315 4133 eidem

125 4180 209 4239 terre
255 4194 316 4239 non
338 4174 377 4261 t)
408 4173 519 4246 deluit,
558 4157 687 4237 inaniter
727 4174 962 4256 quodammodo·
987 4175 1069 4239 cirea
1112 4177 1317 4242 defensionem

124 4283 190 4349 cius
226 4282 372 4365 vigilasse
411 4281 564 4353 videntur,
608 4281 688 4365 quod
719 4280 845 4364 populus
877 4280 1081 4357 Christianus,
1119 4284 1203 4348 ouius
1234 4291 1316 4350 terra

125 4390 235 4456 eadem
276 4392 385 4456 sudore
427 4388 603 4453 multociens
640 4390 769 4453 manavit
790 4389 829 4476 c)
868 4389 993 4474 eiusque
1032 4394 1178 4474 sanguine
1215 4394 1317 4459 rubuit

124 4519 200 4584 sepe
225 4519 352 4583 sparso,
379 4517 490 4562 vacuos
512 4497 672 4581 pertulisse
694 4496 812 4561 labores
835 4505 1030 4583 sumptusque
1051 4501 1171 4566 inutiles
1192 4510 1317 4586 propter

217 4625 255 4694 a)
277 4624 408 4681 dedecore
431 4642 464 4681 uu
487 4626 569 4680 lesen.
593 4656 619 4665 -
641 4623 674 4693 d)
692 4642 743 4681 non
756 4642 798 4681 arn
811 4625 902 4680 Raude
915 4655 948 4667 -
963 4628 995 4696 c)
1008 4643 1049 4681 am
1061 4626 1151 4683 Rnnde
1164 4630 1235 4683 steht
1249 4630 1316 4684 alius

124 4715 231 4774 maduit
244 4716 278 4772 V.
