3209 5392
792 812 852 882 19.

555 988 751 1050 Romanorum
775 1007 827 1049 rer
851 988 919 1050 duci
944 987 1081 1051 serente.

459 1165 461 1168 ·
495 1143 573 1197 1278.
588 1144 694 1213 August
707 1144 752 1201 27.
766 1146 791 1198 in
805 1146 902 1199 castris
915 1145 988 1214 apud
1002 1146 1142 1215 Velsperg.

216 1286 303 1356 Ko'nip
324 1287 427 1358 liudolf
444 1287 512 1357 zeiqt
532 1288 590 1340 dem
612 1289 728 1358 Herzope
749 1306 798 1341 von
819 1286 939 1341 Soclocen
960 1286 1051 1341 reicere
1073 1304 1115 1340 am
1137 1286 1186 1340 26.
1212 1288 1313 1355 despuet
1336 1286 1392 1339 127
1394 1284 1413 1337 8

563 1376 629 1430 atbar
645 1377 744 1430 Otokor
757 1376 926 1447 crfocdtcnen
939 1376 1004 1447 step
1016 1394 1060 1431 oo.

304 1484 429 1545 Gerbert‚
446 1485 472 1547 3,
489 1484 532 1536 tt.

304 1608 605 1693 Quantisobprobriis
614 1610 1108 1692 etprobrosisiniuriisindesinens
1120 1610 1285 1692 reipublice
1300 1607 1412 1671 distur-

212 1715 310 1787 bator,
327 1718 477 1798 quondam
494 1718 543 1790 0„
560 1718 682 1780 illustris
702 1739 755 1780 rex
766 1718 975 1789 Bohemorum‚
993 1740 1048 1782 nos
1068 1717 1217 1799 inpulerit,
1235 1722 1268 1779 ut
1288 1716 1326 1779 ad
1346 1715 1409 1777 eius

213 1829 336 1887 conatus
354 1826 487 1888 nefarios
503 1826 700 1889 refrenandos
717 1844 836 1888 manum
852 1832 954 1888 nostre
966 1826 1106 1907 potencie
1118 1826 1299 1895 levaremus,
1317 1843 1405 1886 nemo

212 1937 241 1994 te
258 1932 340 1995 novit
354 1932 477 2005 melius,
488 1948 574 2003 norro
592 1933 667 1996 vidit
682 1934 832 2015 apercius‚
850 1952 939 2016 quam
955 1938 988 1996 tu
1003 1933 1145 2014 princeps
1169 1931 1336 2001 carissime,
1354 1931 1406 2013 qui

212 2040 475 2121 conspiraciones,
504 2060 578 2122 quas
606 2041 686 2103 idem
713 2060 766 2103 rex
789 2040 935 2103 adversus
964 2045 1097 2103 nostram
1125 2038 1250 2102 salutem
1278 2039 1405 2109 iecerat,

189 2147 386 2209 =insidiarum
412 2146 510 2209 iacula
539 2166 595 2228 quc
623 2147 816 2218 detenderet,
844 2148 968 2229 laqueos
997 2165 1072 2228 quos
1101 2144 1312 2216 absconderat,
1347 2165 1407 2207 non

210 2254 342 2334 ignoras.
370 2254 409 2316 ut
431 2254 569 2337 quoniam
586 2253 773 2316 deterrente
790 2253 858 2316 talis
875 2253 1057 2316 discriminis
1074 2251 1232 2335 aliquando
1250 2251 1408 2315 nobiscum

211 2361 275 2423 dire
292 2360 497 2424 amaritudinis
514 2362 639 2424 haustus
656 2363 760 2424 felleos
777 2362 818 2446 a)
836 2362 999 2444 accepisti,
1028 2361 1150 2441 dignum
1174 2361 1343 2432 credimus,
1371 2368 1405 2430 ut

141 2499 143 2502 ·
212 2475 243 2531 et
258 2488 337 2531 nunc
353 2467 513 2532 letificatus
531 2489 567 2530 ex
582 2475 684 2532 nostra
700 2469 871 2550 triumphali
888 2470 984 2550 gloria
1006 2469 1136 2532 feliciter
1159 2469 1296 2540 satieris,
1320 2473 1406 2549 post-

212 2597 300 2660 quam
315 2577 361 2639 rei
389 2582 476 2657 geste
493 2577 667 2658 perceperis
691 2598 727 2639 ex
748 2577 807 2638 biis
836 2578 947 2640 nostris
976 2578 1071 2641 literis
1101 2577 1284 2659 qualitatem.
1319 2575 1444 2640 Scias·

212 2686 326 2767 itaque,
344 2684 424 2767 quod
440 2704 494 2747 nos
511 2684 612 2746 feria
628 2684 760 2766 quinta
775 2686 947 2765 proxima
962 2690 1049 2766 post
1065 2687 1204 2748 festum
1228 2684 1406 2768 sanctib)

212 2791 471 2855 bartholomei
487 2792 655 2873 apostoli
669 2792 707 2878 ¹),
731 2813 765 2855 eo
782 2792 849 2855 loco
866 2793 1029 2876 locavimus
1046 2798 1146 2854 castra
1163 2798 1283 2863 nostra,
1312 2811 1370 2873 quo
1388 2811 1405 2852 a

212 2899 350 2962 tentoriis
383 2899 456 2962 dicti
486 2901 569 2982 regis
596 2899 740 2962 Bobemie
757 2900 796 2984 c)
818 2900 867 2962 vix
897 2901 936 2963 ad
967 2901 1101 2981 spacium
1134 2899 1249 2962 dimidii
1279 2899 1405 2962 miliaris

213 3007 365 3071 deutonici
382 3008 422 3089 d)
439 3007 633 3070 distabamus.
665 3008 753 3069 Mane
769 3011 974 3070 verosexte
1004 3007 1104 3069 ferie
1129 3007 1410 3090 subsequentis

214 3135 273 3178 una
301 3135 369 3178 cum
398 3115 507 3201 dilecto
535 3114 595 3176 filio
623 3119 744 3186 nostro,
773 3134 847 3195 rege
864 3114 1013 3196 Ungarie,
1041 3116 1253 3195 procedentes,
1283 3134 1410 3177 cuneum

214 3224 346 3284 acierum
363 3227 533 3284 nostrarum
558 3222 746 3289 adiunximus
768 3220 901 3314 hostium
925 3221 1071 3291 stacioni,
1100 3220 1223 3304 sicque,
1252 3221 1327 3283 bora
1350 3220 1409 3283 diei

215 3329 301 3411 quasi
323 3335 423 3399 sexta,
451 3328 530 3390 inter
550 3349 605 3391 nos
628 3329 730 3409 gravis
752 3348 853 3409 pugna
871 3329 1080 3400 committitur,
1108 3329 1138 3390 in
1161 3348 1220 3411 qua
1237 3330 1334 3392 dictus
1357 3349 1410 3390 rer
1432 3391 1436 3404 ,

216 3435 426 3506 bohemorum,
439 3455 522 3497 more
535 3436 669 3497 strennui
681 3436 791 3517 pugilis
804 3435 931 3499 viriliter
943 3456 976 3497 se
989 3436 1166 3506 defendens,
1179 3436 1301 3499 tandem
1312 3436 1410 3500 victus

218 3543 370 3612 occubuit,
387 3562 448 3604 non
464 3546 566 3603 nostra
581 3541 689 3604 virtute
705 3547 886 3623 prostratus,
903 3543 969 3613 sed,
986 3542 1051 3605 Deo
1070 3541 1176 3623 pocius
1193 3542 1411 3624 inpugnantem

217 3649 453 3732 rempublicam
476 3646 574 3712 subito
598 3653 806 3729 expugnante,
827 3648 945 3711 fortiter
962 3655 1009 3712 est
1025 3649 1156 3713 collisus.
1190 3651 1223 3712 ln
1238 3669 1297 3732 quo
1314 3652 1411 3713 eciam

218 3759 296 3822 bello
312 3758 395 3839 regis
411 3757 609 3821 Bohemorum
625 3758 819 3837 potenciores
835 3762 887 3820 aut
903 3758 1011 3819 mortui
1029 3757 1128 3837 gladio
1145 3757 1338 3829 oeciderunt,
1361 3765 1412 3821 aut

217 3866 289 3929 victi
306 3866 479 3935 certamine,
497 3865 566 3925 dum
583 3885 616 3926 se
633 3864 671 3925 ad
686 3864 851 3944 presidium
867 3864 939 3944 fuge
956 3870 1178 3937 converterent,
1194 3866 1232 3928 ab
1249 3866 1411 3949 insequen-

218 3978 298 4040 tibus
315 3980 385 4037 sunt
401 3974 523 4037 detenti.
556 3973 666 4037 Verum
684 3993 751 4034 curn
768 3994 804 4034 ex
821 3972 912 4034 certis
930 3972 1051 4035 indiciis
1067 3973 1154 4037 nobis
1177 3979 1307 4046 constet,
1328 3976 1410 4057 quod

218 4108 277 4149 non
294 4090 406 4153 nostra,
423 4073 478 4145 sed
495 4081 600 4144 summi
615 4081 683 4151 Dei,
700 4081 789 4143 vitam
807 4085 940 4143 nostram
956 4081 988 4143 in
1003 4085 1087 4144 tanto
1105 4081 1277 4144 discrimine
1293 4082 1412 4145 miseri-

219 4190 585 4273 corditerprotegentis,
621 4188 762 4270 potencia
792 4188 1001 4269 triumphavit,
1039 4194 1213 4270 presentem
1243 4191 1411 4270 preclaram

218 4299 375 4363 victoriam
389 4298 467 4360 illius
484 4295 586 4378 tytulis
604 4300 634 4358 et
649 4295 757 4357 honori
773 4294 969 4366 ascribimus,
992 4294 1043 4377 qui
1059 4295 1098 4357 ad
1114 4301 1216 4358 nostre
1235 4296 1413 4365 humilitatis
1463 4344 1464 4347 κ

312 4423 345 4487 a)
361 4423 460 4476 uelleos
473 4423 503 4476 V.
517 4451 552 4461 -
565 4420 597 4490 b)
611 4420 681 4475 beati
694 4420 722 4472 Z.
739 4450 771 4459 -
786 4420 818 4488 c)
839 4419 962 4473 bohemie
983 4421 1033 4474 aui
1047 4420 1134 4474 Rasur
1151 4422 1181 4475 v.
1195 4451 1231 4461 -
1244 4421 1279 4490 d)
1300 4423 1409 4477 theuto·

218 4514 272 4567 nici
298 4512 326 4565 Z.

245 4694 268 4754 1)
286 4694 325 4737 25.
343 4694 433 4750 August
451 4692 521 4736 1278.
