3209 5392
272 484 415 556 32.

271 678 307 742 0.
321 677 378 742 Dei
394 680 497 761 gracia
513 680 702 745 marchiones
719 682 757 745 de
773 683 992 767 Brandenburg
1008 684 1185 769 obsequium
1202 707 1270 750 cum
1287 687 1327 773 a)
1343 704 1467 769 promp-

270 789 396 853 titudine
412 790 581 855 voluntatis.
599 791 724 856 Noverit
740 794 917 858 reverencia
932 802 1031 859 vestra
1049 796 1129 880 quod
1146 797 1268 860 eumad
1285 797 1467 860 citacionem

271 904 400 962 vestram
416 898 620 982 Maydeburcb
636 900 675 988 b)
697 903 800 965 venire
828 924 886 967 non
914 906 1082 986 possimus,
1110 906 1210 968 causis
1229 903 1465 970 racionabilibus

196 1078 200 1081 ¹
270 1007 482 1095 impeditio),
510 1009 686 1074 familiarem
718 1017 852 1075 nostrum
869 1013 909 1098 d)
931 1020 1158 1095 procuratorem
1187 1015 1396 1079 constituimus
1429 1011 1467 1075 ad

270 1116 431 1199 petendum
453 1117 606 1191 inducias,
635 1119 674 1182 ad
695 1120 883 1203 allegandum
900 1128 941 1194 et,
959 1122 984 1183 si
1002 1143 1129 1186 necesse
1145 1125 1252 1197 fuerit,
1275 1124 1313 1188 ad
1329 1142 1470 1206 compro-

270 1225 401 1288 bandum
423 1247 524 1291 coram
540 1228 626 1291 vobis
651 1230 688 1293 de
710 1230 892 1312 inpotencia
914 1231 1053 1294 veniendi
1075 1239 1106 1296 et
1134 1233 1172 1296 ad
1195 1232 1424 1316 appellandum,
1446 1231 1471 1293 si

272 1334 330 1398 sibi
345 1336 441 1399 visum
457 1337 549 1401 fuerit
564 1339 726 1421 expediens
743 1345 773 1403 et
789 1339 965 1403 consultum.
983 1340 1050 1403 Dat.

298 1597 535 1683 Procuratorlun
552 1599 590 1662 ad
603 1602 826 1683 proponendam
842 1602 1053 1683 excepclonen
1069 1600 1241 1666 dilatoria·
1253 1602 1289 1664 ln
1308 1601 1451 1665 solidum.

362 1792 592 1856 venerabilibus
621 1794 749 1858 dominis
774 1801 832 1859 etc.
862 1801 958 1860 totum
981 1802 1013 1860 ut
1029 1817 1128 1879 supra.
1161 1796 1348 1860 Reverencie
1370 1801 1474 1858 vestre

274 1907 375 1965 notum
392 1901 532 1975 facimus,
550 1903 630 1985 quod
647 1924 701 1967 nos
717 1903 894 1968 familiarem
912 1911 1047 1969 nostrum
1064 1906 1097 1969 C.
1117 1906 1166 1993 e),
1182 1905 1250 1968 talis
1273 1904 1333 1968 loci
1350 1903 1478 1967 canoni-

272 2031 351 2083 cum,
369 2031 460 2094 super
475 2032 578 2085 causa,
600 2032 658 2096 que
675 2013 800 2077 vertitur
821 2015 900 2078 inter
922 2015 1074 2079 dominum
1090 2013 1387 2096 Magdeburgensem
1412 2013 1476 2095 epi-

273 2140 398 2202 scopum
420 2142 455 2183 ex
469 2128 556 2204 parte
572 2142 646 2193 una,
675 2129 706 2186 ct
727 2143 782 2186 nos
806 2144 842 2185 ex
863 2129 949 2205 parte
966 2123 1071 2196 altera,
1092 2130 1318 2206 procuratorem
1340 2128 1477 2186 nostrum

274 2231 482 2295 constituimus
503 2233 534 2295 in
556 2231 682 2295 solidum
711 2237 742 2297 et
763 2232 794 2295 in
815 2238 926 2304 totum,
955 2233 1060 2296 dantes
1090 2234 1118 2296 ei
1139 2231 1264 2296 liber'am
1291 2238 1477 2314 potestatem

274 2341 472 2423 excepciones
495 2347 555 2405 tam
573 2341 726 2405 dilatorias
743 2341 858 2413 iudicii,
875 2361 963 2425 quam
979 2344 1198 2425 peremptorias
1213 2342 1403 2425 proponendi
1427 2342 1478 2428 f),

275 2450 443 2532 appellandi
468 2457 514 2524 et,
543 2452 569 2513 si
593 2450 652 2513 sibi
670 2450 831 2531 expediens
856 2452 951 2513 visum
975 2451 1067 2515 fuerit
1090 2458 1120 2515 et
1142 2451 1320 2523 consultum,
1341 2451 1479 2515 totaliter

274 2560 305 2622 in
317 2558 413 2642 illan)
430 2578 522 2622 causa
538 2559 595 2631 vel,
608 2565 750 2642 quantum
766 2560 814 2621 ius
826 2560 1009 2642 permiserit,
1025 2560 1173 2641 litigandi,
1190 2567 1309 2642 gratum
1325 2566 1356 2625 et
1377 2567 1477 2626 ratum

273 2667 405 2732 habituri
428 2668 563 2752 quitquid
579 2668 746 2751 peripsum
763 2671 794 2731 in
811 2669 917 2732 eadem
932 2670 985 2734 lite
1003 2670 1115 2733 dictum
1131 2669 1223 2733 fuerit
1239 2669 1302 2732 sive
1319 2670 1436 2733 iactum
1450 2676 1480 2734 et

274 2779 333 2842 boc
345 2779 423 2860 parti
439 2778 567 2841 adverse
583 2783 685 2842 notum
703 2799 771 2842 esse
788 2778 924 2843 volumus
941 2785 971 2842 et
988 2785 1137 2843 constare.

277 3058 513 3121 Procureterlum
536 3057 573 3121 ad
597 3058 708 3121 curiora
731 3059 889 3121 Romanam
912 3058 949 3121 ad
965 3057 1193 3140 impetrandum,
1210 3054 1479 3119 contradicendum

696 3172 726 3229 et
742 3166 857 3230 ludices
874 3167 1052 3245 eligendum.

368 3363 566 3428 Sanctissimo
582 3365 612 3426 in
630 3364 748 3426 Christo
770 3363 847 3444 patri
872 3369 902 3426 et
919 3363 1038 3426 domino
1061 3361 1097 3425 G.
1114 3360 1155 3447 d)
1171 3361 1227 3424 Dei
1250 3360 1355 3443 gracia
1373 3381 1479 3425 sacro-

277 3480 381 3538 sancte
412 3475 545 3537 Romane
577 3474 706 3536 ecclesie
738 3494 852 3538 summo
885 3472 1019 3555 pontifici
1047 3474 1095 3535 Fr.
1129 3472 1233 3534 eadem
1269 3470 1376 3553 gracia
1408 3472 1479 3535 talis

277 3583 407 3647 ecclesie
425 3584 585 3665 episcopus
602 3582 710 3646 devote
727 3582 923 3647 subiectionis
939 3582 1145 3645 reverenciam
1160 3587 1221 3643 tam
1238 3579 1372 3644 debitam
1389 3600 1479 3663 quam

275 3699 420 3776 paratam.
455 3690 680 3777 sanctitatisi)
700 3699 801 3755 vestre
823 3692 994 3773 paternitati
1018 3691 1153 3772 cupimus
1176 3709 1245 3752 esse
1272 3693 1375 3753 notum
1398 3690 1480 3773 quod

277 3823 331 3865 nos
349 3803 379 3864 in
395 3801 475 3864 omni
492 3820 585 3864 causa
601 3806 706 3865 contra
722 3821 776 3864 nos
800 3806 831 3864 et
853 3806 957 3864 contra
981 3799 1142 3862 ecclesiam
1166 3804 1299 3861 nostram
1321 3798 1352 3860 in
1374 3805 1479 3863 vestra
1597 3800 1598 3875 J

277 3916 380 3974 sancta
402 3911 485 3973 curia
501 3915 676 3990 emergente
699 3909 734 3972 C.
756 3908 898 3972 clericum
920 3914 1146 3990 procuratorem
1162 3913 1296 3970 nostrum
1314 3907 1476 3972 constitui·

276 4039 342 4083 mus
354 4019 393 4081 ad
406 4017 624 4100 impetrandum
632 4017 751 4098 gracias
765 4017 914 4099 speciales
930 4022 960 4079 et
973 4001 1143 4097 generales,
1161 4014 1314 4096 simplices
1327 4016 1434 4079 literas
1448 4022 1478 4079 et

276 4127 432 4210 legendas,
450 4127 487 4190 ad
505 4125 770 4189 contradicendum
786 4132 817 4189 et
839 4125 956 4188 iudices
975 4124 1156 4205 eligendum,
1174 4124 1281 4187 dantes
1298 4123 1325 4185 ei
1350 4124 1477 4188 liberam

276 4241 458 4320 potestatem
486 4234 686 4298 substituendi
715 4232 772 4296 sibi
801 4234 889 4296 alium
915 4234 962 4295 vel
990 4232 1076 4304 alios,
1102 4234 1127 4294 si
1151 4233 1209 4295 boc
1239 4231 1296 4294 sibi
1325 4233 1478 4297 videbitur

279 4345 441 4427 expediens
459 4349 489 4407 et
506 4344 674 4407 consultum
690 4341 739 4427 lt).

369 4526 403 4593 a)
419 4541 476 4578 cum
494 4524 562 4578 omni
583 4524 610 4576 Z.
622 4553 655 4563 -
667 4523 698 4592 b)
715 4521 872 4576 Maidburcb
885 4522 911 4575 Z.
927 4550 963 4561 -
975 4522 1007 4589 e)
1022 4520 1156 4592 prepediti
1169 4520 1199 4574 V.
1215 4550 1248 4558 -
1264 4520 1298 4589 d)
1322 4520 1476 4590 magistrum

278 4618 326 4674 cb.
342 4619 367 4671 Z.
384 4647 411 4655 —
428 4618 460 4685 e)
474 4616 513 4671 ΑΙ.
527 4616 553 4668 Z.
573 4646 600 4653 —
615 4616 647 4688 f)
662 4633 738 4685 prop.
754 4616 793 4668 vel
807 4631 849 4682 ap.
864 4615 946 4667 eciam
960 4614 983 4667 si
997 4615 1024 4667 Z.
1042 4643 1070 4652 -
1085 4612 1121 4685 q)
1135 4613 1193 4682 ipsa
1205 4613 1273 4665 Z.-
1289 4610 1322 4684 b)
1337 4611 1385 4664 Gr.
1400 4612 1426 4666 Ζ.
1445 4642 1472 4652 -

278 4711 306 4782 ι’)
322 4707 465 4766 sanctitati
479 4708 507 4763 V.
526 4738 552 4747 -
570 4707 603 4778 le)
619 4708 798 4762 concharum
813 4706 966 4761 testimonio
981 4706 1127 4761 literarum.
1141 4707 1200 4759 Dal.
1211 4720 1279 4759 anno
1293 4711 1348 4757 etc.
1362 4704 1390 4757 Z.
