3209 5392
1275 477 1351 550 275

158 645 280 709 Placeat
304 645 396 726 igitur
425 651 522 707 vestre
551 645 721 727 paternitati
739 667 755 707 a
773 643 859 709 nobis
877 666 943 708 cum
959 646 1071 709 tiducia
1095 650 1249 730 requirere
1275 652 1354 732 quit-

160 754 232 834 quid
248 752 332 820 libet‚
348 753 378 813 in
396 771 454 834 qno
473 753 593 834 quidem
609 774 663 815 nos
681 754 874 835 experiemini
892 756 1044 816 ultroneos
1062 760 1093 817 et
1116 754 1250 819 officiose
1267 753 1355 820 b'eni-

159 861 243 923 volos
274 859 426 923 seaeietis.
460 860 584 922 Multum
616 860 736 941 quidem
764 861 874 924 nostris
903 861 1051 924 arrideret
1078 862 1236 927 affectibus
1265 871 1355 948 atque

160 968 318 1031 desideriis
351 967 552 1038 blandiretur,
582 968 609 1029 si
635 970 698 1029 vias
728 974 758 1030 et
791 969 895 1031 modos
919 969 1004 1030 nobis
1026 976 1130 1051 patere
1155 973 1355 1053 contingeret,

160 1076 269 1140 vestris
285 1076 362 1139 votis
379 1074 496 1156 placide
514 1076 730 1158 complacendi.

254 1237 368 1289 Gerbert
389 1234 471 1288 lindet
492 1235 518 1287 in
542 1236 641 1288 diesem
654 1236 742 1289 Rriele
765 1236 808 1288 die
822 1238 942 1289 Antvort
963 1238 1013 1290 auf
1033 1238 1080 1291 das
1103 1244 1191 1300 anteo,
1211 1240 1268 1294 llol.
1281 1241 1354 1297 eoa.

164 1340 207 1377 no.
226 1323 261 1375 to
278 1325 404 1395 folgende
418 1325 564 1377 Sebreiben
587 1325 634 1378 der
653 1325 802 1379 Cardinr‘tle.
828 1326 923 1380 Dieser
941 1328 1076 1380 Annehme
1097 1331 1243 1398 antepriebt
1264 1329 1291 1384 in
1309 1331 1358 1384 der

166 1414 234 1470 That
249 1414 300 1468 der
313 1415 398 1468 lnhalt
411 1431 519 1468 noceres
533 1415 649 1475 Brieses,
672 1416 767 1470 descen
788 1418 875 1468 ersten
889 1416 952 1470 Setz
967 1416 1074 1469 alsdenn
1086 1417 1136 1470 auf
1145 1419 1188 1471 die
1202 1419 1357 1486 l'drderung

164 1506 212 1559 der·
233 1504 403 1575 papsutchen
429 1505 623 1573 Anerlrennung
649 1506 753 1557 Seitens
779 1506 828 1558 der
851 1503 991 1560 Cardindle
1018 1507 1076 1561 sich
1102 1509 1202 1578 bezdge
1228 1510 1280 1563 und
1308 1511 1359 1563 der

164 1596 240 1649 sumit
262 1597 331 1649 nach
355 1596 453 1686 Optem
478 1595 548 1647 1275
572 1597 747 1664 gescbrieben
768 1602 846 1648 vaire.
872 1596 961 1666 Vergl.
983 1604 1061 1651 unten
1084 1599 1140 1651 Fol.
1164 1598 1199 1651 60
1219 1618 1241 1653 a.
1256 1618 1297 1652 no.
1313 1600 1356 1664 56,

164 1686 239 1738 dnm.
254 1685 270 1737 3
285 1703 310 1736 u.
325 1685 350 1737 1.
1388 1689 1391 1694 “

735 1980 797 2048 61.

495 2155 692 2217 bononorum
709 2174 761 2218 rex
779 2154 1026 2218 ll.·unlvcrsltetl.

565 2312 644 2364 1290.
658 2312 816 2364 November.
831 2312 959 2366 Erfordie.

404 2453 491 2523 Kenip
508 2454 610 2524 liudolf
619 2462 685 2507 eetzt
698 2454 724 2508 in
741 2454 893 2527 derioyen
908 2454 1065 2509 Stnttdalter
1080 2455 1132 2508 ein.

257 2601 336 2662 lnter
353 2604 464 2668 cetera,
482 2617 608 2679 qnorum
626 2618 679 2659 nos
697 2619 768 2661 cura
785 2601 911 2680 pervigil
929 2600 1088 2669 sollicitat,
1107 2616 1233 2680 qnorum
1250 2615 1307 2657 nos
1322 2595 1361 2679 a)

168 2707 272 2789 ntique
289 2707 408 2768 curiosa
430 2705 600 2767 sollicitudo
623 2706 741 2786 fatigat,
765 2706 872 2768 crebra
894 2706 1048 2768 reddimur
1064 2706 1213 2767 anxietate
1232 2702 1363 2770 solliciti,

170 2816 297 2895 qualiter
335 2814 384 2876 illa
420 2813 528 2876 nobilis
571 2814 741 2893 Duringa
772 2813 828 2897 1),
868 2833 1049 2894 generosum
1088 2813 1208 2894 quidem
1239 2811 1364 2874 Romani

167 2922 285 3004 imperii
297 2922 517 3003 pomerium‚in
531 2940 601 3002 quo
618 2921 725 3001 regie
744 2921 1080 2984 celsitudinimira
1094 2918 1364 2981 delectacione

168 3030 404 3111 complacuit
420 3029 465 3110 1),
493 3027 627 3089 rediviva
650 3028 750 3108 quiete
773 3028 914 3089 refloreat
935 3032 1005 3108 post
1029 3026 1142 3088 diutine
1171 3023 1363 3105 fatigacionis

168 3129 287 3197 labores
308 3136 433 3196 eximios
462 3139 584 3215 etpost
610 3133 734 3195 bellicas
757 3139 953 3216 tempestates
977 3135 1006 3195 in
1029 3139 1116 3214 partu
1139 3131 1363 3213 tranquillitatis

169 3251 200 3306 et
220 3245 305 3325 pacis
322 3243 544 3326 pulchritudine
565 3241 773 3323 conquiescet.
808 3243 990 3305 Estimantes
1020 3243 1112 3322 igitur
1138 3242 1170 3302 id
1193 3260 1252 3301 non
1273 3258 1364 3323 posse
1452 3270 1458 3276 ·

101 3335 104 3343 ’
168 3351 233 3413 lieri
260 3352 395 3438 facilius,
424 3369 513 3432 quam
534 3350 615 3431 quod
638 3349 734 3412 eidem
755 3351 909 3430 provincie
932 3349 1126 3431 preficiantur
1146 3348 1364 3429 gubernatores

169 3460 295 3539 ydonei,
318 3460 370 3540 qui
386 3460 430 3520 sic
446 3460 562 3540 prosint
579 3462 611 3519 ut
626 3458 759 3537 prosint,
783 3477 857 3520 cece
874 3459 953 3539 quod
968 3459 1050 3519 viros
1067 3457 1208 3537 egregios
1225 3456 1261 3518 N.
1281 3461 1310 3517 et
1326 3455 1362 3517 N.

169 3567 274 3629 fideles
291 3573 411 3630 nostros
429 3567 567 3634 dilectos,
589 3584 665 3646 quos
682 3565 751 3626 lidei
768 3586 822 3627 sue
839 3566 945 3628 merita
961 3565 1049 3627 nobis
1066 3565 1195 3626 reddunt
1210 3561 1366 3631 amabiles,

171 3676 260 3737 vobis
298 3694 335 3736 ac
366 3659 429 3736 tote
465 3673 620 3756 provincie
660 3673 846 3753 Turingic
879 3674 969 3753 digne
1007 3672 1186 3754 provisionis
1222 3669 1366 3734 instinctu

169 3788 339 3869 preficimus
368 3786 399 3846 in
415 3790 568 3853 rectores,
597 3789 630 3846 ut
657 3784 743 3845 ambo
772 3784 803 3843 in
825 3783 941 3844 credita
962 3785 1113 3863 potestate
1133 3800 1194 3842 non
1218 3779 1366 3859 dispaneei

175 3896 347 3957 sedeciam
374 3895 406 3955 in
435 3890 654 3954 commissionis
676 3892 857 3953 auctoritate
881 3891 1063 3958 conformes,
1085 3887 1131 3949 vel
1161 3888 1236 3949 alter
1249 3905 1365 3954 eorum,

264 4057 298 4126 a)
313 4071 379 4107 eura
392 4054 432 4106 bis
445 4071 494 4106 nos
509 4070 550 4105 arn
563 4052 657 4106 Raude
672 4051 701 4104 V.
715 4080 750 4089 -
766 4052 797 4121 d)
813 4051 866 4104 sie!

196 4273 219 4329 1)
237 4273 294 4315 Vom
310 4270 347 4315 te.
361 4271 488 4315 December
504 4270 565 4314 1289
577 4270 613 4314 bis
625 4270 683 4313 oaeb
697 4269 747 4311 dem
762 4269 781 4311 1.
794 4266 927 4311 November
941 4266 1001 4310 1290
1014 4265 1079 4308 hatte
1091 4263 1178 4308 lludolt'
1188 4276 1216 4306 zu
1228 4261 1309 4307 srturt
1319 4262 1368 4307 Hel

234 4343 352 4409 gebellteo.
376 4352 445 4396 Siehe
457 4352 581 4400 Boebmer,
593 4351 651 4408 Reg.
664 4350 722 4393 llud.
737 4363 774 4394 no.
790 4348 948 4393 loce-1082
961 4347 1007 4394 und
1020 4346 1078 4390 utet.
1092 4345 1193 4404 bondgr.
1207 4344 1236 4389 de
1249 4345 1366 4403 ssiuring.

235 4433 352 4478 Pistoriae
372 4433 393 4485 1,
413 4432 473 4476 1355
490 4444 540 4487 cop.
559 4432 590 4475 76
608 4433 637 4475 ad
653 4444 673 4473 e.
692 4431 766 4474 meo:
779 4431 809 4473 Et
827 4442 877 4473 cunr
895 4441 937 4473 rex
954 4428 1076 4472 discedere
1094 4427 1165 4471 vellet
1181 4429 1209 4471 da
1227 4426 1365 4483 Thuringia,

234 4514 275 4557 vbi
293 4513 380 4556 curtem
398 4525 460 4555 seem
478 4511 560 4556 hebuit
576 4512 642 4566 quasi
659 4522 703 4567 per
720 4521 818 4561 oenum,
842 4507 960 4552 commisit
979 4507 1044 4550 vicet
1062 4518 1117 4550 euno
1138 4506 1227 4552 cuidem
1248 4505 1316 4552 militi
1337 4506 1366 4548 de

236 4595 375 4649 bramberg,
388 4594 426 4649 qui
439 4591 581 4637 auctoritate
593 4592 669 4650 regali
681 4592 811 4636 violatores
823 4589 889 4646 pecie
903 4592 927 4632 et
939 4588 1047 4644 raptores
1058 4590 1194 4632 coerceret.
1220 4589 1243 4632 ln
1258 4599 1365 4633 anserem

236 4674 314 4718 Briote
326 4675 379 4717 sind
392 4673 448 4717 aber
461 4673 627 4716 ausdrucklich
641 4673 699 4714 zwei
712 4672 853 4714 Stattbatter
864 4673 977 4726 genennt.

1093 4745 1147 4798 te*
