3209 5392
1298 474 1375 544 343

182 635 260 698 filius
277 635 356 699 effici
372 638 507 720 cupiens,
526 639 685 702 domiciliis
702 641 763 703 illic
780 645 810 702 et
826 641 946 702 familiis
964 642 1083 703 omnino
1099 644 1263 714 translatis,
1281 645 1376 726 ipsius

182 743 295 806 hahere
323 745 448 808 voluerit
471 747 648 818 incolatum,
678 749 716 810 ad
738 750 837 812 locum
859 768 971 829 pascue
993 750 1108 820 veniat,
1132 757 1162 813 et
1178 752 1274 834 ipsius
1291 758 1377 834 grata

181 851 334 915 fertilitate
356 857 513 925 vescatur,
543 860 574 918 et
589 861 691 938 preter
707 862 810 919 nostre
826 856 1042 939 plenitudinem
1065 859 1183 939 gracie,
1212 881 1303 943 quam
1319 861 1377 926 sihi

179 959 385 1023 favorabiliter
400 963 592 1042 pollicemur,
615 964 646 1026 in
663 964 798 1027 collectis
816 970 846 1026 et
863 965 1068 1028 exactionibus
1084 965 1230 1048 publicis,
1248 969 1378 1030 inmuni-

179 1071 241 1129 tate
255 1067 374 1131 deoenti
393 1090 426 1131 se
439 1070 570 1150 gaudeat
582 1071 864 1150 incommutabiliter
875 1075 1048 1154 potiturum.
1063 1113 1107 1122 -
1118 1074 1269 1137 Presenlis
1286 1076 1378 1157 igitur

179 1175 329 1257 privilegii
344 1178 522 1240 anctoritate
547 1180 707 1249 sancimus,
732 1201 770 1242 ne
793 1179 952 1263 quisquam
975 1181 1045 1243 huic
1068 1186 1170 1243 nostre
1187 1185 1377 1247 concessioni

179 1302 255 1344 ausu
272 1284 430 1345 temerario
447 1291 600 1366 presumat
617 1286 805 1370 aliquatenus
822 1287 980 1350 contraire.
999 1288 1066 1351 Dat.
1085 1309 1163 1351 anno
1176 1295 1321 1353 otmense
1337 1293 1373 1354 N.

178 1390 288 1469 regni
311 1392 439 1453 nostri
462 1412 562 1454 anno
587 1392 720 1475 primo.

271 1542 363 1595 Dieses
378 1543 594 1598 Rundsclrreiben
608 1544 691 1598 smdet
702 1545 759 1598 sich
772 1544 799 1597 in
812 1545 864 1599 den
878 1546 969 1600 Norae
980 1547 1189 1602 constituciones
1199 1549 1275 1619 regni
1286 1549 1377 1604 Sicilie

183 1631 223 1682 bei
238 1631 480 1693 lluillellrelvolles,
494 1632 520 1693 l.
532 1634 596 1694 234,
606 1633 705 1704 jedoch
720 1635 789 1688 olma
803 1634 850 1689 das
864 1636 958 1688 Datum
973 1635 1020 1688 das
1033 1636 1091 1689 hier
1110 1636 1213 1690 lreilioh
1232 1654 1299 1707 ganz
1312 1638 1378 1693 will·

185 1721 289 1776 lrdrlich
302 1723 477 1792 hinzugeffigt
488 1725 530 1777 ist.
555 1725 624 1777 Sohr
643 1725 788 1779 lehlcrhaft
805 1724 841 1778 ist
854 1725 902 1779 der
913 1725 1039 1780 Abdruek
1053 1725 1096 1781 boi
1110 1727 1191 1796 Voigt
1205 1728 1378 1783 l'ormelbooh

185 1812 233 1868 des
251 1813 381 1868 llenrious
400 1815 507 1868 Italicus
521 1816 618 1869 Archiv
637 1818 656 1868 f.
671 1817 700 1870 K.
715 1821 766 1870 dat.
780 1816 878 1869 Gesch.
893 1814 940 1868 Bd.
959 1814 1004 1876 29,
1018 1833 1044 1884 p.
1059 1815 1101 1869 30.
1127 1816 1222 1870 Datum
1235 1819 1262 1870 in
1275 1821 1379 1872 Noren-

184 1907 250 1976 berg
263 1922 330 1959 anno
345 1909 397 1958 elc.
1330 1912 1333 1916 ’

757 2098 819 2166 44.

536 2263 542 2269 ·
594 2235 749 2316 lmperlale
765 2237 965 2318 pdvlleglmn.

703 2375 782 2428 1224.
796 2375 860 2430 loli.

184 2517 326 2574 necuere
340 2520 372 2572 ll.
385 2519 475 2590 beruft
496 2520 547 2573 deu
566 2521 662 2573 Pet-mo
679 2536 729 2574 von
747 2518 855 2582 Ioerno'o
867 2538 916 2573 zur
928 2520 1041 2593 Leituoy
1055 2519 1104 2573 der
1116 2519 1147 2573 in
1159 2521 1263 2590 Neopcl
1275 2518 1379 2573 crrz'clr-

186 2617 255 2663 teter
276 2607 434 2663 Universum
458 2611 515 2663 uod
539 2608 691 2681 verspriclot
715 2608 766 2663 idm
793 2609 838 2664 cin
859 2607 1018 2681 Jaorpelao
1044 2627 1093 2666 ooo
1114 2609 1197 2681 awdlf
1219 2611 1379 2664 Goldonzen.

274 2718 457 2815 novin-oron,
472 2754 497 2815 2,
510 2752 573 2805 vro.

272 2896 383 2958 Noster
398 2897 560 2966 instanter,
579 2915 668 2980 quem
685 2898 715 2958 in
733 2897 922 2959 subditorum
939 2897 1138 2959 emolumenta
1154 2899 1194 2984 a)
1212 2897 1379 2977 dirigimus,

182 3004 361 3067 sollicitatur
377 3005 493 3067 animus
517 3005 561 3067 vel
587 3003 724 3074 allectus,
748 3003 877 3088 qualiter
899 3005 986 3085 regni
1001 3005 1096 3067 nostri
1114 3005 1227 3086 Sycilie
1244 3005 1381 3086 preclara

181 3112 351 3194 possessio,
375 3112 454 3174 sicut
476 3131 576 3174 rerum
593 3111 731 3174 ubertate
748 3111 881 3174 vitalium
899 3112 937 3196 d)
956 3111 994 3173 ad
1023 3111 1256 3194 disposicionem
1288 3110 1381 3173 divini

182 3220 311 3282 nominis
320 3225 426 3282 natura
438 3220 820 3303 prosilientefftripudiat,
835 3222 879 3283 sio
892 3220 930 3282 ad
943 3225 1044 3283 nostre
1059 3220 1236 3305 provisionis
1251 3219 1382 3282 edictum

182 3329 314 3393 virorum
329 3329 514 3411 perfectione
530 3327 712 3398 sciencium,
735 3329 855 3391 fortuna
872 3329 1009 3401 favento,
1026 3330 1123 3393 valeat
1139 3327 1304 3391 secundari.
1337 3328 1383 3391 Ad

183 3436 263 3520 quod
281 3437 337 3499 etsi
353 3438 578 3520 progenitorum
604 3441 776 3515 nostrorum
806 3458 860 3500 nos
890 3437 1080 3501 memoranda
1107 3438 1248 3519 prioritas
1276 3437 1382 3499 invitet

182 3526 343 3629 exemplis,
365 3546 435 3608 dum
464 3545 650 3609 diversarum
678 3545 877 3609 scienciarum
907 3548 1061 3629 alumpnos
1090 3545 1200 3608 dudum
1229 3546 1260 3607 in
1286 3564 1381 3626 regno

182 3660 284 3717 nostro
302 3655 500 3737 comperimus
518 3660 548 3716 et
563 3655 654 3717 multe
671 3654 744 3717 artis
760 3653 908 3717 beneficio
925 3654 1089 3737 pluralibus
1106 3653 1297 3716 munimentis
1310 3673 1383 3736 pro-

180 3769 283 3827 vectos
299 3763 338 3826 ad
354 3763 457 3832 ardua,
474 3782 549 3846 quos
567 3762 672 3846 utique
690 3762 791 3825 nativa
807 3763 923 3826 ruditas
940 3763 1080 3844 indignos
1097 3761 1219 3825 honoris
1239 3767 1268 3822 et
1285 3761 1381 3843 glorie

179 3872 379 3944 reddidisset,
419 3874 464 3936 sio
502 3892 557 3935 nos
592 3891 685 3954 super
725 3871 773 3934 his
809 3876 839 3933 et
865 3872 997 3954 priorum
1024 3875 1193 3952 temporum
1225 3869 1380 3933 reminisci

180 3983 328 4052 volumus,
344 3986 377 4044 ut
393 4002 451 4065 que
464 4001 519 4064 per
533 3980 691 4043 intervalla
704 3979 891 4061 quantalibet
903 3984 1043 4063 quassata
1056 3976 1195 4041 videntur
1212 3978 1272 4040 iam
1288 3996 1380 4060 passa

181 4091 338 4161 desidiam,
351 4090 411 4154 sub
427 4088 567 4152 felicibus
590 4087 752 4150 iuventutis
776 4091 878 4149 nostre
900 4087 1071 4170 primordiis
1095 4086 1232 4148 similiter
1256 4087 1496 4148 iuvene-romu.

181 4204 283 4269 scant3
308 4220 344 4261 ac
361 4198 431 4262 dum
449 4196 554 4260 fideles
581 4197 675 4259 nostri
702 4196 856 4277 regnicole
874 4196 1057 4279 prepositam
1073 4195 1132 4258 sibi
1153 4214 1292 4257 mensam
1308 4214 1380 4277 pro-

181 4308 345 4391 posicionis
377 4304 603 4388 conspexerint,
635 4324 694 4366 non
722 4304 818 4366 solum
853 4304 925 4365 utile
959 4308 1100 4385 reputent
1126 4304 1224 4365 aliena
1253 4302 1380 4386 proinde

182 4419 319 4498 flagitare
347 4414 492 4484 subsidia,
522 4412 576 4476 sod
604 4418 634 4474 et
661 4413 825 4494 gloriosum
853 4415 992 4474 estiment
1016 4417 1133 4475 exteros
1155 4411 1380 4495 qualescunque

183 4527 222 4589 ad
252 4522 444 4605 gratitudinis
476 4522 565 4585 huius
596 4521 788 4603 participium
821 4541 957 4584 evocare.
998 4521 1072 4583 Cum
1103 4521 1196 4603 igitur
1228 4520 1380 4584 civitatem

277 4669 310 4732 o)
324 4665 489 4721 emolimento
505 4668 530 4718 Z.
548 4695 577 4704 —
593 4666 624 4734 l)
643 4665 798 4719 victualium
811 4664 908 4718 ll.-Br.
922 4696 955 4703 -
969 4666 1000 4731 c)
1017 4665 1166 4735 profluente
1181 4665 1210 4716 Z.
