3209 5392
239 511 316 579 288

237 701 309 743 suos
331 679 521 761 recognoscit
550 680 722 762 alumpnos,
750 678 799 739 hic
829 683 874 739 est
903 677 981 738 enim
1004 677 1108 739 hortus
1131 676 1246 761 imperii
1270 675 1429 747 delicatus,

238 788 268 849 in
285 807 344 870 quo
360 791 445 868 grate
462 785 632 849 dulcedinis
648 804 736 869 poma
753 785 894 866 graciosa
911 787 1056 867 conparat
1072 788 1102 844 et
1119 784 1265 868 decerpit.
1283 786 1430 848 Nimirum
1508 807 1511 812 ·

237 895 339 978 igitur,
362 895 387 958 si
410 895 491 958 circa
515 896 629 957 cultum
653 900 684 956 et
705 895 857 956 munimen
879 892 973 976 ipsius
996 893 1080 973 regie
1098 892 1286 956 celsitudinis
1311 895 1430 957 curiosa

238 1008 376 1067 versatur
413 1002 545 1066 intencio
578 1009 608 1065 et
644 1002 849 1086 propensioris
886 1001 1047 1082 vigilancie
1086 996 1218 1063 studium
1258 1002 1430 1071 adhibetur,

238 1116 271 1172 ut
300 1115 329 1172 et
356 1111 406 1173 illa
434 1132 489 1194 per
517 1109 711 1172 devocionem
744 1108 895 1171 sinceram
925 1106 1065 1191 puritatis
1092 1108 1222 1192 respiret
1250 1109 1373 1171 odorem
1400 1113 1430 1170 et

236 1218 290 1301 per
321 1218 496 1280 fidelitatem
528 1217 676 1298 integram
708 1221 915 1299 exspectatum
948 1217 1124 1278 constancie
1151 1217 1282 1279 fructum
1310 1205 1428 1279 reddat.

238 1326 350 1389 Verum
374 1327 445 1408 quia
467 1330 539 1388 tunc
563 1325 677 1387 utiliter
699 1326 812 1406 gaudet
834 1323 930 1406 regio,
955 1323 1025 1385 dum
1050 1323 1157 1386 directi
1174 1324 1302 1387 rectoris
1319 1325 1431 1388 ducatu

236 1431 375 1513 dirigitur
397 1437 426 1494 et
450 1432 588 1516 pervigili
612 1431 795 1516 presidentis
820 1431 968 1494 industria
991 1431 1195 1513 gubernatur:
1224 1452 1279 1494 nos
1295 1433 1432 1495 volentes
1531 1456 1535 1463 ·

234 1540 316 1621 quod
348 1541 413 1623 ipsa
439 1540 600 1629 provincia
631 1539 708 1602 duce
740 1540 873 1621 gaudeat
901 1539 1138 1622 circumspecto,
1171 1540 1318 1603 illustrem
1335 1541 1371 1604 G.
1390 1540 1430 1625 α)

235 1646 375 1708 comitem
407 1649 515 1717 talem,
548 1653 682 1710 nostrum
714 1647 989 1728 consanguineum,
1022 1667 1111 1728 quem
1144 1653 1266 1730 experte
1298 1645 1369 1708 fidei
1400 1651 1431 1708 et

234 1754 515 1837 circumspectionis
538 1755 645 1817 merita
661 1754 747 1817 nobis
764 1755 894 1817 reddunt
911 1754 1070 1817 amabilem
1087 1759 1117 1817 et
1134 1754 1263 1837 probata
1279 1756 1432 1817 strennui-

235 1867 284 1923 tas
312 1860 404 1923 eificit
432 1863 607 1933 clariorem,
636 1863 722 1926 vohis
749 1866 780 1924 et
808 1863 865 1923 toti
893 1862 1047 1945 provincie
1069 1867 1228 1946 prenotate
1249 1863 1432 1946 prefecimus

234 1969 267 2029 in
294 1976 461 2040 rectorem,
489 1970 625 2032 eiusdem
653 1972 808 2054 provincie
835 1969 971 2051 regimen
998 1971 1066 2032 vice
1094 1970 1189 2033 nostri
1211 1971 1339 2034 nominis
1362 1991 1433 2034 eve-

233 2078 386 2160 quendum
416 2078 473 2140 sihi
505 2080 639 2162 plenarie
672 2079 916 2147 committentes,
949 2083 981 2140 ut
999 2078 1064 2140 eius
1097 2078 1232 2141 studioso
1265 2079 1377 2142 ducatu
1403 2084 1433 2141 et

233 2193 427 2268 preservetur
444 2207 461 2249 a
478 2187 573 2250 noxiis
591 2192 621 2249 et
639 2187 677 2249 ad
694 2188 838 2250 salutaria
855 2186 1013 2268 dirigatur.
1046 2189 1108 2252 Vos
1124 2187 1238 2270 itaque,
1256 2207 1432 2270 quesumus,

233 2313 307 2376 pure
325 2292 394 2355 iidei
411 2300 442 2355 et
458 2296 577 2357 sincere
595 2295 768 2358 devocionis
785 2294 929 2378 alumpni,
952 2298 1102 2376 quatenus
1118 2296 1310 2379 presentibus
1328 2300 1432 2359 nostre

234 2401 408 2463 serenitatis
432 2401 570 2484 apicibus
593 2400 728 2463 roborati
751 2407 781 2464 et
806 2407 940 2464 nostram
963 2422 1125 2486 personam
1148 2404 1179 2465 in
1203 2423 1258 2466 sua
1273 2405 1433 2487 presencia

171 2576 174 2577 ⁷
233 2507 410 2589 figurantes,
433 2529 502 2571 cum
519 2529 620 2570 eomes
637 2490 717 2571 idem
734 2509 772 2572 sit
789 2509 880 2572 velud
897 2531 930 2573 os
947 2530 983 2572 ex
996 2510 1116 2575 ossibus
1133 2512 1243 2574 nostris
1262 2517 1292 2574 et
1309 2533 1379 2575 caro
1395 2512 1433 2575 de

232 2635 325 2676 earne
342 2622 462 2684 nostra,
491 2616 632 2685 eundem,
649 2617 736 2699 quasi
757 2617 915 2681 familiaris
938 2618 1108 2683 dilectionis
1131 2625 1161 2682 et
1184 2622 1288 2702 gracie
1310 2622 1431 2705 pignus,

238 2723 358 2802 hylares
381 2727 411 2783 et
434 2723 533 2784 devoti
568 2723 728 2807 suscipite,
757 2727 787 2786 et
815 2724 845 2786 in
873 2725 1026 2796 omnihus,
1056 2746 1115 2808 que
1144 2728 1182 2789 ad
1206 2727 1353 2790 creditum
1375 2728 1434 2792 sibi

236 2835 376 2912 spectant
393 2829 540 2900 cilicium,
563 2836 739 2893 reverenter
761 2833 788 2893 ei
813 2851 920 2915 parere
938 2853 973 2896 ac
990 2834 1143 2896 humiliter
1158 2837 1303 2919 promptis
1321 2836 1434 2900 curetis

235 2938 396 3001 affectibus
428 2938 568 3008 obedire,
601 2944 633 3001 ut
665 2940 840 3002 devocionis
872 2948 972 3004 vestre
1005 2946 1213 3007 constanciam
1243 2944 1434 3008 liberalitatis

237 3052 366 3127 auguste
398 3047 546 3130 provisio,
580 3067 638 3129 que
670 3048 799 3111 servicia
831 3048 913 3111 novit
940 3069 1133 3112 remunerare
1161 3051 1310 3122 fidelium,
1343 3054 1434 3135 digna

236 3154 445 3218 vicissitudine
461 3160 674 3237 prosequatur,
691 3175 745 3238 pro
762 3157 913 3219 constanti
931 3156 1072 3228 scientes,
1090 3159 1170 3240 quod
1187 3159 1238 3221 illa
1254 3160 1431 3224 obediencie

237 3263 336 3344 signa,
354 3283 412 3344 que
430 3263 487 3325 sibi
504 3262 627 3325 devocio
645 3269 746 3325 vestra
761 3262 984 3335 monstraverit,
1007 3285 1085 3348 equo
1104 3268 1206 3330 lavore
1223 3267 1431 3333 benivolencie

239 3391 459 3456 prosequamur
476 3391 511 3433 ac
528 3373 553 3433 si
571 3392 608 3434 ea
624 3371 785 3434 monstrari
803 3372 993 3456 contingeret
1010 3375 1183 3458 specialiter
1199 3376 1286 3440 nobis
1302 3376 1384 3465 ipsis.

332 3531 431 3582 Stobbe
455 3512 573 3583 no'272.
596 3530 653 3583 Rex
676 3535 729 3585 etc.
753 3531 877 3601 Egregiis
902 3536 929 3586 et
951 3534 1126 3602 prudentibus
1149 3536 1210 3589 viris
1229 3537 1330 3591 ldarch.
1355 3538 1430 3593 Com.

236 3621 325 3673 Nobil.
341 3618 427 3689 Cepit.
442 3619 547 3673 Civitat.
563 3621 758 3689 potestatibus,
780 3621 898 3675 ancianis
918 3628 945 3675 et
964 3625 1071 3692 populis
1092 3625 1219 3679 universis
1239 3642 1290 3695 per
1309 3629 1433 3682 Bomoni-

240 3713 310 3764 olom
336 3718 363 3763 et
388 3711 543 3764 maritimam
569 3712 721 3764 constitutis
747 3711 865 3781 graciam
891 3730 965 3767 suem
991 3720 1018 3768 et
1042 3716 1138 3768 bonam
1164 3718 1332 3772 voluntatem.
1364 3721 1430 3774 Eine

243 3800 365 3852 dbulirhe
390 3789 555 3853 slheuscbritt
575 3802 622 3853 hat
641 3799 722 3854 Cenni
743 3802 809 3854 dher
828 3802 879 3854 deu
908 3803 965 3856 hier
992 3805 1161 3859 unmittelbar
1189 3805 1332 3877 folgenden
1351 3807 1431 3863 Briet.
1453 3827 1459 3836 ·

239 3889 304 3941 Eine
327 3889 395 3943 ireie
418 3878 602 3959 llbersetzuog
624 3891 711 3945 dieses
735 3893 837 3946 briefes
862 3892 944 3946 findet
971 3893 1029 3947 sich
1057 3894 1100 3949 bei
1118 3897 1226 3959 ldduob,
1254 3897 1352 3953 Gesch.
1381 3899 1430 3954 des

236 3980 337 4032 Hauses
362 3979 416 4031 und
440 3981 543 4033 Laudes
564 3981 753 4052 Fdrstenberg,
775 3983 824 4035 Bd.
844 3983 870 4042 l,
892 3982 946 4036 274
969 3984 1040 4037 ff.-
1056 3985 1204 4040 Schreiben
1224 3987 1346 4058 gloiohen
1365 3991 1431 4044 oder

235 4066 375 4123 tholirhon
389 4069 487 4122 lnhalts
502 4068 560 4123 sind
573 4069 621 4123 das
634 4069 692 4123 hier
705 4072 876 4125 unmittelbar
895 4072 1021 4143 folgende
1032 4091 1075 4128 no.
1088 4074 1125 4128 76
1146 4076 1200 4128 und
1223 4082 1302 4132 unton
1326 4079 1372 4133 ror
1389 4080 1431 4133 ‘to

235 4176 277 4210 no.
300 4158 344 4211 32.
368 4158 427 4210 Alte
449 4158 509 4215 sind
528 4159 671 4228 jedentalls
686 4162 755 4215 nach
769 4161 829 4215 dem
849 4162 891 4215 10.
906 4163 959 4217 Juli
976 4163 1045 4217 1275
1058 4166 1187 4220 orlassen·
1201 4168 1229 4221 S.
1244 4170 1312 4223 oben
1327 4188 1353 4241 p.
1366 4170 1429 4232 243,

234 4264 276 4299 no.
291 4246 335 4300 32.
349 4249 456 4302 Diesem
465 4247 552 4300 Brieio
567 4249 633 4317 liegt
643 4249 769 4319 dhrigens
782 4251 830 4304 das
844 4253 1000 4317 Schrciben,
1014 4256 1060 4308 mit
1073 4255 1132 4309 dem
1141 4256 1234 4310 llciser
1246 4258 1384 4313 Friedrich
1398 4262 1429 4314 ll.

234 4341 323 4392 seinen
335 4339 407 4392 Sohn
417 4337 553 4391 Friedrich
568 4355 619 4391 von
630 4338 767 4392 Antiochia
785 4359 843 4394 zum
868 4343 1024 4398 Slattbolter
1046 4345 1072 4398 in
1086 4345 1200 4400 Floronu
1213 4348 1323 4402 einsetzt
1342 4348 1429 4421 (Petr.

136 4495 142 4503 p
234 4429 266 4480 de
285 4426 342 4479 Vin.
367 4427 393 4487 3,
413 4426 438 4479 9.
459 4424 525 4478 Cod.
545 4424 723 4480 berolinensis
741 4429 788 4481 ltls.
813 4429 869 4483 Lat.
892 4431 948 4484 Fol.
976 4431 1028 4486 188
1052 4433 1106 4486 Fol.
1127 4434 1188 4504 87),
1212 4436 1251 4489 als
1270 4438 1383 4493 Schema
1398 4456 1430 4491 zu

235 4516 352 4567 Grande.
1307 4538 1309 4541 ·

326 4660 360 4725 a)
375 4657 403 4711 ll.
418 4656 541 4710 comitem
556 4657 588 4709 de
603 4659 784 4730 Fdrstenherg
798 4656 880 4716 Gerb'.
