3209 5392
252 490 329 562 244

248 665 358 727 vestris
390 663 548 726 desideriis
581 663 714 727 dommus
746 665 804 726 hec
835 666 1010 746 pandenda:
1052 668 1132 749 quod
1164 668 1278 731 curiam
1310 667 1444 730 nostram

249 772 442 851 sollempnem
470 771 502 833 in
522 771 574 834 tali
607 772 673 835 loco
706 778 736 834 et
766 772 819 835 tali
852 772 901 835 die
928 773 967 857 ¹),
1000 774 1123 855 copiosa
1154 775 1242 838 nobis
1274 776 1444 857 principum

249 880 410 942 assistente
427 883 548 942 caterva
566 884 597 941 et
611 879 762 960 preelecte
782 879 886 961 stipati
902 880 1012 943 milicie
1030 881 1171 944 comitiva
1189 881 1240 965 o),
1257 883 1307 946 cui
1324 888 1443 963 tempo-

247 986 331 1049 ribus
348 986 459 1048 nostris
476 986 523 1047 vix
544 985 609 1048 visa
631 991 679 1048 est
700 985 865 1048 consimilis
884 985 925 1072 2),
944 987 1163 1051 celebravimus
1186 991 1391 1063 condecenter
1405 969 1443 1052 in

246 1093 330 1174 regio
359 1098 531 1174 potentatu,
560 1092 830 1155 constitucionibus
859 1096 1003 1173 congruis
1026 1093 1161 1175 plurimis
1184 1096 1291 1167 editis,
1319 1096 1441 1176 cingulo

248 1201 368 1264 militari
385 1200 484 1262 multis
500 1199 656 1281 tyronibus
674 1200 825 1262 decoratis
843 1207 873 1262 et
890 1200 1026 1263 omnibus
1050 1202 1126 1273 aliis,
1150 1222 1210 1284 que
1231 1203 1388 1266 sedentem
1411 1204 1442 1266 in

248 1309 355 1373 throno
371 1327 477 1389 regem
492 1305 685 1387 magnificant
697 1311 728 1368 et
739 1308 873 1388 regalem
890 1315 1034 1371 exornant
1051 1311 1174 1383 curiam,
1191 1312 1249 1374 rite
1266 1311 1342 1374 actis
1360 1316 1390 1373 et
1403 1311 1441 1373 de

249 1415 493 1497 contingentibus
510 1414 551 1476 nil
568 1414 719 1486 obmissis,
742 1414 815 1476 licet
831 1414 966 1477 sedentis
983 1416 1021 1478 ab
1037 1418 1175 1499 aquilone
1199 1418 1305 1500 regis
1324 1419 1442 1481 Bobe-

246 1544 385 1587 morum
409 1524 556 1585 calliditas
584 1522 648 1583 visa
669 1522 760 1584 fuerit
794 1521 824 1583 in
848 1524 966 1587 occulto
1000 1544 1067 1586 cum
1090 1525 1230 1607 nequiret
1250 1528 1280 1588 in
1307 1525 1440 1607 publico,

247 1632 360 1695 nostris
391 1631 451 1693 tam
483 1629 654 1692 celebribus
686 1629 808 1692 obviare
839 1631 1053 1712 progressibus
1085 1639 1206 1716 tamque
1234 1633 1376 1716 proficuis
1409 1640 1440 1697 ct

245 1740 364 1803 festivis
381 1738 565 1820 sollempniis
581 1737 785 1802 intentacione
803 1739 918 1801 nefaria
935 1740 1097 1811 contraire,
1115 1740 1165 1823 qui
1182 1747 1293 1813 tamen,
1316 1742 1438 1804 dextera

246 1848 365 1911 Domini
382 1847 513 1909 faciente
521 1844 560 1930 t]
576 1846 717 1909 virtutem
726 1845 768 1932 ³),
785 1846 816 1907 in
833 1866 886 1908 sna
905 1846 1018 1909 defecit
1034 1848 1161 1919 astucia,
1178 1870 1238 1912 non
1250 1850 1438 1935 profecita).

247 1954 356 2019 Cetera
384 1975 454 2018 vero
479 1953 606 2017 dilectus
628 1952 783 2017 familiaris
800 1958 904 2016 noster
921 1954 959 2017 N.
977 1954 1137 2034 explicabit
1158 1956 1287 2020 lucidius
1316 1957 1438 2023 oraculo

245 2084 312 2126 vive
328 2083 422 2126 vocis.

340 2225 546 2295 a)1irganzung
564 2240 611 2276 aus
624 2223 759 2277 Bodmaon
781 2241 808 2293 p.
822 2223 865 2277 ol.
885 2222 939 2275 Nos
957 2224 1049 2293 itaque
1067 2224 1139 2278 iuxta
1157 2229 1264 2280 vestrae
1285 2227 1440 2281 salutiferae

246 2316 426 2388 suggestionis
439 2312 604 2374 instanciam,
618 2314 642 2365 in
661 2312 799 2364 emissione
813 2312 1012 2382 praesencium‚
1031 2305 1073 2365 de¹
1084 2315 1330 2385 sollempnibus
1356 2333 1441 2371 nun-

248 2408 312 2460 ciis
332 2402 611 2458 transmittendis
636 2402 675 2454 ad
694 2402 819 2453 curiam
840 2400 963 2455 ordinare
982 2402 1034 2455 iam
1053 2402 1203 2473 coepimus,
1230 2412 1312 2475 prout
1334 2406 1440 2478 negocii

246 2494 362 2564 qualitas
383 2489 567 2564 exposcebat}
586 2506 744 2561 processum
763 2506 829 2544 vero
849 2491 939 2545 curiae
959 2494 1134 2561 praenotatae
1152 2510 1201 2563 per
1221 2496 1339 2549 ordinem
1352 2496 1441 2549 nuncii

245 2585 330 2638 nostri
354 2584 529 2654 sollempnes,
555 2582 599 2652 qui
625 2583 820 2649 subsequenter
847 2579 874 2632 iu
899 2583 1018 2652 proximo
1037 2584 1114 2637 vobis
1134 2586 1253 2653 apertius
1275 2588 1301 2638 et
1326 2585 1439 2639 lucidius

247 2676 415 2728 enarrabunt.
436 2673 561 2727 Ceterum
575 2672 750 2727 exhibitorem
769 2672 962 2741 praesencium,
982 2674 1057 2728 iuxta
1077 2675 1148 2744 quod
1168 2675 1234 2728 alias
1249 2693 1298 2744 per
1311 2674 1440 2730 dilectum

246 2764 402 2821 familiarem
426 2768 541 2817 nostrum
565 2764 597 2815 N.
624 2762 715 2815 existit
734 2762 806 2815 vivae
826 2762 900 2814 vocis
926 2765 1035 2816 oraculo
1062 2764 1278 2828 commendatus,
1308 2767 1443 2829 babeatis,

245 2855 267 2907 si
288 2857 385 2925 placet,
404 2854 429 2906 in
449 2854 504 2908 suis
524 2853 636 2923 agendis
655 2853 841 2907 favorabiliter
861 2856 1069 2907 recommissum.

341 3036 374 3103 n)
389 3034 540 3087 continuata
553 3034 582 3086 V.
597 3061 632 3074 -
645 3032 677 3099 d)
692 3032 831 3085 facientem
845 3032 874 3085 V.

277 3345 299 3401 1)
318 3344 351 3387 Zu
368 3341 492 3399 Ndrnberg
508 3354 543 3385 am
562 3341 598 3385 19.
616 3340 748 3386 November
767 3339 836 3392 1271,
855 3340 899 3385 wie
916 3352 956 3385 aus
974 3339 1017 3386 der
1032 3341 1160 3399 folgenden
1176 3342 1238 3387 Note
1255 3343 1406 3403 hervorgelrl.

275 3423 297 3483 2)
315 3425 401 3468 Chr-on.
420 3423 532 3479 Snmpetr.
558 3424 659 3470 Menkeu
685 3422 707 3474 3,
725 3421 778 3466 881.
806 3422 894 3469 Eodem
919 3435 980 3466 anno
1004 3421 1093 3482 (1274)
1117 3423 1230 3470 liudolfus
1251 3423 1276 3468 in
1299 3425 1441 3487 Norimberg

313 3505 442 3550 celebrarit
458 3506 546 3548 corinna
563 3518 626 3548 sunm
645 3505 771 3548 ostendens
789 3503 875 3547 ibidem
893 3503 966 3547 robur
984 3503 1078 3547 virtutis
1097 3517 1153 3549 snae
1170 3518 1222 3549 oum
1240 3505 1331 3551 duobus
1349 3506 1442 3550 milibus

310 3589 409 3632 militurn
426 3588 568 3632 armatorum
586 3587 610 3631 et
626 3587 723 3642 insuper
745 3584 912 3643 quinquaginta
934 3584 1046 3634 militum,
1071 3586 1110 3641 qui
1132 3586 1336 3631 contradictorum
1354 3588 1378 3632 ct
1395 3587 1441 3631 ini-

310 3670 422 3714 micorum
440 3667 621 3721 rebellandum,
648 3666 726 3723 siqui
748 3665 847 3712 forsitan
869 3667 1026 3723 apparerent,
1056 3666 1243 3711 machinaciones
1270 3668 1294 3711 et
1315 3668 1441 3712 saeviciam

313 3754 481 3810 propulsarent
496 3751 546 3794 sive
564 3749 670 3793 ottocari
693 3748 821 3794 adversarii
845 3747 880 3791 sui
903 3747 954 3792 sive
977 3748 1084 3792 aliorum.
1112 3750 1183 3793 Diese
1203 3749 1331 3793 Nrohrielrt
1353 3749 1441 3793 stimmt

310 3846 337 3876 so
355 3833 410 3876 sebr
430 3832 471 3874 mit
488 3833 530 3874 der
546 3830 652 3874 Relation
669 3829 691 3871 in
710 3840 817 3872 anserem
835 3827 913 3871 Briefe
931 3827 1036 3881 iuberem,
1057 3828 1109 3872 dass
1127 3830 1171 3872 wir
1187 3830 1248 3874 ohne
1265 3830 1380 3873 Weiteres
1397 3842 1440 3872 an·

313 3913 411 3957 uebmen
429 3913 532 3962 idonea,
551 3910 594 3954 der
611 3909 739 3966 Reiohstng
755 3922 801 3954 von
819 3907 870 3953 dem
888 3908 976 3953 liudolf
990 3909 1042 3953 bier
1059 3908 1160 3964 spriclrt‚
1181 3910 1215 3953 sei
1233 3910 1275 3954 der
1293 3923 1338 3953 von
1359 3912 1439 3954 Ndrn·

312 3994 379 4053 berg.
398 3996 444 4036 Aue
460 3994 503 4036 der
519 3993 661 4049 Ergiuzung
680 4004 721 4034 aus
737 3992 855 4036 Bodnnann
873 3991 967 4046 ergiebt
982 3990 1033 4034 sich
1050 3991 1123 4042 auch,
1141 3990 1194 4034 dass
1211 3992 1271 4034 noch
1288 3990 1326 4035 eio
1344 3992 1442 4034 aweiter

311 4077 437 4132 Reicbstag
454 4074 605 4126 bevorstand‚
618 4086 666 4118 was
683 4085 768 4117 unsere
785 4073 902 4116 dnnehme
919 4070 1042 4130 bestitigt,
1060 4071 1088 4115 da
1105 4072 1128 4114 iu
1146 4073 1270 4132 Niirnberg
1287 4073 1324 4120 ein
1342 4071 1441 4117 aweiter

311 4157 436 4214 Reirhstag
453 4156 495 4200 auf
509 4156 554 4199 den
572 4155 609 4199 23.
628 4157 678 4198 Jnn.
697 4154 757 4198 1275
775 4167 804 4196 zu
821 4152 948 4210 Wiraburg
970 4152 1114 4211 festgesetzt
1136 4154 1224 4196 warde.
1255 4154 1330 4198 Somit
1346 4155 1440 4198 erucist

313 4239 362 4282 sicb
381 4240 500 4285 Gerbert's
519 4239 644 4287 duneline,
663 4237 761 4279 wonaeb
778 4237 857 4281 dieser
875 4235 940 4280 Brief
955 4236 978 4279 in
996 4236 1037 4279 das
1054 4237 1109 4280 Jabr
1128 4236 1188 4281 1276
1206 4238 1302 4293 gelrdrt,
1319 4238 1354 4281 als
1372 4236 1438 4295 irrig.

276 4317 299 4377 3)
313 4322 394 4363 Psalm.
409 4321 460 4373 117,
475 4319 511 4365 lo.
