3209 5392
255 521 306 592 34

253 693 381 758 Causam
397 700 497 760 autern
512 694 728 785 moventena]
745 697 954 762 nichilominus
967 696 1124 779 allegabis,
1139 715 1196 778 quc
1209 693 1351 758 videlicet
1364 714 1459 757 causa

250 803 379 867 mouerit
404 804 464 869 tale
490 801 670 868 beneficium
696 806 749 869 tali
776 825 907 890 persone
932 804 971 892 d)
991 802 1223 875 conterendum,
1252 801 1361 866 deinde
1390 822 1459 866 cum

252 912 460 977 admonicione
477 915 601 994 simplex
616 914 806 989 mandatum,
834 915 915 999 quod
930 916 999 979 talis
1022 914 1061 978 ad
1084 914 1145 978 talc
1166 910 1346 978 beneficium
1369 931 1459 976 assu·

253 1027 350 1088 matur
356 1043 366 1097 ;
390 1023 475 1089 verbi
491 1024 611 1106 gracia:
1245 1012 1251 1020 ’

589 1262 694 1326 dorna
710 1263 868 1328 donatorie
886 1263 1116 1328 condicionalis.

341 1441 512 1506 Fridericus
523 1441 581 1505 liei
593 1443 696 1524 gracia
711 1441 826 1529 talise]
843 1443 973 1507 ecclesie
990 1443 1149 1527 episcopus
1168 1442 1220 1507 tali
1233 1441 1363 1527 capitulo
1380 1442 1463 1507 salu-

251 1563 313 1621 tem
325 1554 357 1617 in
368 1573 439 1617 vero
453 1552 611 1614 salvatore.
635 1550 679 1614 Ex
691 1550 794 1616 dilecti
806 1552 838 1616 in
849 1552 968 1616 Christo
984 1551 1094 1625 domini
1110 1552 1194 1640 nd)
1211 1551 1343 1615 ecclesie
1360 1556 1463 1615 vestre

251 1662 390 1729 canonici
417 1662 569 1725 relacione
597 1661 785 1743 accepimus,
814 1662 895 1744 quod
921 1666 992 1744 post
1019 1662 1180 1726 decessum
1202 1660 1282 1725 bone
1314 1660 1462 1724 memorie

250 1775 299 1845 ln,
317 1770 424 1835 decani
440 1769 575 1851 eiusdem
592 1768 734 1842 ecclesie,
747 1769 779 1834 in
792 1770 940 1834 electione
952 1770 1093 1834 facienda
1109 1769 1206 1834 addeo
1224 1770 1262 1858 θ]
1275 1767 1314 1833 ab
1330 1769 1463 1832 invicem

252 1880 350 1944 divisa
364 1880 476 1943 fuerint
490 1883 560 1942 vota
576 1883 687 1949 vestra,
705 1878 786 1961 quod
801 1879 879 1942 intra
896 1879 1031 1961 spacium
1046 1877 1133 1942 vobis
1150 1899 1168 1941 a
1184 1898 1300 1942 canone
1317 1881 1463 1941 statutum

252 1989 283 2052 in
312 1988 427 2053 decano
452 1987 582 2050 ecclesie
605 1992 706 2050 vestre
730 1987 852 2051 minime
878 1989 918 2051 sit
940 1987 1103 2070 prouisum.
1138 1987 1211 2050 Cum
1235 1987 1343 2069 igitur,
1368 1986 1401 2051 ai
1417 1987 1464 2051 ita

253 2106 316 2171 cot,
340 2097 419 2161 etsi
441 2096 622 2179 supradictis
647 2096 759 2160 veritas
784 2097 982 2180 suffragatur,
1015 2096 1180 2161 secundum
1204 2096 1367 2160 canonicas
1386 2115 1462 2158 san-

253 2210 369 2274 ctiones
385 2208 425 2272 ad
440 2229 495 2272 nos
512 2207 639 2271 decanie
655 2214 757 2270 vestre
775 2208 815 2272 sit
832 2207 872 2295 f]
890 2207 1017 2273 donacio
1036 2206 1185 2280 devoluta,
1203 2209 1300 2290 ipsam
1315 2206 1457 2289 predicto

251 2318 422 2402 presbitero
439 2316 620 2382 auctoritate
637 2323 740 2382 nostra
758 2318 894 2381 duximus
918 2317 1150 2389 conserendam,
1176 2316 1330 2380 dilectioni
1353 2302 1463 2380 cestre

251 2427 439 2498 mandantes,
449 2430 595 2510 quatenus
608 2425 717 2508 ipsum,
730 2427 757 2488 si
770 2426 844 2489 alias
859 2432 907 2490 est
919 2426 1066 2508 ydoneus,
1079 2430 1130 2489 aut
1144 2426 1170 2488 si
1183 2426 1361 2489 canonicum
1374 2426 1458 2489 aliud

252 2556 318 2627 non
328 2534 466 2606 obsistat,
482 2533 647 2615 recipiatis,
665 2540 696 2597 et
712 2537 790 2599 sicut
808 2535 924 2599 decano
950 2534 1082 2598 debitam
1106 2533 1315 2598 obedienciam
1333 2535 1455 2598 facien-

251 2649 317 2716 tes,
346 2642 468 2707 exibere
505 2642 616 2706 curetis
642 2641 741 2706 eidem
772 2643 972 2708 omnimodam
995 2642 1203 2708 reverenciam
1235 2650 1266 2708 et
1294 2644 1454 2709 bonorem.

607 2848 610 2854 Ι
662 2883 766 2947 dorm
781 2882 938 2948 donatorie
954 2900 1045 2948 nere.

346 3061 509 3143 Gregorius
527 3060 687 3145 episcopus
705 3081 811 3125 seruus
828 3081 981 3125 servorum
993 3060 1051 3124 liei
1067 3060 1119 3124 tali
1136 3062 1267 3125 ecclesie
1280 3064 1410 3127 salutern
1428 3069 1458 3126 et

254 3170 449 3254 apostolicam
464 3161 714 3234 benedictionem.
747 3170 793 3234 nd
808 3171 992 3252 apostolatus
1014 3171 1110 3234 nostri
1133 3170 1322 3235 audienciam
1338 3171 1456 3254 pluries

253 3281 314 3344 iam
329 3279 483 3363 pervenit,
506 3280 636 3362 qualiter
664 3279 783 3345 scilicet
805 3286 876 3363 post
899 3280 1060 3343 decessum
1081 3279 1161 3344 bone
1183 3281 1327 3344 memorie
1344 3282 1458 3346 domini

255 3390 291 3455 G.
306 3390 348 3480 c)
364 3388 545 3453 venerabilis
569 3390 702 3471 episcopi
719 3388 777 3478 d),
801 3390 898 3453 divisa
911 3392 971 3453 sint
987 3395 1017 3453 et
1031 3389 1069 3452 ab
1076 3386 1212 3478 [invicem
1229 3389 1405 3474 discrepent
1424 3391 1458 3480 i)

253 3507 323 3566 vota
345 3506 464 3573 vestra,
491 3502 533 3563 ita
549 3500 629 3583 quod
656 3501 687 3563 in
714 3501 855 3583 eligendo
871 3507 1023 3584 pastorem
1046 3505 1197 3583 nequeant
1219 3501 1360 3574 comari,
1384 3503 1459 3567 licet

255 3611 421 3677 secundum
441 3614 585 3674 statutum
607 3610 727 3675 concilii
750 3612 903 3694 generatis
926 3611 957 3676 id
981 3610 1129 3676 nonnullis
1158 3608 1275 3674 vicibus
1293 3612 1386 3678 suerit
1402 3614 1459 3677 ad-

256 3727 442 3805 temptatum.
459 3721 499 3784 Et
513 3720 653 3803 quoniam
666 3720 705 3808 lt)
719 3727 836 3804 tempus
850 3724 993 3785 statutum
1001 3719 1087 3784 vobis
1100 3741 1118 3783 a
1130 3740 1257 3794 canone,
1269 3728 1359 3804 prout
1370 3724 1460 3788 intel-

178 3853 182 3857 *
254 3833 390 3903 lenimus,
416 3837 463 3894 est
486 3831 619 3914 elapsum
647 3836 678 3893 et
700 3831 739 3894 ad
761 3851 817 3894 nos
846 3831 981 3894 eiusdem
1017 3830 1148 3894 ecclesie
1172 3851 1209 3892 ex
1230 3830 1290 3895 boc
1323 3833 1459 3915 provisio

258 3942 413 4014 devoluta,
440 3940 576 4005 volentes
605 3940 693 4024 gregi
722 3940 872 4005 dominico
899 3941 1069 4024 provideri,
1099 3939 1149 4023 qui
1178 3961 1280 4004 sumus
1309 3963 1345 4005 ex
1369 3942 1461 4017 officii

255 4040 415 4137 pa’storalis
444 4050 546 4114 debito
574 4051 613 4113 ad
641 4051 814 4133 generalem
837 4051 901 4114 eius
926 4050 1095 4115 custodiam
1118 4049 1271 4131 deputati,
1292 4072 1331 4114 ne
1358 4051 1461 4136 Osu‘e

254 4160 407 4224 viduitatis
436 4160 573 4222 diuturna
598 4160 716 4223 senciat
744 4146 940 4231 detrimenta,¹
965 4180 1031 4223 curn
1058 4163 1232 4241 protectore
1261 4158 1397 4242 indigeat
1424 4182 1461 4225 ac

254 4274 384 4340 rectore,
401 4268 500 4331 eidem
515 4268 547 4329 in
562 4286 693 4350 persona
711 4267 814 4330 dilecti
830 4266 881 4329 filii
898 4269 946 4356 m]
963 4267 1101 4339 canonici
1117 4266 1186 4330 talis
1204 4268 1351 4341 ecclesie,
1369 4270 1454 4333 cuius

348 4484 383 4549 a)
399 4485 561 4539 morencium
574 4485 604 4540 V.
620 4516 651 4528 -·
667 4484 698 4551 d)
714 4485 767 4539 tale
783 4503 899 4557 persone
912 4503 1028 4559 persone
1040 4486 1070 4540 V.
1088 4491 1115 4526 '-
1133 4485 1165 4556 c)
1180 4486 1346 4541 Pntoviensis
1359 4489 1387 4543 Z.
1412 4488 1463 4560 (Es

258 4576 315 4648 gibt
329 4575 430 4646 jcdocb
446 4577 487 4629 bis
506 4593 564 4631 zum
584 4576 608 4631 J.
624 4575 695 4629 1479
713 4578 809 4632 keinen
827 4579 961 4632 Passaucr
979 4579 1092 4633 Biscbol
1107 4578 1222 4634 Nameus
1245 4578 1410 4652 Friedrich.)
1428 4610 1461 4621 -

256 4666 291 4734 d)
305 4666 447 4738 presbiteri
461 4667 570 4745 ſtre)
585 4665 638 4722 sict
655 4698 683 4707 -
692 4667 724 4739 f)
739 4668 773 4723 sit
785 4669 854 4723 sebit
867 4671 895 4725 V.
907 4670 943 4742 p)
958 4669 986 4725 B.
996 4670 1020 4724 7..
1038 4701 1068 4712 -
1083 4670 1118 4740 b)
1132 4671 1210 4725 vestri
1225 4671 1252 4725 Z.
1263 4671 1329 4741 -r‘)
1344 4670 1433 4727 diacre
1448 4698 1463 4711 ·

255 4756 438 4829 puntV.—d)
452 4759 556 4832 quando
570 4759 600 4813 V.
613 4786 650 4797 -
662 4759 687 4827 l)
702 4776 751 4813 uec
763 4760 792 4815 V.
805 4791 835 4800 -
845 4762 887 4830 m)
906 4759 937 4816 N.
951 4762 983 4816 Z.
