3209 5392
1291 513 1340 585 95

148 689 326 753 felicitatem
354 689 500 773 prodesse
528 708 717 773 nequaquam
744 688 941 771 ambigimus,
973 691 998 753 si
1025 691 1092 754 loca
1124 690 1222 774 divino
1251 689 1344 752 cultui

148 798 320 880 mancipata
348 799 550 862 curaverimus
583 798 725 881 ampliare
742 804 772 861 et
789 818 891 862 eorum
908 797 1032 862 comodo
1049 798 1089 884 a)
1105 799 1154 881 pia
1186 797 1343 861 intendere

149 909 313 972 voluntate.

244 1018 325 1083 Item
340 1020 385 1084 ud
399 1019 492 1084 idem.
517 1017 601 1081 ‘Cum
617 1017 654 1080 de
670 1016 790 1099 peccati
808 1035 898 1080 carne
915 1018 1008 1088 simus
1026 1017 1213 1080 uniformiter
1233 1036 1344 1099 propa-

151 1126 216 1208 gati
238 1144 295 1188 nec
317 1125 406 1189 facile
422 1127 461 1189 sit
482 1124 687 1189 habitantibus
711 1107 807 1206 super
822 1130 932 1188 terram
953 1124 1093 1187 incursus
1116 1126 1243 1189 evadere
1267 1124 1343 1188 deli-

154 1240 289 1306 ctorum,
318 1234 472 1316 proposita
490 1239 560 1297 sunt
576 1229 661 1296 nobis
679 1252 770 1315 opera
786 1231 926 1315 pietatis,
944 1233 1052 1317 quibus
1068 1238 1150 1297 tanto
1167 1233 1345 1316 propensius

155 1348 325 1407 creatorem
340 1348 475 1405 nostrum
491 1344 641 1424 possimus
658 1341 771 1404 habere
792 1342 977 1423 propicium,
996 1347 1105 1426 quanto
1122 1341 1344 1405 misericordius

156 1452 354 1535 expendimus
371 1473 407 1515 ea
422 1452 454 1515 in
471 1451 704 1516 necessitatibus
721 1451 930 1533 proximorum.

242 1562 323 1626 Item
341 1559 387 1648 b).
419 1562 451 1624 ln
468 1560 623 1624 excellenti
641 1561 763 1641 specula
789 1559 874 1641 regie
902 1559 1067 1624 maiestatis
1084 1559 1213 1623 feliciter
1229 1559 1344 1622 consti-

152 1670 210 1734 tuti
222 1670 262 1733 ad
274 1668 516 1752 prospiciendum
532 1668 653 1733 utilitati
668 1666 800 1731 fidelium
813 1672 982 1731 nostrorum
998 1667 1029 1730 in
1044 1673 1209 1757 posterum,
1226 1668 1345 1751 perspi-

154 1778 316 1843 cacitatem
343 1778 497 1853 oculorum
517 1782 686 1840 nostrorum
713 1776 811 1858 longe
831 1777 950 1858 lateque
985 1775 1178 1840 diffundimus
1207 1777 1346 1857 indemp-

155 1888 304 1952 nitatibus
321 1888 518 1951 ecclesiarum
534 1888 677 1970 precipue
694 1891 890 1969 precaventes
916 1891 946 1948 ct
967 1906 1069 1949 earum
1086 1886 1347 1950 commoditatibus

153 1997 359 2068 intendentes,
376 2001 409 2059 ut
424 2016 479 2077 per
494 1996 641 2060 lubricum
656 1996 717 2057 vite
733 1994 822 2058 huius
839 2001 1045 2058 transcursum
1060 1994 1192 2059 feliciter
1210 2001 1349 2062 transca-

153 2127 222 2170 mus
240 2109 271 2168 et
287 2109 388 2167 eterne
404 2104 598 2168 beatitudinis
614 2103 728 2185 premia
745 2122 965 2187 consequamur
985 2102 1022 2189 ¹).

246 2215 326 2279 Item
342 2213 390 2300 l).
408 2213 534 2277 Totiens
555 2212 640 2293 regie
663 2211 850 2276 celsitudinis
873 2219 1034 2294 sceptrum·
1048 2212 1196 2276 extollitur
1212 2212 1301 2276 altius
1319 2217 1349 2275 et

154 2324 255 2407 ipsius
272 2328 368 2393 status
385 2343 402 2385 a
417 2321 543 2386 Domino
553 2322 602 2409 e),
615 2342 633 2385 a
645 2342 704 2404 quo
718 2321 806 2385 datur
821 2321 917 2384 omnis
934 2326 1080 2403 potestas,
1096 2322 1215 2385 felicius
1232 2321 1345 2403 guber-

154 2438 256 2503 natur,
274 2430 412 2522 quotiens
427 2430 494 2492 loca
512 2428 611 2492 divino
626 2428 718 2492 oultdi
732 2429 871 2492 dedicata
883 2428 934 2511 pia
947 2428 1193 2492 consideracione
1204 2433 1350 2510 reguntur

156 2547 188 2605 et
211 2541 250 2604 ad
271 2539 405 2621 ipsorum
426 2538 586 2601 facultates
608 2538 761 2620 augendas
784 2537 954 2601 favorabilis
977 2537 1129 2620 proteccio
1146 2537 1291 2620 principis
1319 2536 1351 2597 in

156 2649 361 2733 oportunitate
379 2645 512 2731 qualibet
526 2646 677 2727 reperitur
694 2645 723 2733 ²)
1448 2626 1450 2628 ¹

594 2849 633 2911 ld
656 2849 735 2911 uiros
752 2849 921 2928 religiosos.

640 2971 765 3019 Distinetio
777 2974 816 3019 Xll
827 2974 868 3031 d).

254 3111 326 3174 Cum
360 3110 397 3173 de
428 3109 592 3191 imperialis
620 3109 766 3191 procedat
792 3108 1001 3172 benivolencie
1032 3110 1171 3190 largitate
1197 3108 1353 3172 universos

158 3224 242 3285 viros
270 3203 425 3303 regulares
448 3221 512 3284 Deo
540 3220 652 3300 iugiter
679 3220 846 3283 servientes
877 3239 931 3283 suo
956 3221 1083 3284 sollicite
1110 3220 1242 3302 presidio
1270 3241 1354 3284 corn·

155 3331 285 3402 munire,
308 3333 417 3392 fratres
448 3329 557 3392 milicie
588 3329 691 3412 templi
722 3330 773 3413 qui
807 3330 930 3393 dimissa
962 3332 1091 3393 seculari
1128 3329 1239 3392 milicia
1275 3330 1350 3392 facti
1391 3372 1397 3380 ·

161 3446 233 3504 sunt
260 3439 370 3502 milites
397 3439 470 3502 Jesu
493 3438 604 3502 Christi
633 3443 664 3500 et
689 3438 795 3500 vexillo
818 3438 944 3501 Domino
972 3438 1084 3519 iugiter
1110 3439 1273 3502 militantes
1302 3458 1356 3520 pro

162 3548 362 3631 redemptoris
380 3568 480 3610 amore
498 3568 531 3609 se
548 3548 635 3611 morti
653 3546 723 3609 darc
745 3548 908 3629 pugnando
932 3567 1000 3609 cum
1021 3546 1159 3610 barbaris
1180 3547 1357 3611 nacionibus

163 3678 224 3721 non
239 3657 416 3729 formidant,
438 3662 521 3719 tanto
545 3656 656 3722 debent
677 3655 837 3718 ardencius
855 3657 1007 3719 confoveri
1022 3655 1053 3718 in
1070 3656 1225 3728 omnibus,
1248 3662 1358 3739 quanto

167 3759 329 3849 gloriosius
362 3787 415 3850 pro
439 3766 613 3829 defensione
643 3765 798 3829 christiani
833 3766 958 3829 nominis
990 3772 1155 3830 noscuntur
1184 3767 1216 3829 in
1247 3766 1356 3829 castris

166 3875 326 3940 dominicis
344 3876 455 3957 iugiter
472 3880 501 3937 et
516 3872 646 3937 fideliter
662 3874 842 3966 continuatis
860 3873 976 3936 vicibus
993 3874 1130 3937 militare.

189 4037 192 4045 ’
259 4076 293 4143 a)
312 4074 365 4127 sno
380 4075 407 4128 v.
424 4105 456 4113 -
471 4073 502 4144 v)
517 4075 551 4128 au
564 4075 631 4128 roem
643 4074 670 4126 z.
688 4103 715 4112 -
732 4074 764 4142 a)
779 4091 794 4126 a
808 4073 918 4126 nomn
932 4090 971 4125 an
986 4072 1078 4127 nanus
1092 4074 1122 4127 v.
1140 4103 1165 4111 -
1184 4072 1219 4141 u)
1235 4071 1303 4125 nna
1317 4072 1362 4123 ru

167 4168 234 4222 fehlt
246 4170 274 4221 Z.
289 4185 312 4221 o.
331 4168 360 4221 V.

169 4360 492 4372 ffl-m-——u

195 4477 412 4537 ¹)'Gleiclrlautend
429 4477 472 4522 dor
489 4477 598 4533 Eingang
616 4476 659 4521 der
676 4476 748 4521 Urlrli.
767 4477 794 4521 ll.
812 4476 919 4519 Rndolfs
936 4476 974 4519 fin·
992 4476 1030 4520 die
1048 4478 1150 4521 lfvrclven
1169 4490 1214 4520 von
1225 4476 1301 4520 mainz
1317 4476 1363 4520 und

231 4559 336 4613 laritticlv,
355 4562 411 4619 Reg.
430 4560 548 4605 Budua.
568 4560 614 4605 142
630 4574 653 4603 u.
671 4561 726 4604 203.
745 4560 790 4603 und
809 4562 880 4603 unten
898 4559 949 4602 Fol.
969 4558 1009 4608 58,
1027 4571 1067 4603 no.
1085 4557 1125 4603 lt.

204 4657 228 4719 ²)
242 4662 419 4706 Gleictvlaulcnd
437 4662 479 4704 der
495 4661 604 4719 Eingang
618 4662 662 4703 der
679 4661 749 4704 urar.
764 4662 790 4702 ll.
806 4659 910 4703 lludolt’s
927 4661 965 4701 fiir
981 4661 1064 4702 Gfeirvk
1083 4673 1105 4702 u.
1127 4660 1285 4710 waltrano-iod,
1306 4663 1365 4716 fleg.

235 4744 294 4788 llud.
314 4757 352 4787 uo.
371 4742 417 4787 faa
436 4757 459 4788 n.
478 4742 641 4787 Niedcrsiv'clrs.
661 4741 852 4786 Urlrnndenbnclr
872 4742 925 4785 lleft
942 4741 966 4792 2,
986 4740 1040 4784 281.
