<?xml version="1.0" encoding="UTF-8"?>
<!DOCTYPE html PUBLIC "-//W3C//DTD XHTML 1.0 Transitional//EN"
    "http://www.w3.org/TR/xhtml1/DTD/xhtml1-transitional.dtd">
<html xmlns="http://www.w3.org/1999/xhtml" xml:lang="en" lang="en">
 <head>
  <title>
</title>
<meta http-equiv="Content-Type" content="text/html;charset=utf-8" />
  <meta name='ocr-system' content='tesseract 3.04.00' />
  <meta name='ocr-capabilities' content='ocr_page ocr_carea ocr_par ocr_line ocrx_word'/>
</head>
<body>
  <div class='ocr_page' id='page_1' title='image "./fontesrerumaust00unkngoog_0418.png"; bbox 0 0 3209 5392; ppageno 0'>
   <div class='ocr_carea' id='block_1_1' title="bbox 1045 602 1364 723">
    <p class='ocr_par' dir='ltr' id='par_1_1' title="bbox 1045 602 1364 723">
     <span class='ocr_line' id='line_1_1' title="bbox 1045 602 1364 723; baseline 0.003 -52"><span class='ocrx_word' id='word_1_1' title='bbox 1045 612 1073 723; x_wconf 54' lang='lat' dir='ltr'>‘g</span> <span class='ocrx_word' id='word_1_2' title='bbox 1291 602 1364 673; x_wconf 85' lang='lat'>391</span> 
     </span>
    </p>
   </div>
   <div class='ocr_carea' id='block_1_2' title="bbox 87 746 1373 2813">
    <p class='ocr_par' dir='ltr' id='par_1_2' title="bbox 87 746 1373 2813">
     <span class='ocr_line' id='line_1_2' title="bbox 87 746 1371 864; baseline 0.016 -40"><span class='ocrx_word' id='word_1_3' title='bbox 87 746 90 750; x_wconf 14' lang='grc' dir='ltr'><em>Α</em></span> <span class='ocrx_word' id='word_1_4' title='bbox 170 768 202 826; x_wconf 93' lang='lat' dir='ltr'>et</span> <span class='ocrx_word' id='word_1_5' title='bbox 217 764 344 828; x_wconf 81' lang='lat' dir='ltr'>nuncios</span> <span class='ocrx_word' id='word_1_6' title='bbox 360 765 416 828; x_wconf 91' lang='lat' dir='ltr'>tibi</span> <span class='ocrx_word' id='word_1_7' title='bbox 433 786 488 828; x_wconf 89' lang='lat' dir='ltr'>nos</span> <span class='ocrx_word' id='word_1_8' title='bbox 506 768 713 832; x_wconf 73' lang='lat' dir='ltr'>transmisisse</span> <span class='ocrx_word' id='word_1_9' title='bbox 727 771 917 836; x_wconf 90' lang='lat' dir='ltr'>meminimus</span> <span class='ocrx_word' id='word_1_10' title='bbox 934 779 964 838; x_wconf 95' lang='lat' dir='ltr'>et</span> <span class='ocrx_word' id='word_1_11' title='bbox 980 780 1010 836; x_wconf 90' lang='lat' dir='ltr'>te</span> <span class='ocrx_word' id='word_1_12' title='bbox 1027 774 1124 839; x_wconf 91' lang='lat' dir='ltr'>nobis.</span> <span class='ocrx_word' id='word_1_13' title='bbox 1141 775 1314 840; x_wconf 88' lang='lat' dir='ltr'>Recolimus</span> <span class='ocrx_word' id='word_1_14' title='bbox 1327 775 1371 864; x_wconf 81' lang='lat' dir='ltr'>a)</span> 
     </span>
     <span class='ocr_line' id='line_1_3' title="bbox 173 873 1370 964; baseline 0.011 -29"><span class='ocrx_word' id='word_1_15' title='bbox 173 873 264 944; x_wconf 92' lang='lat' dir='ltr'>enim,</span> <span class='ocrx_word' id='word_1_16' title='bbox 282 873 363 956; x_wconf 87' lang='lat' dir='ltr'>quod</span> <span class='ocrx_word' id='word_1_17' title='bbox 379 875 475 957; x_wconf 91' lang='lat' dir='ltr'>primo</span> <span class='ocrx_word' id='word_1_18' title='bbox 491 894 547 957; x_wconf 89' lang='lat' dir='ltr'>per</span> <span class='ocrx_word' id='word_1_19' title='bbox 562 877 612 948; x_wconf 91' lang='lat' dir='ltr'>N.,</span> <span class='ocrx_word' id='word_1_20' title='bbox 630 880 764 943; x_wconf 89' lang='lat' dir='ltr'>secundo</span> <span class='ocrx_word' id='word_1_21' title='bbox 780 901 836 964; x_wconf 91' lang='lat' dir='ltr'>per</span> <span class='ocrx_word' id='word_1_22' title='bbox 851 882 898 953; x_wconf 67' lang='lat' dir='ltr'>F„</span> <span class='ocrx_word' id='word_1_23' title='bbox 915 882 1077 946; x_wconf 77' lang='lat' dir='ltr'>familiares</span> <span class='ocrx_word' id='word_1_24' title='bbox 1094 886 1214 948; x_wconf 89' lang='lat' dir='ltr'>nostros</span> <span class='ocrx_word' id='word_1_25' title='bbox 1233 885 1370 957; x_wconf 91' lang='lat' dir='ltr'>dilectos,</span> 
     </span>
     <span class='ocr_line' id='line_1_4' title="bbox 172 985 1371 1078; baseline 0.014 -36"><span class='ocrx_word' id='word_1_26' title='bbox 172 1002 207 1042; x_wconf 85' lang='lat' dir='ltr'>ex</span> <span class='ocrx_word' id='word_1_27' title='bbox 236 986 322 1063; x_wconf 89' lang='lat' dir='ltr'>parte</span> <span class='ocrx_word' id='word_1_28' title='bbox 349 985 434 1064; x_wconf 88' lang='lat' dir='ltr'>regie</span> <span class='ocrx_word' id='word_1_29' title='bbox 457 985 624 1049; x_wconf 87' lang='lat' dir='ltr'>maiestatis</span> <span class='ocrx_word' id='word_1_30' title='bbox 649 987 687 1050; x_wconf 88' lang='lat' dir='ltr'>ad</span> <span class='ocrx_word' id='word_1_31' title='bbox 709 994 791 1052; x_wconf 92' lang='lat' dir='ltr'>tuam</span> <span class='ocrx_word' id='word_1_32' title='bbox 809 991 997 1073; x_wconf 78' lang='lat' dir='ltr'>presenciam</span> <span class='ocrx_word' id='word_1_33' title='bbox 1020 992 1205 1063; x_wconf 90' lang='lat' dir='ltr'>destinatos,</span> <span class='ocrx_word' id='word_1_34' title='bbox 1234 1000 1264 1058; x_wconf 91' lang='lat' dir='ltr'>et</span> <span class='ocrx_word' id='word_1_35' title='bbox 1286 1000 1371 1078; x_wconf 91' lang='lat' dir='ltr'>post-</span> 
     </span>
     <span class='ocr_line' id='line_1_5' title="bbox 172 1089 1373 1179; baseline 0.011 -28"><span class='ocrx_word' id='word_1_36' title='bbox 172 1089 293 1152; x_wconf 92' lang='lat' dir='ltr'>modum</span> <span class='ocrx_word' id='word_1_37' title='bbox 321 1096 374 1154; x_wconf 91' lang='lat' dir='ltr'>tuo</span> <span class='ocrx_word' id='word_1_38' title='bbox 403 1093 521 1155; x_wconf 89' lang='lat' dir='ltr'>nomine</span> <span class='ocrx_word' id='word_1_39' title='bbox 547 1116 563 1157; x_wconf 94' lang='lat' dir='ltr'>e</span> <span class='ocrx_word' id='word_1_40' title='bbox 588 1115 733 1159; x_wconf 88' lang='lat' dir='ltr'>converso</span> <span class='ocrx_word' id='word_1_41' title='bbox 755 1116 811 1179; x_wconf 89' lang='lat' dir='ltr'>per</span> <span class='ocrx_word' id='word_1_42' title='bbox 831 1098 870 1159; x_wconf 88' lang='lat' dir='ltr'>M.</span> <span class='ocrx_word' id='word_1_43' title='bbox 890 1104 920 1162; x_wconf 92' lang='lat' dir='ltr'>et</span> <span class='ocrx_word' id='word_1_44' title='bbox 936 1100 972 1163; x_wconf 92' lang='lat' dir='ltr'>N.</span> <span class='ocrx_word' id='word_1_45' title='bbox 992 1121 1008 1163; x_wconf 89' lang='lat' dir='ltr'>a</span> <span class='ocrx_word' id='word_1_46' title='bbox 1030 1105 1061 1163; x_wconf 92' lang='lat' dir='ltr'>te</span> <span class='ocrx_word' id='word_1_47' title='bbox 1084 1100 1212 1165; x_wconf 91' lang='lat' dir='ltr'>diversis</span> <span class='ocrx_word' id='word_1_48' title='bbox 1235 1102 1373 1165; x_wconf 89' lang='lat' dir='ltr'>similiter</span> 
     </span>
     <span class='ocr_line' id='line_1_6' title="bbox 172 1197 1370 1295; baseline 0.011 -34"><span class='ocrx_word' id='word_1_49' title='bbox 172 1197 289 1263; x_wconf 86' lang='lat' dir='ltr'>vicibus</span> <span class='ocrx_word' id='word_1_50' title='bbox 306 1201 344 1263; x_wconf 89' lang='lat' dir='ltr'>ad</span> <span class='ocrx_word' id='word_1_51' title='bbox 364 1221 419 1263; x_wconf 87' lang='lat' dir='ltr'>nos</span> <span class='ocrx_word' id='word_1_52' title='bbox 435 1202 556 1275; x_wconf 90' lang='lat' dir='ltr'>missos,</span> <span class='ocrx_word' id='word_1_53' title='bbox 572 1204 741 1286; x_wconf 91' lang='lat' dir='ltr'>predictum</span> <span class='ocrx_word' id='word_1_54' title='bbox 758 1207 920 1289; x_wconf 80' lang='lat' dir='ltr'>negocium</span> <span class='ocrx_word' id='word_1_55' title='bbox 937 1209 1027 1273; x_wconf 83' lang='lat' dir='ltr'>variis</span> <span class='ocrx_word' id='word_1_56' title='bbox 1051 1216 1098 1273; x_wconf 88' lang='lat' dir='ltr'>est</span> <span class='ocrx_word' id='word_1_57' title='bbox 1115 1210 1370 1295; x_wconf 81' lang='lat' dir='ltr'>exquisicionihus</span> 
     </span>
     <span class='ocr_line' id='line_1_7' title="bbox 173 1308 1370 1399; baseline 0.013 -30"><span class='ocrx_word' id='word_1_58' title='bbox 173 1308 327 1390; x_wconf 89' lang='lat' dir='ltr'>agitatum.</span> <span class='ocrx_word' id='word_1_59' title='bbox 360 1310 405 1371; x_wconf 82' lang='lat' dir='ltr'>llx</span> <span class='ocrx_word' id='word_1_60' title='bbox 428 1310 522 1373; x_wconf 91' lang='lat' dir='ltr'>indita</span> <span class='ocrx_word' id='word_1_61' title='bbox 552 1313 698 1395; x_wconf 90' lang='lat' dir='ltr'>siquidem</span> <span class='ocrx_word' id='word_1_62' title='bbox 729 1315 816 1377; x_wconf 93' lang='lat' dir='ltr'>nobis</span> <span class='ocrx_word' id='word_1_63' title='bbox 846 1315 977 1399; x_wconf 86' lang='lat' dir='ltr'>desuper</span> <span class='ocrx_word' id='word_1_64' title='bbox 1003 1319 1233 1382; x_wconf 79' lang='lat' dir='ltr'>mansuetudine</span> <span class='ocrx_word' id='word_1_65' title='bbox 1260 1319 1370 1384; x_wconf 87' lang='lat' dir='ltr'>fuimus</span> 
     </span>
     <span class='ocr_line' id='line_1_8' title="bbox 172 1407 1370 1511; baseline 0.012 -33"><span class='ocrx_word' id='word_1_66' title='bbox 172 1418 345 1498; x_wconf 89' lang='lat' dir='ltr'>prestolati,</span> <span class='ocrx_word' id='word_1_67' title='bbox 373 1418 453 1503; x_wconf 88' lang='lat' dir='ltr'>quod</span> <span class='ocrx_word' id='word_1_68' title='bbox 478 1419 589 1484; x_wconf 86' lang='lat' dir='ltr'>blande</span> <span class='ocrx_word' id='word_1_69' title='bbox 612 1423 701 1485; x_wconf 86' lang='lat' dir='ltr'>faciei</span> <span class='ocrx_word' id='word_1_70' title='bbox 724 1428 826 1487; x_wconf 83' lang='lat' dir='ltr'>nostre</span> <span class='ocrx_word' id='word_1_71' title='bbox 855 1431 1031 1508; x_wconf 88' lang='lat' dir='ltr'>presentata</span> <span class='ocrx_word' id='word_1_72' title='bbox 1054 1429 1214 1511; x_wconf 74' lang='lat' dir='ltr'>placiditas</span> <span class='ocrx_word' id='word_1_73' title='bbox 1237 1407 1370 1511; x_wconf 85' lang='lat' dir='ltr'>optatum</span> 
     </span>
     <span class='ocr_line' id='line_1_9' title="bbox 171 1531 1371 1622; baseline 0.011 -34"><span class='ocrx_word' id='word_1_74' title='bbox 171 1533 322 1599; x_wconf 87' lang='lat' dir='ltr'>eventum,</span> <span class='ocrx_word' id='word_1_75' title='bbox 337 1549 426 1612; x_wconf 90' lang='lat' dir='ltr'>quem</span> <span class='ocrx_word' id='word_1_76' title='bbox 440 1531 469 1592; x_wconf 91' lang='lat' dir='ltr'>in</span> <span class='ocrx_word' id='word_1_77' title='bbox 482 1537 569 1614; x_wconf 80' lang='lat' dir='ltr'>grata</span> <span class='ocrx_word' id='word_1_78' title='bbox 585 1533 734 1596; x_wconf 86' lang='lat' dir='ltr'>suavitate</span> <span class='ocrx_word' id='word_1_79' title='bbox 751 1535 985 1616; x_wconf 80' lang='lat' dir='ltr'>spoponderant,</span> <span class='ocrx_word' id='word_1_80' title='bbox 1002 1538 1173 1619; x_wconf 89' lang='lat' dir='ltr'>parturiret.</span> <span class='ocrx_word' id='word_1_81' title='bbox 1194 1540 1256 1604; x_wconf 87' lang='lat' dir='ltr'>Sed</span> <span class='ocrx_word' id='word_1_82' title='bbox 1267 1541 1371 1622; x_wconf 91' lang='lat' dir='ltr'>longe,</span> 
     </span>
     <span class='ocr_line' id='line_1_10' title="bbox 171 1636 1371 1732; baseline 0.012 -34"><span class='ocrx_word' id='word_1_83' title='bbox 171 1636 248 1718; x_wconf 86' lang='lat' dir='ltr'>proh</span> <span class='ocrx_word' id='word_1_84' title='bbox 258 1638 355 1720; x_wconf 89' lang='lat' dir='ltr'>pudor</span> <span class='ocrx_word' id='word_1_85' title='bbox 367 1641 425 1725; x_wconf 84' lang='lat' dir='ltr'>b)!</span> <span class='ocrx_word' id='word_1_86' title='bbox 443 1661 547 1704; x_wconf 90' lang='lat' dir='ltr'>sumus</span> <span class='ocrx_word' id='word_1_87' title='bbox 565 1662 581 1704; x_wconf 91' lang='lat' dir='ltr'>a</span> <span class='ocrx_word' id='word_1_88' title='bbox 598 1647 702 1706; x_wconf 88' lang='lat' dir='ltr'>nostra</span> <span class='ocrx_word' id='word_1_89' title='bbox 718 1642 890 1707; x_wconf 87' lang='lat' dir='ltr'>intencione</span> <span class='ocrx_word' id='word_1_90' title='bbox 907 1647 1094 1731; x_wconf 68' lang='lat' dir='ltr'>sapentia),</span> <span class='ocrx_word' id='word_1_91' title='bbox 1110 1649 1224 1712; x_wconf 85' lang='lat' dir='ltr'>frustra</span> <span class='ocrx_word' id='word_1_92' title='bbox 1237 1650 1371 1732; x_wconf 89' lang='lat' dir='ltr'>compla-</span> 
     </span>
     <span class='ocr_line' id='line_1_11' title="bbox 173 1747 1371 1841; baseline 0.013 -34"><span class='ocrx_word' id='word_1_93' title='bbox 173 1748 235 1808; x_wconf 90' lang='lat' dir='ltr'>cuit</span> <span class='ocrx_word' id='word_1_94' title='bbox 251 1747 339 1810; x_wconf 90' lang='lat' dir='ltr'>nobis</span> <span class='ocrx_word' id='word_1_95' title='bbox 356 1749 385 1810; x_wconf 92' lang='lat' dir='ltr'>in</span> <span class='ocrx_word' id='word_1_96' title='bbox 403 1751 552 1834; x_wconf 90' lang='lat' dir='ltr'>principe,</span> <span class='ocrx_word' id='word_1_97' title='bbox 570 1770 586 1812; x_wconf 87' lang='lat' dir='ltr'>a</span> <span class='ocrx_word' id='word_1_98' title='bbox 604 1756 775 1814; x_wconf 88' lang='lat' dir='ltr'>nostrorum</span> <span class='ocrx_word' id='word_1_99' title='bbox 792 1753 900 1818; x_wconf 90' lang='lat' dir='ltr'>semita</span> <span class='ocrx_word' id='word_1_100' title='bbox 915 1756 1125 1820; x_wconf 89' lang='lat' dir='ltr'>mandatorum</span> <span class='ocrx_word' id='word_1_101' title='bbox 1148 1779 1181 1821; x_wconf 90' lang='lat' dir='ltr'>se</span> <span class='ocrx_word' id='word_1_102' title='bbox 1203 1758 1323 1841; x_wconf 86' lang='lat' dir='ltr'>longius</span> <span class='ocrx_word' id='word_1_103' title='bbox 1340 1764 1371 1822; x_wconf 83' lang='lat' dir='ltr'>et</span> 
     </span>
     <span class='ocr_line' id='line_1_12' title="bbox 172 1856 1370 1949; baseline 0.012 -33"><span class='ocrx_word' id='word_1_104' title='bbox 172 1856 391 1922; x_wconf 88' lang='lat' dir='ltr'>irreverencius</span> <span class='ocrx_word' id='word_1_105' title='bbox 409 1858 592 1943; x_wconf 86' lang='lat' dir='ltr'>obliquante.</span> <span class='ocrx_word' id='word_1_106' title='bbox 626 1861 730 1931; x_wconf 88' lang='lat' dir='ltr'>Porro,</span> <span class='ocrx_word' id='word_1_107' title='bbox 748 1881 814 1923; x_wconf 94' lang='lat' dir='ltr'>cum</span> <span class='ocrx_word' id='word_1_108' title='bbox 838 1863 869 1924; x_wconf 90' lang='lat' dir='ltr'>in</span> <span class='ocrx_word' id='word_1_109' title='bbox 886 1868 1115 1946; x_wconf 85' lang='lat' dir='ltr'>exspectacione</span> <span class='ocrx_word' id='word_1_110' title='bbox 1138 1867 1370 1949; x_wconf 89' lang='lat' dir='ltr'>pollicitacionis</span> 
     </span>
     <span class='ocr_line' id='line_1_13' title="bbox 169 1965 1370 2053; baseline 0.011 -27"><span class='ocrx_word' id='word_1_111' title='bbox 169 1965 340 2029; x_wconf 91' lang='lat' dir='ltr'>huiusmodi</span> <span class='ocrx_word' id='word_1_112' title='bbox 357 1988 452 2053; x_wconf 89' lang='lat' dir='ltr'>usque</span> <span class='ocrx_word' id='word_1_113' title='bbox 476 1966 551 2030; x_wconf 90' lang='lat' dir='ltr'>adeo</span> <span class='ocrx_word' id='word_1_114' title='bbox 574 1969 657 2050; x_wconf 85' lang='lat' dir='ltr'>regia</span> <span class='ocrx_word' id='word_1_115' title='bbox 680 1970 771 2034; x_wconf 87' lang='lat' dir='ltr'>fuerit</span> <span class='ocrx_word' id='word_1_116' title='bbox 796 1971 938 2035; x_wconf 89' lang='lat' dir='ltr'>inclinata</span> <span class='ocrx_word' id='word_1_117' title='bbox 960 1974 1121 2045; x_wconf 89' lang='lat' dir='ltr'>maiestas,</span> <span class='ocrx_word' id='word_1_118' title='bbox 1150 1981 1183 2039; x_wconf 92' lang='lat' dir='ltr'>ut</span> <span class='ocrx_word' id='word_1_119' title='bbox 1206 1977 1370 2040; x_wconf 88' lang='lat' dir='ltr'>tolerancia</span> 
     </span>
     <span class='ocr_line' id='line_1_14' title="bbox 169 2075 1370 2168; baseline 0.012 -32"><span class='ocrx_word' id='word_1_120' title='bbox 169 2081 271 2139; x_wconf 90' lang='lat' dir='ltr'>nostra</span> <span class='ocrx_word' id='word_1_121' title='bbox 288 2075 509 2157; x_wconf 86' lang='lat' dir='ltr'>quodammodo</span> <span class='ocrx_word' id='word_1_122' title='bbox 526 2098 597 2139; x_wconf 91' lang='lat' dir='ltr'>vere</span> <span class='ocrx_word' id='word_1_123' title='bbox 614 2079 771 2159; x_wconf 89' lang='lat' dir='ltr'>paciencie</span> <span class='ocrx_word' id='word_1_124' title='bbox 789 2081 897 2143; x_wconf 87' lang='lat' dir='ltr'>nome&#39;n</span> <span class='ocrx_word' id='word_1_125' title='bbox 914 2082 1049 2146; x_wconf 91' lang='lat' dir='ltr'>amiserit</span> <span class='ocrx_word' id='word_1_126' title='bbox 1071 2089 1102 2146; x_wconf 92' lang='lat' dir='ltr'>et</span> <span class='ocrx_word' id='word_1_127' title='bbox 1119 2084 1269 2157; x_wconf 80' lang='lat' dir='ltr'>ellectum,</span> <span class='ocrx_word' id='word_1_128' title='bbox 1285 2091 1370 2168; x_wconf 91' lang='lat' dir='ltr'>post-</span> 
     </span>
     <span class='ocr_line' id='line_1_15' title="bbox 168 2183 1370 2276; baseline 0.009 -31"><span class='ocrx_word' id='word_1_129' title='bbox 168 2204 258 2268; x_wconf 89' lang='lat' dir='ltr'>quam</span> <span class='ocrx_word' id='word_1_130' title='bbox 275 2183 412 2247; x_wconf 90' lang='lat' dir='ltr'>eiusdem</span> <span class='ocrx_word' id='word_1_131' title='bbox 428 2186 589 2268; x_wconf 89' lang='lat' dir='ltr'>paciencie</span> <span class='ocrx_word' id='word_1_132' title='bbox 606 2187 721 2269; x_wconf 81' lang='lat' dir='ltr'>tyriaca</span> <span class='ocrx_word' id='word_1_133' title='bbox 738 2208 798 2250; x_wconf 92' lang='lat' dir='ltr'>non</span> <span class='ocrx_word' id='word_1_134' title='bbox 820 2189 944 2272; x_wconf 85' lang='lat' dir='ltr'>profuit,</span> <span class='ocrx_word' id='word_1_135' title='bbox 968 2190 1150 2256; x_wconf 85' lang='lat' dir='ltr'>arbitrantes</span> <span class='ocrx_word' id='word_1_136' title='bbox 1174 2194 1213 2256; x_wconf 90' lang='lat' dir='ltr'>ad</span> <span class='ocrx_word' id='word_1_137' title='bbox 1238 2193 1370 2276; x_wconf 83' lang='lat' dir='ltr'>pociaris</span> 
     </span>
     <span class='ocr_line' id='line_1_16' title="bbox 166 2294 1370 2381; baseline 0.008 -25"><span class='ocrx_word' id='word_1_138' title='bbox 166 2294 284 2357; x_wconf 91' lang='lat' dir='ltr'>medele</span> <span class='ocrx_word' id='word_1_139' title='bbox 311 2295 446 2358; x_wconf 90' lang='lat' dir='ltr'>remedia</span> <span class='ocrx_word' id='word_1_140' title='bbox 471 2294 702 2359; x_wconf 89' lang='lat' dir='ltr'>recurrendum:</span> <span class='ocrx_word' id='word_1_141' title='bbox 734 2296 923 2362; x_wconf 89' lang='lat' dir='ltr'>dissimulare</span> <span class='ocrx_word' id='word_1_142' title='bbox 939 2320 999 2361; x_wconf 91' lang='lat' dir='ltr'>non</span> <span class='ocrx_word' id='word_1_143' title='bbox 1015 2319 1177 2381; x_wconf 87' lang='lat' dir='ltr'>possumus</span> <span class='ocrx_word' id='word_1_144' title='bbox 1199 2323 1256 2366; x_wconf 86' lang='lat' dir='ltr'>nee</span> <span class='ocrx_word' id='word_1_145' title='bbox 1275 2302 1370 2366; x_wconf 90' lang='lat' dir='ltr'>debe-</span> 
     </span>
     <span class='ocr_line' id='line_1_17' title="bbox 165 2404 1368 2497; baseline 0.008 -33"><span class='ocrx_word' id='word_1_146' title='bbox 165 2423 243 2475; x_wconf 76' lang='lat' dir='ltr'>muS,</span> <span class='ocrx_word' id='word_1_147' title='bbox 260 2404 332 2487; x_wconf 90' lang='lat' dir='ltr'>quin</span> <span class='ocrx_word' id='word_1_148' title='bbox 348 2411 399 2468; x_wconf 90' lang='lat' dir='ltr'>tue</span> <span class='ocrx_word' id='word_1_149' title='bbox 417 2404 544 2476; x_wconf 90' lang='lat' dir='ltr'>duricie‚</span> <span class='ocrx_word' id='word_1_150' title='bbox 561 2425 599 2466; x_wconf 92' lang='lat' dir='ltr'>ne</span> <span class='ocrx_word' id='word_1_151' title='bbox 617 2404 777 2468; x_wconf 86' lang='lat' dir='ltr'>dixerimus</span> <span class='ocrx_word' id='word_1_152' title='bbox 793 2406 970 2488; x_wconf 89' lang='lat' dir='ltr'>pertinacie,</span> <span class='ocrx_word' id='word_1_153' title='bbox 983 2409 1121 2472; x_wconf 91' lang='lat' dir='ltr'>morbum</span> <span class='ocrx_word' id='word_1_154' title='bbox 1137 2411 1197 2474; x_wconf 90' lang='lat' dir='ltr'>tuis</span> <span class='ocrx_word' id='word_1_155' title='bbox 1214 2413 1368 2497; x_wconf 88' lang='lat' dir='ltr'>comprin-</span> 
     </span>
     <span class='ocr_line' id='line_1_18' title="bbox 169 2511 1367 2599; baseline 0.009 -25"><span class='ocrx_word' id='word_1_156' title='bbox 169 2511 298 2595; x_wconf 89' lang='lat' dir='ltr'>cipibus,</span> <span class='ocrx_word' id='word_1_157' title='bbox 315 2511 354 2575; x_wconf 91' lang='lat' dir='ltr'>ad</span> <span class='ocrx_word' id='word_1_158' title='bbox 370 2533 445 2597; x_wconf 91' lang='lat' dir='ltr'>quos</span> <span class='ocrx_word' id='word_1_159' title='bbox 462 2533 517 2576; x_wconf 93' lang='lat' dir='ltr'>nos</span> <span class='ocrx_word' id='word_1_160' title='bbox 535 2514 644 2580; x_wconf 90' lang='lat' dir='ltr'>invitos</span> <span class='ocrx_word' id='word_1_161' title='bbox 662 2514 816 2599; x_wconf 90' lang='lat' dir='ltr'>compellit</span> <span class='ocrx_word' id='word_1_162' title='bbox 830 2536 937 2579; x_wconf 86' lang='lat' dir='ltr'>revera</span> <span class='ocrx_word' id='word_1_163' title='bbox 954 2523 1088 2580; x_wconf 83' lang='lat' dir='ltr'>extrema</span> <span class='ocrx_word' id='word_1_164' title='bbox 1104 2520 1282 2593; x_wconf 91' lang='lat' dir='ltr'>necessitas,</span> <span class='ocrx_word' id='word_1_165' title='bbox 1299 2523 1367 2585; x_wconf 88' lang='lat' dir='ltr'>loco</span> 
     </span>
     <span class='ocr_line' id='line_1_19' title="bbox 166 2622 1367 2712; baseline 0.007 -28"><span class='ocrx_word' id='word_1_166' title='bbox 166 2627 197 2685; x_wconf 88' lang='lat' dir='ltr'>et</span> <span class='ocrx_word' id='word_1_167' title='bbox 211 2628 346 2705; x_wconf 89' lang='lat' dir='ltr'>tempore</span> <span class='ocrx_word' id='word_1_168' title='bbox 358 2622 548 2705; x_wconf 85' lang='lat' dir='ltr'>detegamus,</span> <span class='ocrx_word' id='word_1_169' title='bbox 559 2643 613 2705; x_wconf 90' lang='lat' dir='ltr'>pro</span> <span class='ocrx_word' id='word_1_170' title='bbox 627 2625 703 2687; x_wconf 90' lang='lat' dir='ltr'>tanti</span> <span class='ocrx_word' id='word_1_171' title='bbox 720 2644 864 2689; x_wconf 86' lang='lat' dir='ltr'>excessus</span> <span class='ocrx_word' id='word_1_172' title='bbox 877 2631 907 2689; x_wconf 92' lang='lat' dir='ltr'>et</span> <span class='ocrx_word' id='word_1_173' title='bbox 920 2627 1029 2690; x_wconf 89' lang='lat' dir='ltr'>iniurie</span> <span class='ocrx_word' id='word_1_174' title='bbox 1042 2628 1209 2712; x_wconf 86' lang='lat' dir='ltr'>quantitate</span> <span class='ocrx_word' id='word_1_175' title='bbox 1223 2628 1367 2694; x_wconf 90' lang='lat' dir='ltr'>iudicium</span> 
     </span>
     <span class='ocr_line' id='line_1_20' title="bbox 166 2731 512 2813; baseline -0.003 -19"><span class='ocrx_word' id='word_1_176' title='bbox 166 2737 197 2796; x_wconf 93' lang='lat' dir='ltr'>et</span> <span class='ocrx_word' id='word_1_177' title='bbox 212 2731 364 2796; x_wconf 89' lang='lat' dir='ltr'>iusticiam</span> <span class='ocrx_word' id='word_1_178' title='bbox 381 2732 512 2813; x_wconf 89' lang='lat' dir='ltr'>petituri.</span> 
     </span>
    </p>
   </div>
   <div class='ocr_carea' id='block_1_3' title="bbox 169 2932 1367 3078">
    <p class='ocr_par' dir='ltr' id='par_1_3' title="bbox 169 2932 1367 3078">
     <span class='ocr_line' id='line_1_21' title="bbox 257 2932 1367 3010; baseline 0.004 -23"><span class='ocrx_word' id='word_1_179' title='bbox 257 2933 291 3002; x_wconf 85' lang='lat' dir='ltr'>a)</span> <span class='ocrx_word' id='word_1_180' title='bbox 301 2932 385 2988; x_wconf 83' lang='lat' dir='ltr'>nohis.</span> <span class='ocrx_word' id='word_1_181' title='bbox 396 2932 547 2987; x_wconf 79' lang='lat' dir='ltr'>Recolimus</span> <span class='ocrx_word' id='word_1_182' title='bbox 557 2933 604 2989; x_wconf 80' lang='lat' dir='ltr'>aui</span> <span class='ocrx_word' id='word_1_183' title='bbox 613 2934 698 2988; x_wconf 85' lang='lat' dir='ltr'>Rasur</span> <span class='ocrx_word' id='word_1_184' title='bbox 707 2934 737 2988; x_wconf 90' lang='lat' dir='ltr'>V.</span> <span class='ocrx_word' id='word_1_185' title='bbox 749 2964 776 2973; x_wconf 91' lang='lat'><em>-</em></span> <span class='ocrx_word' id='word_1_186' title='bbox 786 2934 820 3002; x_wconf 85' lang='lat' dir='ltr'>b)</span> <span class='ocrx_word' id='word_1_187' title='bbox 831 2934 907 2989; x_wconf 84' lang='lat' dir='ltr'>dolor</span> <span class='ocrx_word' id='word_1_188' title='bbox 920 2936 946 2988; x_wconf 87' lang='lat' dir='ltr'>Z.</span> <span class='ocrx_word' id='word_1_189' title='bbox 961 2952 1050 2991; x_wconf 78' lang='lat' dir='ltr'>sumus</span> <span class='ocrx_word' id='word_1_190' title='bbox 1063 2936 1132 2992; x_wconf 84' lang='lat' dir='ltr'>fehlt</span> <span class='ocrx_word' id='word_1_191' title='bbox 1145 2937 1214 2991; x_wconf 75' lang='grc'><strong>1.-</strong></span> <span class='ocrx_word' id='word_1_192' title='bbox 1226 2937 1367 3010; x_wconf 83' lang='lat' dir='ltr'>e)euppo·</span> 
     </span>
     <span class='ocr_line' id='line_1_22' title="bbox 169 3022 377 3078; baseline -0.014 0"><span class='ocrx_word' id='word_1_193' title='bbox 169 3022 377 3078; x_wconf 56' lang='lat' dir='ltr'>fflhmh</span> 
     </span>
    </p>
   </div>
   <div class='ocr_carea' id='block_1_4' title="bbox 239 3264 1412 4869">
    <p class='ocr_par' dir='ltr' id='par_1_4' title="bbox 239 3264 1412 4869">
     <span class='ocr_line' id='line_1_23' title="bbox 239 3264 1363 3330; baseline 0 -16"><span class='ocrx_word' id='word_1_194' title='bbox 239 3282 292 3314; x_wconf 89' lang='lat' dir='ltr'>men</span> <span class='ocrx_word' id='word_1_195' title='bbox 305 3268 356 3313; x_wconf 82' lang='lat' dir='ltr'>sich</span> <span class='ocrx_word' id='word_1_196' title='bbox 369 3268 495 3328; x_wconf 83' lang='lat' dir='ltr'>weigerte,</span> <span class='ocrx_word' id='word_1_197' title='bbox 512 3269 580 3314; x_wconf 78' lang='lat' dir='ltr'>aeine</span> <span class='ocrx_word' id='word_1_198' title='bbox 599 3268 679 3314; x_wconf 84' lang='lat' dir='ltr'>heheu</span> <span class='ocrx_word' id='word_1_199' title='bbox 697 3283 726 3313; x_wconf 88' lang='lat' dir='ltr'>zu</span> <span class='ocrx_word' id='word_1_200' title='bbox 744 3270 847 3315; x_wconf 82' lang='lat' dir='ltr'>muthen.</span> <span class='ocrx_word' id='word_1_201' title='bbox 870 3269 990 3315; x_wconf 75' lang='lat' dir='ltr'>Whhrend</span> <span class='ocrx_word' id='word_1_202' title='bbox 1009 3283 1055 3315; x_wconf 88' lang='lat' dir='ltr'>uun</span> <span class='ocrx_word' id='word_1_203' title='bbox 1074 3270 1162 3315; x_wconf 78' lang='lat' dir='ltr'>Otaliar</span> <span class='ocrx_word' id='word_1_204' title='bbox 1179 3282 1265 3330; x_wconf 86' lang='lat' dir='ltr'>wegen</span> <span class='ocrx_word' id='word_1_205' title='bbox 1284 3264 1363 3316; x_wconf 82' lang='lat' dir='ltr'>dleser</span> 
     </span>
     <span class='ocr_line' id='line_1_24' title="bbox 240 3358 1364 3420; baseline 0 -15"><span class='ocrx_word' id='word_1_206' title='bbox 240 3358 387 3419; x_wconf 79' lang='lat' dir='ltr'>Weigerung</span> <span class='ocrx_word' id='word_1_207' title='bbox 405 3358 480 3403; x_wconf 87' lang='lat' dir='ltr'>durch</span> <span class='ocrx_word' id='word_1_208' title='bbox 499 3358 644 3404; x_wconf 81' lang='lat' dir='ltr'>formliehen</span> <span class='ocrx_word' id='word_1_209' title='bbox 661 3358 789 3408; x_wconf 81' lang='lat' dir='ltr'>Besebluee</span> <span class='ocrx_word' id='word_1_210' title='bbox 808 3360 850 3404; x_wconf 82' lang='lat' dir='ltr'>auf</span> <span class='ocrx_word' id='word_1_211' title='bbox 870 3359 923 3404; x_wconf 85' lang='lat' dir='ltr'>dem</span> <span class='ocrx_word' id='word_1_212' title='bbox 945 3359 1089 3420; x_wconf 81' lang='lat' dir='ltr'>Reichstage</span> <span class='ocrx_word' id='word_1_213' title='bbox 1110 3372 1139 3404; x_wconf 98' lang='grc' dir='ltr'>ιιι</span> <span class='ocrx_word' id='word_1_214' title='bbox 1162 3359 1306 3419; x_wconf 77' lang='lat' dir='ltr'>Nirnberg,</span> <span class='ocrx_word' id='word_1_215' title='bbox 1328 3374 1364 3405; x_wconf 87' lang='lat' dir='ltr'>am</span> 
     </span>
     <span class='ocr_line' id='line_1_25' title="bbox 240 3444 1366 3507; baseline -0.001 -14"><span class='ocrx_word' id='word_1_216' title='bbox 240 3447 278 3493; x_wconf 83' lang='grc'>19.</span> <span class='ocrx_word' id='word_1_217' title='bbox 298 3447 431 3493; x_wconf 84' lang='lat' dir='ltr'>November</span> <span class='ocrx_word' id='word_1_218' title='bbox 452 3444 524 3502; x_wconf 74' lang='grc'><strong>1271,</strong></span> <span class='ocrx_word' id='word_1_219' title='bbox 546 3447 601 3493; x_wconf 87' lang='lat' dir='ltr'>eine</span> <span class='ocrx_word' id='word_1_220' title='bbox 620 3447 725 3493; x_wconf 80' lang='lat' dir='ltr'>Citation</span> <span class='ocrx_word' id='word_1_221' title='bbox 743 3447 803 3493; x_wconf 85' lang='lat' dir='ltr'>nach</span> <span class='ocrx_word' id='word_1_222' title='bbox 823 3448 951 3507; x_wconf 81' lang='lat' dir='ltr'>Wiruhurg</span> <span class='ocrx_word' id='word_1_223' title='bbox 968 3447 1055 3502; x_wconf 77' lang='lat' dir='ltr'>erhilt,</span> <span class='ocrx_word' id='word_1_224' title='bbox 1074 3448 1134 3493; x_wconf 83' lang='lat' dir='ltr'>wird</span> <span class='ocrx_word' id='word_1_225' title='bbox 1148 3447 1229 3494; x_wconf 86' lang='lat' dir='ltr'>weder</span> <span class='ocrx_word' id='word_1_226' title='bbox 1245 3450 1270 3493; x_wconf 90' lang='lat' dir='ltr'>in</span> <span class='ocrx_word' id='word_1_227' title='bbox 1285 3447 1366 3505; x_wconf 87' lang='lat' dir='ltr'>jenem</span> 
     </span>
     <span class='ocr_line' id='line_1_26' title="bbox 239 3535 1366 3600; baseline -0.002 -16"><span class='ocrx_word' id='word_1_228' title='bbox 239 3538 454 3585; x_wconf 82' lang='lat' dir='ltr'>Heieheahechiede</span> <span class='ocrx_word' id='word_1_229' title='bbox 467 3551 520 3584; x_wconf 82' lang='lat' dir='ltr'>vom</span> <span class='ocrx_word' id='word_1_230' title='bbox 536 3538 573 3583; x_wconf 84' lang='grc'>19.</span> <span class='ocrx_word' id='word_1_231' title='bbox 586 3538 720 3584; x_wconf 85' lang='lat' dir='ltr'>November</span> <span class='ocrx_word' id='word_1_232' title='bbox 739 3535 782 3596; x_wconf 87' lang='grc'><strong>(11.</strong></span> <span class='ocrx_word' id='word_1_233' title='bbox 791 3540 819 3583; x_wconf 84' lang='lat' dir='ltr'>G.</span> <span class='ocrx_word' id='word_1_234' title='bbox 828 3537 923 3592; x_wconf 60' lang='lat' dir='ltr'>haam</span> <span class='ocrx_word' id='word_1_235' title='bbox 935 3539 994 3600; x_wconf 84' lang='lat' dir='ltr'>Heg.</span> <span class='ocrx_word' id='word_1_236' title='bbox 1007 3539 1068 3584; x_wconf 84' lang='lat' dir='ltr'>Rud.</span> <span class='ocrx_word' id='word_1_237' title='bbox 1083 3552 1123 3584; x_wconf 84' lang='lat' dir='ltr'>no.</span> <span class='ocrx_word' id='word_1_238' title='bbox 1138 3535 1207 3597; x_wconf 81' lang='grc'><strong>132),</strong></span> <span class='ocrx_word' id='word_1_239' title='bbox 1221 3539 1284 3585; x_wconf 87' lang='lat' dir='ltr'>noch</span> <span class='ocrx_word' id='word_1_240' title='bbox 1297 3540 1366 3585; x_wconf 79' lang='lat' dir='ltr'>const</span> 
     </span>
     <span class='ocr_line' id='line_1_27' title="bbox 244 3629 1365 3690; baseline 0.001 -17"><span class='ocrx_word' id='word_1_241' title='bbox 244 3630 369 3689; x_wconf 83' lang='lat' dir='ltr'>irgendwo</span> <span class='ocrx_word' id='word_1_242' title='bbox 389 3629 505 3686; x_wconf 69' lang='lat' dir='ltr'>armabat,</span> <span class='ocrx_word' id='word_1_243' title='bbox 524 3629 578 3675; x_wconf 80' lang='lat' dir='ltr'>dass</span> <span class='ocrx_word' id='word_1_244' title='bbox 591 3643 671 3690; x_wconf 87' lang='lat' dir='ltr'>gegen</span> <span class='ocrx_word' id='word_1_245' title='bbox 684 3631 731 3676; x_wconf 83' lang='lat' dir='ltr'>den</span> <span class='ocrx_word' id='word_1_246' title='bbox 744 3632 839 3690; x_wconf 78' lang='lat' dir='ltr'>Herzog</span> <span class='ocrx_word' id='word_1_247' title='bbox 851 3630 972 3684; x_wconf 84' lang='lat' dir='ltr'>Heinrich,</span> <span class='ocrx_word' id='word_1_248' title='bbox 991 3631 1034 3675; x_wconf 88' lang='lat' dir='ltr'>der</span> <span class='ocrx_word' id='word_1_249' title='bbox 1052 3630 1084 3675; x_wconf 91' lang='lat' dir='ltr'>im</span> <span class='ocrx_word' id='word_1_250' title='bbox 1103 3631 1215 3690; x_wconf 87' lang='lat' dir='ltr'>gleichen</span> <span class='ocrx_word' id='word_1_251' title='bbox 1228 3631 1294 3677; x_wconf 82' lang='lat' dir='ltr'>Folle</span> <span class='ocrx_word' id='word_1_252' title='bbox 1307 3643 1365 3684; x_wconf 83' lang='lat' dir='ltr'>war,</span> 
     </span>
     <span class='ocr_line' id='line_1_28' title="bbox 239 3719 1367 3782; baseline 0.001 -18"><span class='ocrx_word' id='word_1_253' title='bbox 239 3719 279 3765; x_wconf 87' lang='lat' dir='ltr'>ein</span> <span class='ocrx_word' id='word_1_254' title='bbox 291 3719 373 3778; x_wconf 83' lang='lat' dir='ltr'>gleicb</span> <span class='ocrx_word' id='word_1_255' title='bbox 385 3721 497 3781; x_wconf 73' lang='lat' dir='ltr'>otranges</span> <span class='ocrx_word' id='word_1_256' title='bbox 510 3720 642 3766; x_wconf 80' lang='lat' dir='ltr'>Versahren</span> <span class='ocrx_word' id='word_1_257' title='bbox 656 3720 798 3766; x_wconf 85' lang='lat' dir='ltr'>beobaehtet</span> <span class='ocrx_word' id='word_1_258' title='bbox 811 3721 910 3766; x_wconf 87' lang='lat' dir='ltr'>worden</span> <span class='ocrx_word' id='word_1_259' title='bbox 924 3720 968 3766; x_wconf 76' lang='lat' dir='ltr'>sei.</span> <span class='ocrx_word' id='word_1_260' title='bbox 981 3742 1017 3751; x_wconf 92' lang='lat'><em>-</em></span> <span class='ocrx_word' id='word_1_261' title='bbox 1030 3721 1107 3766; x_wconf 75' lang='lat' dir='ltr'>linear</span> <span class='ocrx_word' id='word_1_262' title='bbox 1119 3721 1188 3766; x_wconf 82' lang='lat' dir='ltr'>Brief</span> <span class='ocrx_word' id='word_1_263' title='bbox 1198 3721 1265 3782; x_wconf 81' lang='lat' dir='ltr'>neigt</span> <span class='ocrx_word' id='word_1_264' title='bbox 1277 3721 1367 3773; x_wconf 82' lang='lat' dir='ltr'>zuemt,</span> 
     </span>
     <span class='ocr_line' id='line_1_29' title="bbox 242 3792 1367 3870; baseline -0.001 -14"><span class='ocrx_word' id='word_1_265' title='bbox 242 3811 296 3857; x_wconf 79' lang='lat' dir='ltr'>dass</span> <span class='ocrx_word' id='word_1_266' title='bbox 312 3811 392 3870; x_wconf 76' lang='lat' dir='ltr'>Kbnig</span> <span class='ocrx_word' id='word_1_267' title='bbox 404 3809 495 3856; x_wconf 76' lang='lat' dir='ltr'>liudolf</span> <span class='ocrx_word' id='word_1_268' title='bbox 505 3810 548 3855; x_wconf 89' lang='lat' dir='ltr'>mit</span> <span class='ocrx_word' id='word_1_269' title='bbox 567 3810 614 3854; x_wconf 88' lang='lat' dir='ltr'>ihm</span> <span class='ocrx_word' id='word_1_270' title='bbox 633 3811 658 3855; x_wconf 88' lang='lat' dir='ltr'>in</span> <span class='ocrx_word' id='word_1_271' title='bbox 676 3810 769 3856; x_wconf 88' lang='lat' dir='ltr'>directe</span> <span class='ocrx_word' id='word_1_272' title='bbox 781 3810 1011 3870; x_wconf 87' lang='lat' dir='ltr'>Unterhandlungen</span> <span class='ocrx_word' id='word_1_273' title='bbox 1029 3792 1141 3870; x_wconf 85' lang='lat' dir='ltr'>getreten</span> <span class='ocrx_word' id='word_1_274' title='bbox 1160 3811 1200 3856; x_wconf 79' lang='lat' dir='ltr'>ist.</span> <span class='ocrx_word' id='word_1_275' title='bbox 1223 3813 1281 3857; x_wconf 81' lang='lat' dir='ltr'>Dese</span> <span class='ocrx_word' id='word_1_276' title='bbox 1301 3811 1367 3856; x_wconf 82' lang='lat' dir='ltr'>dieee</span> 
     </span>
     <span class='ocr_line' id='line_1_30' title="bbox 240 3901 1370 3963; baseline 0 -16"><span class='ocrx_word' id='word_1_277' title='bbox 240 3902 467 3963; x_wconf 83' lang='lat' dir='ltr'>Unterhandlungen</span> <span class='ocrx_word' id='word_1_278' title='bbox 490 3901 640 3961; x_wconf 80' lang='lat' dir='ltr'>Hoffuungen</span> <span class='ocrx_word' id='word_1_279' title='bbox 662 3905 686 3946; x_wconf 83' lang='lat' dir='ltr'>ln</span> <span class='ocrx_word' id='word_1_280' title='bbox 708 3902 761 3947; x_wconf 85' lang='lat' dir='ltr'>dem</span> <span class='ocrx_word' id='word_1_281' title='bbox 783 3902 877 3962; x_wconf 77' lang='lat' dir='ltr'>Khnige</span> <span class='ocrx_word' id='word_1_282' title='bbox 900 3902 1051 3958; x_wconf 80' lang='lat' dir='ltr'>erweckten,</span> <span class='ocrx_word' id='word_1_283' title='bbox 1074 3902 1113 3947; x_wconf 88' lang='lat' dir='ltr'>die</span> <span class='ocrx_word' id='word_1_284' title='bbox 1135 3902 1248 3948; x_wconf 83' lang='lat' dir='ltr'>Heinrich</span> <span class='ocrx_word' id='word_1_285' title='bbox 1271 3903 1370 3963; x_wconf 80' lang='lat' dir='ltr'>hetrog‚</span> 
     </span>
     <span class='ocr_line' id='line_1_31' title="bbox 239 3974 1367 4054; baseline 0 -16"><span class='ocrx_word' id='word_1_286' title='bbox 239 3974 329 4039; x_wconf 84' lang='lat' dir='ltr'>stimmt</span> <span class='ocrx_word' id='word_1_287' title='bbox 346 4007 406 4054; x_wconf 84' lang='lat' dir='ltr'>ganz</span> <span class='ocrx_word' id='word_1_288' title='bbox 424 4007 454 4038; x_wconf 88' lang='grc' dir='ltr'>ιιι</span> <span class='ocrx_word' id='word_1_289' title='bbox 473 3993 515 4038; x_wconf 90' lang='lat' dir='ltr'>der</span> <span class='ocrx_word' id='word_1_290' title='bbox 528 3993 743 4053; x_wconf 74' lang='lat' dir='ltr'>Unhestandigheit</span> <span class='ocrx_word' id='word_1_291' title='bbox 755 3993 802 4038; x_wconf 89' lang='lat' dir='ltr'>und</span> <span class='ocrx_word' id='word_1_292' title='bbox 815 3992 995 4052; x_wconf 75' lang='lat' dir='ltr'>&#39;l&#39;reulooigkeit</span> <span class='ocrx_word' id='word_1_293' title='bbox 1007 3993 1086 4040; x_wconf 82' lang='lat' dir='ltr'>dieses</span> <span class='ocrx_word' id='word_1_294' title='bbox 1099 3995 1209 4048; x_wconf 73' lang='lat' dir='ltr'>Peiraion,</span> <span class='ocrx_word' id='word_1_295' title='bbox 1228 3994 1266 4040; x_wconf 89' lang='lat' dir='ltr'>die</span> <span class='ocrx_word' id='word_1_296' title='bbox 1279 3993 1367 4039; x_wconf 78' lang='lat' dir='ltr'>liudolf</span> 
     </span>
     <span class='ocr_line' id='line_1_32' title="bbox 240 4079 1412 4157; baseline -0.001 -28"><span class='ocrx_word' id='word_1_297' title='bbox 240 4085 303 4129; x_wconf 88' lang='lat' dir='ltr'>noch</span> <span class='ocrx_word' id='word_1_298' title='bbox 317 4085 399 4142; x_wconf 73' lang='lat' dir='ltr'>opiter</span> <span class='ocrx_word' id='word_1_299' title='bbox 418 4084 562 4131; x_wconf 84' lang='lat' dir='ltr'>wiederbolt</span> <span class='ocrx_word' id='word_1_300' title='bbox 580 4083 713 4141; x_wconf 84' lang='lat' dir='ltr'>empiinden</span> <span class='ocrx_word' id='word_1_301' title='bbox 731 4083 828 4128; x_wconf 83' lang='lat' dir='ltr'>moeste.</span> <span class='ocrx_word' id='word_1_302' title='bbox 853 4079 1024 4140; x_wconf 80' lang='lat' dir='ltr'>(S.lioehmer,</span> <span class='ocrx_word' id='word_1_303' title='bbox 1037 4083 1223 4131; x_wconf 82' lang='lat' dir='ltr'>Wittelshaeber</span> <span class='ocrx_word' id='word_1_304' title='bbox 1244 4084 1364 4144; x_wconf 85' lang='lat' dir='ltr'>Hegesten</span> <span class='ocrx_word' id='word_1_305' title='bbox 1407 4144 1412 4157; x_wconf 82' lang='lat'>.</span> 
     </span>
     <span class='ocr_line' id='line_1_33' title="bbox 240 4170 1368 4234; baseline 0 -14"><span class='ocrx_word' id='word_1_306' title='bbox 240 4191 263 4234; x_wconf 88' lang='lat' dir='ltr'>p.</span> <span class='ocrx_word' id='word_1_307' title='bbox 277 4176 308 4221; x_wconf 82' lang='lat'>82</span> <span class='ocrx_word' id='word_1_308' title='bbox 321 4175 370 4220; x_wconf 82' lang='lat' dir='ltr'>und</span> <span class='ocrx_word' id='word_1_309' title='bbox 382 4176 451 4221; x_wconf 83' lang='lat' dir='ltr'>Ceut.</span> <span class='ocrx_word' id='word_1_310' title='bbox 466 4175 544 4220; x_wconf 88' lang='lat' dir='ltr'>Lamb.</span> <span class='ocrx_word' id='word_1_311' title='bbox 559 4175 588 4220; x_wconf 88' lang='lat' dir='ltr'>ad</span> <span class='ocrx_word' id='word_1_312' title='bbox 601 4188 623 4220; x_wconf 87' lang='lat' dir='ltr'>a.</span> <span class='ocrx_word' id='word_1_313' title='bbox 638 4174 699 4220; x_wconf 81' lang='grc'><strong>1276</strong></span> <span class='ocrx_word' id='word_1_314' title='bbox 712 4176 743 4219; x_wconf 88' lang='grc' dir='ltr'>Μ.</span> <span class='ocrx_word' id='word_1_315' title='bbox 758 4175 784 4217; x_wconf 85' lang='grc'><strong>(1.</strong></span> <span class='ocrx_word' id='word_1_316' title='bbox 799 4175 840 4219; x_wconf 85' lang='lat' dir='ltr'>SS.</span> <span class='ocrx_word' id='word_1_317' title='bbox 854 4174 878 4230; x_wconf 82' lang='grc'>9,</span> <span class='ocrx_word' id='word_1_318' title='bbox 894 4170 964 4231; x_wconf 80' lang='grc'><strong>1161.)</strong></span> <span class='ocrx_word' id='word_1_319' title='bbox 987 4174 1078 4220; x_wconf 82' lang='lat' dir='ltr'>Rudolf</span> <span class='ocrx_word' id='word_1_320' title='bbox 1100 4175 1172 4219; x_wconf 88' lang='lat' dir='ltr'>droht</span> <span class='ocrx_word' id='word_1_321' title='bbox 1190 4174 1237 4219; x_wconf 89' lang='lat' dir='ltr'>ihm</span> <span class='ocrx_word' id='word_1_322' title='bbox 1260 4174 1368 4230; x_wconf 84' lang='lat' dir='ltr'>deshalb,</span> 
     </span>
     <span class='ocr_line' id='line_1_34' title="bbox 240 4264 1367 4327; baseline -0.001 -16"><span class='ocrx_word' id='word_1_323' title='bbox 240 4267 280 4311; x_wconf 86' lang='lat' dir='ltr'>die</span> <span class='ocrx_word' id='word_1_324' title='bbox 299 4266 491 4327; x_wconf 77' lang='lat' dir='ltr'>hugelegenheit</span> <span class='ocrx_word' id='word_1_325' title='bbox 509 4266 561 4311; x_wconf 85' lang='lat' dir='ltr'>dem</span> <span class='ocrx_word' id='word_1_326' title='bbox 583 4266 688 4310; x_wconf 85' lang='lat' dir='ltr'>Urtheile</span> <span class='ocrx_word' id='word_1_327' title='bbox 706 4265 749 4310; x_wconf 81' lang='lat' dir='ltr'>der</span> <span class='ocrx_word' id='word_1_328' title='bbox 762 4265 943 4310; x_wconf 78' lang='lat' dir='ltr'>Reichsbirsten</span> <span class='ocrx_word' id='word_1_329' title='bbox 962 4279 990 4309; x_wconf 91' lang='grc' dir='ltr'>ιιι</span> <span class='ocrx_word' id='word_1_330' title='bbox 1008 4264 1155 4325; x_wconf 72' lang='lat' dir='ltr'>iiber-geben,</span> <span class='ocrx_word' id='word_1_331' title='bbox 1175 4266 1230 4310; x_wconf 88' lang='lat' dir='ltr'>eine</span> <span class='ocrx_word' id='word_1_332' title='bbox 1243 4266 1367 4326; x_wconf 77' lang='lat' dir='ltr'>Drohung,</span> 
     </span>
     <span class='ocr_line' id='line_1_35' title="bbox 241 4355 1365 4417; baseline -0.002 -13"><span class='ocrx_word' id='word_1_333' title='bbox 241 4358 281 4404; x_wconf 86' lang='lat' dir='ltr'>die</span> <span class='ocrx_word' id='word_1_334' title='bbox 303 4358 364 4403; x_wconf 85' lang='lat' dir='ltr'>nach</span> <span class='ocrx_word' id='word_1_335' title='bbox 386 4358 439 4402; x_wconf 87' lang='lat' dir='ltr'>dem</span> <span class='ocrx_word' id='word_1_336' title='bbox 457 4356 585 4417; x_wconf 86' lang='lat' dir='ltr'>Vorgehen</span> <span class='ocrx_word' id='word_1_337' title='bbox 606 4369 685 4415; x_wconf 88' lang='lat' dir='ltr'>gegen</span> <span class='ocrx_word' id='word_1_338' title='bbox 705 4357 794 4402; x_wconf 73' lang='lat' dir='ltr'>litabar</span> <span class='ocrx_word' id='word_1_339' title='bbox 811 4355 854 4401; x_wconf 86' lang='lat' dir='ltr'>auf</span> <span class='ocrx_word' id='word_1_340' title='bbox 874 4357 920 4401; x_wconf 88' lang='lat' dir='ltr'>den</span> <span class='ocrx_word' id='word_1_341' title='bbox 939 4356 1100 4415; x_wconf 82' lang='lat' dir='ltr'>Reichetagen</span> <span class='ocrx_word' id='word_1_342' title='bbox 1122 4370 1151 4400; x_wconf 86' lang='grc' dir='ltr'>ιιι</span> <span class='ocrx_word' id='word_1_343' title='bbox 1168 4356 1295 4416; x_wconf 80' lang='lat' dir='ltr'>Nrirnherg</span> <span class='ocrx_word' id='word_1_344' title='bbox 1318 4357 1365 4402; x_wconf 85' lang='lat' dir='ltr'>und</span> 
     </span>
     <span class='ocr_line' id='line_1_36' title="bbox 240 4436 1368 4508; baseline -0.003 -13"><span class='ocrx_word' id='word_1_345' title='bbox 240 4449 369 4508; x_wconf 81' lang='lat' dir='ltr'>wirzburg</span> <span class='ocrx_word' id='word_1_346' title='bbox 381 4450 502 4495; x_wconf 81' lang='lat' dir='ltr'>Eindruek</span> <span class='ocrx_word' id='word_1_347' title='bbox 515 4450 612 4495; x_wconf 88' lang='lat' dir='ltr'>maehen</span> <span class='ocrx_word' id='word_1_348' title='bbox 626 4450 722 4495; x_wconf 79' lang='lat' dir='ltr'>mueste.</span> <span class='ocrx_word' id='word_1_349' title='bbox 737 4469 771 4479; x_wconf 92' lang='lat'><em>-</em></span> <span class='ocrx_word' id='word_1_350' title='bbox 784 4436 902 4508; x_wconf 75' lang='lat' dir='ltr'>librigens</span> <span class='ocrx_word' id='word_1_351' title='bbox 916 4449 965 4493; x_wconf 88' lang='lat' dir='ltr'>trat</span> <span class='ocrx_word' id='word_1_352' title='bbox 977 4447 1088 4492; x_wconf 75' lang='lat' dir='ltr'>heinrich</span> <span class='ocrx_word' id='word_1_353' title='bbox 1110 4447 1139 4491; x_wconf 90' lang='lat' dir='ltr'>im</span> <span class='ocrx_word' id='word_1_354' title='bbox 1153 4448 1293 4505; x_wconf 84' lang='lat' dir='ltr'>September</span> <span class='ocrx_word' id='word_1_355' title='bbox 1307 4447 1368 4492; x_wconf 79' lang='lat'>1276</span> 
     </span>
     <span class='ocr_line' id='line_1_37' title="bbox 241 4537 1370 4598; baseline -0.001 -14"><span class='ocrx_word' id='word_1_356' title='bbox 241 4554 287 4586; x_wconf 86' lang='lat' dir='ltr'>von</span> <span class='ocrx_word' id='word_1_357' title='bbox 309 4542 361 4587; x_wconf 88' lang='lat' dir='ltr'>dem</span> <span class='ocrx_word' id='word_1_358' title='bbox 374 4541 505 4586; x_wconf 79' lang='lat' dir='ltr'>Briudnisse</span> <span class='ocrx_word' id='word_1_359' title='bbox 524 4541 566 4584; x_wconf 88' lang='lat' dir='ltr'>mit</span> <span class='ocrx_word' id='word_1_360' title='bbox 579 4539 669 4585; x_wconf 68' lang='lat' dir='ltr'>otaker</span> <span class='ocrx_word' id='word_1_361' title='bbox 680 4540 770 4586; x_wconf 78' lang='lat' dir='ltr'>zurich</span> <span class='ocrx_word' id='word_1_362' title='bbox 783 4539 825 4585; x_wconf 82' lang='lat' dir='ltr'>auf</span> <span class='ocrx_word' id='word_1_363' title='bbox 835 4539 873 4584; x_wconf 87' lang='lat' dir='ltr'>die</span> <span class='ocrx_word' id='word_1_364' title='bbox 887 4539 952 4584; x_wconf 87' lang='lat' dir='ltr'>Seite</span> <span class='ocrx_word' id='word_1_365' title='bbox 965 4538 1046 4598; x_wconf 81' lang='lat' dir='ltr'>Khnig</span> <span class='ocrx_word' id='word_1_366' title='bbox 1058 4537 1164 4582; x_wconf 77' lang='lat' dir='ltr'>lludoll&#39;s</span> <span class='ocrx_word' id='word_1_367' title='bbox 1177 4538 1224 4582; x_wconf 85' lang='lat' dir='ltr'>und</span> <span class='ocrx_word' id='word_1_368' title='bbox 1239 4538 1308 4583; x_wconf 90' lang='lat' dir='ltr'>nabm</span> <span class='ocrx_word' id='word_1_369' title='bbox 1323 4552 1370 4583; x_wconf 86' lang='lat' dir='ltr'>von</span> 
     </span>
     <span class='ocr_line' id='line_1_38' title="bbox 241 4628 1370 4691; baseline -0.002 -16"><span class='ocrx_word' id='word_1_370' title='bbox 241 4633 329 4677; x_wconf 84' lang='lat' dir='ltr'>diesem</span> <span class='ocrx_word' id='word_1_371' title='bbox 355 4645 383 4675; x_wconf 89' lang='grc' dir='ltr'>ιιι</span> <span class='ocrx_word' id='word_1_372' title='bbox 404 4631 537 4686; x_wconf 59' lang='grc'><strong>,1111111111</strong></span> <span class='ocrx_word' id='word_1_373' title='bbox 563 4631 617 4675; x_wconf 85' lang='lat' dir='ltr'>Zeit</span> <span class='ocrx_word' id='word_1_374' title='bbox 644 4631 668 4674; x_wconf 86' lang='lat' dir='ltr'>in</span> <span class='ocrx_word' id='word_1_375' title='bbox 682 4630 839 4691; x_wconf 84' lang='lat' dir='ltr'>Hegensburg</span> <span class='ocrx_word' id='word_1_376' title='bbox 865 4630 932 4674; x_wconf 80' lang='lat' dir='ltr'>aeine</span> <span class='ocrx_word' id='word_1_377' title='bbox 958 4628 1039 4673; x_wconf 82' lang='lat' dir='ltr'>hohen</span> <span class='ocrx_word' id='word_1_378' title='bbox 1065 4628 1160 4672; x_wconf 86' lang='lat' dir='ltr'>endlich</span> <span class='ocrx_word' id='word_1_379' title='bbox 1186 4628 1210 4672; x_wconf 93' lang='lat' dir='ltr'>in</span> <span class='ocrx_word' id='word_1_380' title='bbox 1236 4630 1370 4690; x_wconf 80' lang='lat' dir='ltr'>Emplang:</span> 
     </span>
     <span class='ocr_line' id='line_1_39' title="bbox 241 4718 1370 4781; baseline -0.003 -14"><span class='ocrx_word' id='word_1_381' title='bbox 241 4723 370 4768; x_wconf 83' lang='lat' dir='ltr'>abeodem</span> <span class='ocrx_word' id='word_1_382' title='bbox 391 4736 450 4781; x_wconf 86' lang='lat' dir='ltr'>rege</span> <span class='ocrx_word' id='word_1_383' title='bbox 469 4722 594 4780; x_wconf 71' lang='lat' dir='ltr'>liudolpho</span> <span class='ocrx_word' id='word_1_384' title='bbox 614 4723 660 4767; x_wconf 82' lang='lat' dir='ltr'>dux</span> <span class='ocrx_word' id='word_1_385' title='bbox 679 4722 803 4767; x_wconf 84' lang='lat' dir='ltr'>Heinricus</span> <span class='ocrx_word' id='word_1_386' title='bbox 824 4724 912 4768; x_wconf 88' lang='lat' dir='ltr'>terram</span> <span class='ocrx_word' id='word_1_387' title='bbox 931 4720 1036 4765; x_wconf 85' lang='lat' dir='ltr'>Bawarie</span> <span class='ocrx_word' id='word_1_388' title='bbox 1058 4719 1156 4776; x_wconf 87' lang='lat' dir='ltr'>accepit</span> <span class='ocrx_word' id='word_1_389' title='bbox 1179 4718 1250 4763; x_wconf 88' lang='lat' dir='ltr'>titulo</span> <span class='ocrx_word' id='word_1_390' title='bbox 1273 4719 1370 4766; x_wconf 73' lang='lat' dir='ltr'>feodali.</span> 
     </span>
     <span class='ocr_line' id='line_1_40' title="bbox 244 4803 1153 4869; baseline -0.004 -11"><span class='ocrx_word' id='word_1_391' title='bbox 244 4813 313 4858; x_wconf 84' lang='lat' dir='ltr'>Cont.</span> <span class='ocrx_word' id='word_1_392' title='bbox 328 4815 428 4860; x_wconf 87' lang='lat' dir='ltr'>Vindob.</span> <span class='ocrx_word' id='word_1_393' title='bbox 443 4815 472 4859; x_wconf 83' lang='lat' dir='ltr'>m.</span> <span class='ocrx_word' id='word_1_394' title='bbox 488 4816 515 4859; x_wconf 83' lang='lat' dir='ltr'>G.</span> <span class='ocrx_word' id='word_1_395' title='bbox 531 4814 573 4858; x_wconf 85' lang='lat' dir='ltr'>SS.</span> <span class='ocrx_word' id='word_1_396' title='bbox 586 4813 611 4867; x_wconf 78' lang='grc'>9,</span> <span class='ocrx_word' id='word_1_397' title='bbox 620 4803 670 4857; x_wconf 75' lang='grc'><strong>7211</strong></span> <span class='ocrx_word' id='word_1_398' title='bbox 679 4813 726 4857; x_wconf 91' lang='lat' dir='ltr'>und</span> <span class='ocrx_word' id='word_1_399' title='bbox 738 4813 860 4861; x_wconf 79' lang='lat' dir='ltr'>Boehmer,</span> <span class='ocrx_word' id='word_1_400' title='bbox 869 4810 989 4856; x_wconf 82' lang='lat' dir='ltr'>Wittelsb.</span> <span class='ocrx_word' id='word_1_401' title='bbox 1004 4811 1063 4869; x_wconf 82' lang='lat' dir='ltr'>Heg.</span> <span class='ocrx_word' id='word_1_402' title='bbox 1077 4824 1101 4867; x_wconf 82' lang='lat' dir='ltr'>p.</span> <span class='ocrx_word' id='word_1_403' title='bbox 1114 4811 1153 4854; x_wconf 82' lang='grc'>82.</span> 
     </span>
    </p>
   </div>
   <div class='ocr_carea' id='block_1_5' title="bbox 0 0 1610 5392">
    <p class='ocr_par' dir='ltr' id='par_1_5' title="bbox 0 0 1610 5392">
     <span class='ocr_line' id='line_1_41' title="bbox 0 0 1610 5392; baseline 0 0"><span class='ocrx_word' id='word_1_404' title='bbox 0 0 1610 5392; x_wconf 95' lang='lat' dir='ltr'> </span> 
     </span>
    </p>
   </div>
  </div>
 </body>
</html>
