3209 5392
703 679 765 753 332.

537 855 667 921 dlerlcm
684 857 828 939 episcopo
846 875 910 921 suc.

129 1012 180 1069 uta
196 1011 356 1070 caetrata
369 1013 447 1069 dictet
459 1012 517 1069 aicta
532 1014 616 1070 etnem
640 1016 756 1078 andern,
780 1016 830 1069 der
851 1032 884 1069 cu
906 1015 982 1070 einer
1003 1013 1088 1071 baben
1106 1015 1207 1072 Wdrde
1217 1015 1327 1089 petangt

582 1105 625 1166 iat,
638 1123 697 1161 tum
712 1106 815 1178 Caplan
827 1123 872 1159 un.

219 1246 363 1313 bodmacn,
376 1265 403 1320 p.
416 1248 480 1302 221.

220 1393 264 1456 Ex
281 1413 340 1476 quo
357 1393 457 1458 divine
476 1395 641 1458 clemencie
657 1394 783 1459 altitudo
806 1415 872 1468 vos,
889 1401 950 1460 tam
965 1396 1135 1477 preciosam
1152 1401 1183 1460 et
1198 1395 1329 1459 nobilem

131 1503 317 1584 columpnam
326 1503 456 1566 ecclesie
469 1503 635 1575 militantis,
648 1523 665 1566 a
680 1504 947 1587 contemplacionis
961 1505 1027 1569 ocio
1041 1504 1169 1569 delicato
1185 1506 1216 1568 in
1232 1505 1330 1570 active

133 1612 347 1694 occupacionis
365 1612 540 1676 ministeriis
563 1612 601 1675 ad
623 1616 706 1676 tante
730 1612 887 1695 dignitatis
908 1615 1026 1696 apicem
1043 1615 1190 1687 evocarit,
1207 1620 1330 1697 oportu·
1444 1680 1446 1684 .

132 1742 201 1784 num
219 1726 276 1794 est,
293 1721 489 1803 negociorum
511 1726 678 1784 vestrorum
696 1721 915 1785 multitudinem
932 1722 969 1785 de
987 1722 1106 1785 sublimi
1128 1723 1211 1786 fonte
1227 1728 1328 1786 vestre

131 1830 296 1913 prudencie
327 1849 381 1912 per
415 1829 601 1892 diversorum
632 1828 719 1891 vobis
751 1831 963 1895 famolancium
992 1831 1161 1896 ministeria
1188 1832 1328 1896 deriuari.

132 1939 201 2002 Ideo
219 1938 405 2019 capellanum
421 1943 554 2000 vestrum
570 1938 656 2001 vobis
674 1936 767 2002 offero
783 1944 894 2003 memet
906 1941 1015 2021 ipsum,
1027 1945 1162 2021 paratum
1176 1943 1214 2004 ad
1227 1961 1331 2024 quam-

134 2066 251 2129 cunque
268 2052 394 2129 partem,
412 2067 472 2109 non
490 2045 585 2109 dicam
608 2046 835 2120 sollicitudinis,
865 2048 919 2110 sed
941 2049 1034 2111 vestri
1057 2048 1215 2113 ministerii
1231 2055 1332 2112 vestra

135 2156 185 2236 pia
207 2154 379 2236 benignitas
408 2155 467 2217 imo
502 2153 635 2235 benigna
668 2154 767 2236 pietas
796 2154 914 2220 duxerit
942 2177 990 2219 me
1019 2157 1203 2229 vocandum,
1224 2158 1254 2220 in
1275 2156 1333 2220 hoc

132 2263 240 2327 votivis
256 2263 366 2327 vestris
383 2261 537 2345 obsequiis
555 2269 702 2345 perpetuo
719 2263 883 2327 militando.

222 2460 313 2513 Bcdm.
338 2462 355 2513 l.
383 2478 406 2514 c.
433 2459 599 2515 Cancellario
629 2461 718 2531 regio,
753 2462 882 2531 episcopo
911 2462 941 2515 N.
970 2480 1000 2517 se
1028 2463 1106 2518 offert
1137 2464 1168 2518 N.
1201 2470 1327 2533 tanquam

138 2550 311 2620 Capelluonm
326 2567 347 2604 s.
361 2551 506 2605 Notarium.
519 2551 621 2605 Stobbe
636 2567 680 2605 oo.
697 2550 757 2605 138.

713 2850 774 2918 34.

563 3023 702 3088 Subditus
719 3025 826 3088 molorl
844 3043 911 3088 suo.

139 3182 253 3236 Jcmand
265 3182 344 3237 dictet
355 3181 440 3236 ciuem
452 3180 538 3236 hodor
552 3180 715 3244 Stebendem
738 3183 799 3235 rtem
821 3201 851 3237 cr
870 3182 955 3238 cr‘eten
967 3181 1048 3260 Dante
1060 3180 1183 3254 erboldip
1197 3181 1243 3248 ur,
1265 3181 1339 3237 aeine

657 3271 767 3326 Dicnate
779 3290 822 3325 an.

232 3416 264 3478 Si
282 3435 373 3498 super
390 3416 529 3495 exhibitis
546 3417 638 3479 michi
659 3436 676 3479 a
699 3424 800 3480 vestra
823 3416 968 3498 dignitate
985 3415 1121 3497 largitlua
1138 3415 1337 3480 benificencie

140 3524 280 3605 graciose
298 3525 470 3589 dulcoribus
493 3526 531 3588 ad
554 3525 739 3589 solucionem
762 3526 932 3606 graciarum
955 3531 1141 3609 temptavero
1165 3545 1338 3607 assurgere,

141 3633 166 3694 si
180 3633 218 3695 ad
231 3633 327 3696 laudis
341 3633 383 3719 a)
395 3641 495 3697 vestre
508 3633 652 3715 preconia
666 3633 749 3695 nisus
767 3635 853 3697 fuero
870 3635 1026 3716 prosilire,
1043 3632 1275 3698 insufficientem
1291 3653 1339 3695 me

141 3761 263 3824 prorsus
293 3744 446 3824 experior,
476 3743 570 3806 oculis
593 3742 668 3804 meis
690 3747 795 3824 aperte
819 3762 918 3806 meum
941 3742 1112 3807 videntibus
1129 3742 1338 3825 inperfectum,

143 3851 212 3914 dum
229 3852 379 3925 contendo
397 3850 547 3913 sideribus
565 3850 677 3913 addere
694 3849 795 3913 sidera
813 3856 843 3913 et
859 3851 1017 3913 lucilerum
1035 3850 1211 3915 matutinum
1233 3850 1339 3932 pusille

142 3966 173 4022 et
188 3959 433 4042 inextinguibilis
450 3959 548 4022 laculo
571 3957 682 4020 lumine
706 3957 862 4020 decorare.
895 3958 1005 4022 Verum
1027 3980 1064 4022 eo
1088 3959 1168 4042 quod
1192 3958 1286 4024 deluit
1309 3959 1339 4021 in
1377 3995 1380 3999 ·

142 4067 247 4130 radice
263 4068 415 4151 potencie,
432 4067 463 4130 in
479 4067 556 4130 votis
575 4086 667 4148 super
682 4066 742 4129 lmc
759 4066 886 4129 affectus
903 4067 1055 4132 molimine
1071 4073 1276 4150 compensate,
1292 4087 1340 4130 me

141 4176 239 4258 ipsum
254 4177 356 4240 taliter
373 4175 466 4239 offero
483 4176 594 4239 vestris
611 4175 780 4238 omnimode
797 4175 996 4258 beneplacitis
1011 4183 1041 4240 et
1053 4176 1212 4247 mandatis,
1231 4181 1336 4257 optans

142 4305 178 4349 ex
193 4284 305 4350 intimis
318 4285 357 4372 b)
375 4285 476 4348 cordis
492 4286 561 4358 mei,
579 4290 611 4348 ut
628 4303 762 4367 congrua
778 4266 925 4368 teinporis
942 4285 1077 4367 aptitudo
1095 4291 1266 4358 concurrat,
1281 4304 1339 4369 qua

141 4400 243 4459 vestre
270 4394 445 4478 paternitati
471 4393 618 4476 perfectis
646 4393 717 4457 fidei
744 4414 811 4458 mee
828 4395 957 4459 scintilla
985 4395 1137 4458 clarescat
1163 4393 1284 4457 indiciis
1312 4398 1343 4457 et

143 4503 354 4585 experimentis
371 4502 549 4567 clarioribus
566 4503 724 4568 enitescat.

234 4702 268 4772 a)
283 4700 377 4757 laudas
390 4702 418 4756 Z.
433 4731 467 4742 -
480 4702 511 4770 b)
526 4701 617 4758 intimo
631 4701 658 4756 Z.
