3209 5392
782 895 845 966 lo.

622 1090 786 1169 lmperrtor
809 1091 985 1172 apostollco.

590 1265 668 1319 1274.
683 1268 800 1321 Februar
813 1267 856 1320 2⁷.
870 1270 1029 1338 Hagenowe.

209 1425 293 1495 Konip
305 1424 409 1494 liudolf
417 1425 543 1494 oerbrlrpt
554 1425 611 1479 rich
622 1425 774 1496 fererliedat
786 1428 845 1480 dem
858 1413 941 1497 Papat
955 1430 1057 1499 Greyor
1069 1431 1100 1482 Χ.
1112 1431 1183 1484 Alleo
1192 1448 1223 1484 zu
1236 1430 1335 1496 holten,
1347 1449 1403 1486 aona

205 1518 266 1571 rein
278 1518 390 1569 Konzler
403 1516 458 1569 ooo
469 1518 564 1585 Propct
575 1534 607 1568 zu
619 1518 658 1570 St.
671 1517 759 1570 (luido
767 1518 796 1571 in
808 1518 903 1588 Spcier
915 1518 962 1571 mit
971 1517 1024 1571 idm
1036 1519 1201 1584 verhandelt,
1215 1518 1335 1575 maraht
1347 1522 1406 1575 eine

207 1605 441 1675 Zuaommenlrunft
463 1605 588 1658 mildam
610 1608 700 1675 Popot,
723 1605 810 1660 morht
830 1607 877 1660 idn
898 1626 955 1661 anm
969 1606 1182 1663 Schiedoricdtcr
1203 1609 1399 1664 arciacheneich

206 1695 263 1748 und
283 1696 341 1747 dem
366 1695 467 1764 Grafen
489 1713 538 1747 con
562 1697 684 1774 Savoyeo
700 1698 756 1749 und
773 1697 869 1750 meldet
895 1695 948 1749 ihm
966 1696 1040 1751 reice
1059 1697 1226 1768 qlttchlichen
1247 1699 1355 1770 Erfolqe
1377 1700 1406 1752 in

710 1784 900 1839 Deuteclrland.

295 1947 372 2016 Kopp
387 1945 471 2013 Kduig
484 1946 567 2000 Adolf
575 1964 600 2016 p.
615 1946 677 1999 290.
693 1947 773 2001 Gerb.
789 1947 813 2009 l,
828 1945 870 2001 18.

159 2187 161 2189 ¹
297 2107 387 2168 Pater
413 2113 531 2188 patrum
560 2105 781 2177 amantissime,
802 2081 827 2168 'a
845 2107 885 2192 a)
902 2108 1019 2170 cunctis
1049 2093 1116 2170 liliis
1140 2109 1291 2171 hominum
1308 2128 1401 2189 super

208 2215 382 2297 omniaque
396 2214 451 2277 suh
465 2216 611 2299 vestreb)
624 2214 814 2276 mortalitatis
832 2217 935 2300 vivunt
947 2215 1061 2287 habitu,
1075 2216 1290 2288 reverende,in
1302 2222 1403 2279 vestre

208 2328 403 2402 assurgentes
420 2321 516 2383 laudis
533 2321 719 2402 preconium,
737 2321 798 2383 non'
812 2340 886 2403 quas
904 2328 1051 2394 tenemur,
1069 2322 1124 2384 sed
1139 2342 1214 2405 quas
1232 2343 1403 2404 possumne,

207 2430 343 2492 actiones
360 2429 528 2492 refferimns
545 2428 654 2491 uberes
677 2429 865 2509 graciarum,
892 2449 947 2511 pro
973 2451 1025 2501 eo,
1055 2431 1133 2512 quod
1162 2431 1280 2493 sincere
1302 2436 1405 2493 nostre

148 2521 153 2529 ⁴
208 2537 382 2599 devocionis
397 2537 585 2618 propositum
601 2557 656 2598 seu
671 2536 938 2617 promptitudinem
955 2538 1004 2623 o),
1020 2557 1076 2619 per
1091 2538 1187 2600 virum
1202 2540 1304 2620 utique
1322 2558 1406 2602 com-

207 2643 406 2707 mendabilem
434 2646 470 2706 N.
491 2645 529 2729 α)
567 2644 598 2706 in
628 2651 729 2706 vestre
762 2644 931 2707 sanctitatis
964 2646 1149 2726 fratrumque
1180 2646 1339 2726 presencia
1364 2646 1404 2729 d)

213 2752 378 2834 expositam
400 2757 431 2815 et
460 2751 605 2822 ohlatam,
634 2752 871 2826 audistissolite
894 2751 998 2832 gracia
1020 2752 1150 2833 pietatis.
1184 2753 1311 2834 Propter
1327 2752 1407 2835 quod

211 2881 265 2923 nos
283 2861 332 2946 e),
354 2861 385 2922 in
401 2860 551 2923 soliditate
567 2859 714 2943 propositi
729 2860 940 2941 persistentes,
958 2859 1050 2922 corde
1065 2879 1152 2941 puro,
1169 2879 1229 2922 non
1245 2859 1315 2922 licta
1332 2881 1406 2924 con-

211 2969 360 3041 sciencia,
388 2968 426 3030 ad
453 2968 598 3031 honorem
613 2966 670 3030 Dei
694 2972 725 3030 et
747 2966 960 3030 exaltacionem
982 2967 1114 3030 Romane
1139 2967 1268 3030 ecclesie
1285 2988 1406 3050 semper

209 3076 339 3139 ultronei
355 3075 490 3139 volumus
506 3076 577 3138 totis
596 3074 752 3139 conatibus
768 3074 906 3145 inveniri,
924 3093 1028 3135 omnes
1045 3075 1192 3136 ecclesias
1210 3079 1240 3136 et
1261 3094 1407 3156 personas

213 3182 436 3247 ecclesiasticas
453 3183 564 3246 favoris
582 3183 811 3246 continuacione
829 3182 1001 3251 confovere,
1013 3181 1044 3243 in
1058 3180 1225 3243 exhibenda
1237 3182 1360 3244 iusticia
1368 3184 1407 3269 f)

211 3290 285 3372 ipsis
314 3292 380 3354 fore
408 3289 530 3362 faciles,
551 3270 590 3352 'et
616 3291 647 3352 in
675 3289 858 3352 conterenda
887 3288 1007 3370 gracia,
1035 3295 1125 3370 prout
1152 3290 1297 3353 honorem
1320 3291 1409 3353 decet

211 3400 328 3481 imperii
342 3399 396 3485 9),
411 3398 568 3471 liherales3
593 3398 632 3461 ad
652 3392 851 3460 universalem
875 3397 956 3460 orhis
978 3417 1085 3479 pacem
1109 3399 1187 3461 omni
1211 3399 1277 3461 nisu
1295 3400 1407 3462 oritore
1486 3406 1488 3409 ’

207 3509 344 3571 radicem
361 3507 512 3571 discordie
528 3507 698 3570 medullitus
716 3507 862 3578 evellere,
890 3507 921 3569 in
938 3507 1132 3590 cavendaque
1150 3507 1349 3571 discensionis
1367 3508 1407 3592 l)

211 3617 336 3680 materia
379 3615 460 3677 sedis
498 3615 662 3696 apostolice
699 3613 819 3695 placitis
859 3620 890 3676 et
928 3614 1076 3677 mandatis
1109 3613 1240 3677 filialiter
1271 3614 1427 3687 obedire,-

210 3731 353 3807 gerentes
380 3725 508 3786 ferventi
537 3724 643 3806 spiritu
671 3724 701 3785 in
728 3722 838 3785 mentis
862 3722 1030 3795 desiderio,
1064 3722 1105 3785 illi
1130 3730 1212 3786 terre
1237 3729 1340 3787 sancte
1362 3723 1407 3807 i),

209 3839 310 3896 vestre
338 3832 480 3896 honitatis
496 3832 538 3918 lc)
567 3830 692 3894 consilio
721 3829 808 3892 nohis
837 3850 891 3891 seu
907 3827 938 3911 l)
956 3829 1063 3892 auxilio
1092 3828 1294 3911 suffragante,
1319 3851 1407 3914 quam

210 3940 383 4022 unigenitus
399 3940 456 4002 Dei
472 3938 548 4001 lilius
566 3938 721 4019 multiplici
737 3936 884 4000 beneficio
903 3935 1040 4000 omnihus
1061 3937 1164 3999 mundi
1185 3939 1319 4019 partibus
1335 3960 1409 4022 pre-

211 4050 296 4122 tulit,
326 4049 482 4131 ipsamque
511 4048 716 4111 conseorando
746 4046 923 4128 aspersione
939 4047 997 4107 vsui
1035 4047 1218 4110 sanctissimi
1246 4050 1411 4139 sangwinis

301 4247 335 4315 a)
350 4247 379 4298 et
390 4246 478 4314 Kopp.
498 4272 530 4284 ·-
546 4245 578 4312 b)
592 4246 683 4298 nostre
696 4245 774 4313 Kopp
787 4242 841 4296 und
855 4242 934 4296 Gerh.
949 4270 983 4281 -
998 4240 1080 4307 c)1m
1095 4240 1211 4312 Originol
1231 4239 1279 4293 dos
1298 4242 1408 4310 vaticam,

210 4335 335 4396 hrchirs,
355 4336 403 4388 dns
422 4336 500 4404 Kopp
521 4349 567 4386 vor
585 4333 642 4386 sich
660 4334 743 4393 hatte,
764 4332 839 4384 nicht
857 4333 952 4386 lesbar.
972 4330 1045 4383 huch
1064 4328 1124 4383 dem
1142 4330 1263 4383 Dictator
1281 4348 1342 4401 mag
1360 4331 1409 4385 das

209 4426 286 4480 Wort
304 4425 377 4479 nicht
395 4425 484 4477 leohar
502 4438 625 4490 gewesan
647 4422 704 4473 sein
725 4422 779 4474 und
799 4421 924 4475 desshalh
949 4438 1009 4491 mag
1034 4407 1065 4474 er
1088 4420 1236 4489 geaweifalt
1260 4421 1355 4483 haben,
1374 4424 1408 4474 oh

210 4536 240 4572 es
253 4518 419 4589 propositum
433 4514 475 4567 od.
491 4511 723 4585 promptitudinem
733 4511 831 4565 hcisse.
847 4542 880 4551 -
894 4512 929 4579 d)
940 4510 1104 4581 presenciam
1118 4512 1146 4565 V.
1158 4528 1182 4563 u.
1195 4512 1223 4563 Z.
1237 4541 1265 4549 -
1275 4512 1307 4580 e)
1321 4513 1408 4582 Prop-

209 4614 252 4662 ter
264 4607 338 4677 quod
351 4623 399 4659 nos
412 4605 482 4659 fehlt
494 4605 579 4674 Kopp.
601 4632 634 4642 -
646 4601 678 4672 f)
693 4601 826 4654 tristiciam
846 4602 874 4654 Z.
895 4631 931 4642 -
939 4602 974 4671 q)
988 4599 1089 4669 regium
1108 4601 1194 4671 Kopp.
1210 4606 1243 4640 -'
1253 4600 1288 4670 l)
1303 4602 1408 4657 dissen-

210 4698 291 4753 sionis
310 4699 396 4765 Kopp.
423 4725 452 4733 -
477 4695 609 4763 i)sanotc
635 4692 734 4745 fehltll.
752 4692 818 4758 -lc)
846 4692 993 4744 sanctitatis
1008 4691 1037 4744 ll.
1053 4691 1127 4755 -l)
1142 4696 1168 4743 et
1183 4691 1211 4743 K.
