3209 5392
575 802 579 808 Ι
617 724 773 789 dractatus
789 726 827 790 de
842 726 1121 808 dispensationibus
1138 724 1187 807 a),

806 849 935 896 Distinciio
947 851 986 895 xi.

390 984 446 1048 uso
466 989 566 1047 autem
579 984 780 1066 dispensacio
804 985 988 1068 quandoid,
1006 985 1086 1069 quod
1103 1005 1139 1047 ex
1154 983 1218 1047 iure
1236 1003 1295 1045 uon
1312 981 1488 1052 conceditur,
1589 982 1590 1019 ἓ

298 1094 386 1156 immo
414 1092 514 1156 verius
541 1093 727 1174 prohibetur,
745 1114 781 1156 ex
802 1095 904 1174 gracia
922 1093 1085 1176 superioris
1109 1091 1282 1156 admittitur.
1305 1091 1345 1154 Et
1372 1090 1488 1155 trahitur

295 1202 367 1266 illud
380 1223 488 1266 nomen
500 1200 538 1264 ab
551 1200 599 1265 illo
618 1202 836 1284 dispensatore,
850 1204 899 1286 qui
914 1204 1018 1284 gracia
1029 1203 1134 1285 plenus
1150 1221 1206 1284 per
1220 1200 1326 1264 fideles
1344 1200 1487 1264 ministros

298 1332 369 1376 suos
400 1330 524 1374 munera
556 1310 709 1375 distribuit
742 1318 772 1376 et
803 1312 968 1394 dispensat.
1016 1313 1055 1375 Et
1086 1310 1260 1382 sciendum,
1299 1312 1381 1393 quod
1416 1309 1488 1373 solus
1522 1374 1524 1379 ‚

295 1421 444 1484 Romanos
460 1418 604 1502 pontifex,
621 1420 690 1504 quia
707 1421 787 1482 solus
804 1419 940 1483 interris
957 1420 1036 1502 gerit
1052 1418 1284 1483 sollicitudinem
1300 1418 1365 1482 veri
1376 1417 1441 1490 Dei,
1461 1417 1487 1479 in

200 1594 204 1602 ,
294 1528 453 1611 potestatis
471 1534 518 1591 est
532 1504 717 1610 plenitudine
735 1529 933 1601 constitutus,
962 1534 993 1592 et
1009 1548 1112 1591 secum
1127 1525 1317 1612 patriarche,
1347 1524 1488 1609 archiepi-

298 1638 385 1721 scopi
401 1643 432 1701 et
448 1637 583 1722 episcopi
600 1638 630 1700 in
646 1643 762 1721 partem
780 1637 989 1701 sollicitudinis
1007 1644 1076 1701 sunt
1091 1637 1247 1720 assumpti.

384 1746 630 1829 Dispensacionis
647 1744 686 1833 b)
701 1747 803 1829 plures
821 1752 890 1810 suut
904 1746 1041 1829 species:
1066 1765 1124 1809 uua
1142 1752 1188 1811 est
1210 1764 1277 1808 cum
1302 1744 1438 1810 dominus
1454 1743 1487 1830 c)
1587 1818 1590 1839 ἦ

294 1853 464 1938 papa,'cui
491 1853 550 1918 hoc
578 1854 673 1918 solum
701 1855 853 1938 conpetit,
882 1854 1037 1938 dispensat
1066 1874 1157 1937 super
1179 1853 1313 1937 pluribus
1336 1853 1487 1917 benefieiis
1542 1938 1548 1945 ἱ

296 1964 479 2036 obtinendis,
497 1983 599 2027 curam
612 1963 982 2027 animarumhahentibus.
1005 1965 1078 2028 ltem
1096 1963 1286 2046 dispensatur
1302 1982 1396 2045 super
1415 1962 1489 2026 reci·
1589 2008 1590 2049 3

293 2072 411 2157 piendis
424 2072 519 2136 sacris
533 2072 688 2136 ordinibus
696 2091 764 2135 cum
777 2093 812 2135 eo
819 2071 972 2144 videlieet,
980 2072 1030 2155 qui
1038 2073 1116 2136 sorte
1130 2070 1343 2155 endeseotud)
1352 2070 1485 2135 natalium

293 2188 376 2247 esset
391 2182 423 2245 iu
439 2181 600 2245 ecclesiam
617 2181 784 2244 nullatenus
800 2181 1013 2245 admittendus.
1048 2179 1109 2244 Sed
1126 2179 1348 2263 archiepiscopi
1373 2190 1404 2244 et
1430 2178 1488 2261 epi·
1589 2174 1590 2201 ³

292 2291 377 2374 scopi
405 2310 473 2355 oum
497 2289 560 2352 ouis
589 2288 717 2353 subditis
739 2290 771 2352 in
785 2288 895 2352 talibus
920 2289 1095 2371 dispensare
1111 2295 1255 2371 possunt,
1278 2288 1327 2352 uhi
1352 2308 1488 2372 expresse

290 2398 433 2483 prohibiti
450 2418 510 2462 uon
527 2403 669 2462 curantur
685 2395 733 2483 e).
766 2399 839 2462 ltem
857 2397 1050 2480 dispensatur
1066 2416 1157 2479 super
1174 2396 1354 2481 quibusdam
1377 2399 1489 2479 irregu-

291 2505 476 2578 laritatibus,
505 2510 608 2586 utpote
637 2525 695 2589 que
724 2527 759 2569 ex
781 2505 957 2587 ignorantia
986 2507 1032 2569 rel
1050 2505 1239 2587 negligencia
1257 2507 1487 2571 committuntur.

291 2614 461 2679 Notandum
479 2618 589 2685 autem,
606 2614 733 2696 quadiu
750 2613 1031 2696 dispensacionibus
1048 2614 1176 2697 plurium
1193 2613 1410 2679 beneficiorum
1425 2616 1487 2677 loco

292 2724 477 2807 captacionis
493 2723 701 2786 benivolencia
718 2724 788 2806 poni
808 2724 898 2788 dehet
914 2724 1026 2813 aliquid
1044 2724 1081 2787 de
1104 2724 1285 2788 auctoritate
1307 2730 1338 2787 et
1361 2726 1488 2789 liberali-

287 2840 350 2898 tate
368 2833 450 2896 sedis
467 2833 643 2914 apostolice,
661 2833 752 2897 etsie
769 2833 808 2895 ad
831 2833 1125 2896 commendacionem
1141 2833 1236 2915 ipsius
1257 2853 1408 2915 persone,
1424 2854 1486 2897 curn

291 2962 348 3026 qua
372 2943 564 3026 dispensatur
584 2942 630 3003 rel
653 2942 691 3004 ad
712 2939 959 3005 recordacionem
986 2941 1198 3025 obsequiorum
1214 2941 1341 3006 renitor.
1374 2942 1487 3007 Deinde

291 3071 382 3115 causa
398 3052 534 3135 ponitur,
562 3071 620 3133 qua
637 3051 827 3134 dispensacio
845 3051 1049 3123 concluditur,
1066 3050 1125 3115 hoc
1141 3056 1241 3115 tamen
1257 3058 1396 3126 servato,
1414 3051 1488 3136 quod
1588 3068 1589 3071 ’

289 3162 522 3245 dispensationis
546 3161 649 3234 verba,
664 3161 814 3243 premissa
830 3161 887 3224 hac
915 3161 1065 3243 positione
1097 3161 1297 3235 „auctoritate
1312 3160 1371 3224 Dei
1396 3161 1488 3225 omni-

284 3271 416 3353 potentis
434 3277 463 3336 et
479 3271 681 3353 apostolorum
698 3271 764 3333 eius
780 3269 862 3334 Petri
879 3277 910 3334 et
924 3270 1027 3333 Panli“
1047 3269 1214 3333 nullatenus
1231 3269 1426 3351 negligantur
1441 3269 1486 3351 f).
1586 3276 1588 3329 t

287 3378 361 3441 ltem
373 3378 404 3441 iu
416 3379 713 3466 dispensaciooibue
725 3377 1081 3466 irregularitatumloco
1094 3376 1487 3459 captationishenivoleuoie
1587 3364 1588 3453 l

286 3488 356 3570 poni
380 3487 459 3551 solet
471 3486 512 3572 o)
529 3485 641 3570 aliquid
663 3486 701 3551 de
722 3487 836 3570 pietate
865 3494 896 3551 et
922 3487 1129 3551 misericordia
1145 3484 1186 3574 h)
1203 3487 1286 3550 sedis
1314 3487 1488 3568 apostolice,

286 3597 394 3662 deinde
426 3599 540 3661 narrari
573 3597 664 3661 debet
694 3598 807 3662 factum
845 3604 876 3662 et
913 3599 958 3661 sio
991 3576 1183 3680 dispensacio
1212 3597 1413 3672 concluditur.
1445 3632 1487 3646 -·

286 3706 462 3790 Exemplum
479 3707 517 3771 de
534 3706 681 3771 omnihus.

335 3909 532 3990 disperseris
550 3929 641 3992 snper
655 3910 932 3993 irregularitatibns
950 3910 1115 3974 contractis
1129 3925 1166 3973 ex
1183 3909 1372 3991 segllgencia
1388 3908 1438 3972 rel

795 4020 984 4102 ignorantia.

379 4177 545 4259 Gregorius
578 4200 602 4241 s.
632 4201 656 4242 s.
685 4178 741 4246 Dei
772 4178 883 4244 dilecto
910 4180 942 4242 in
970 4179 1089 4243 Christo
1117 4176 1177 4242 lilio
1198 4179 1232 4241 B.
1255 4177 1308 4241 tali
1334 4175 1486 4260 preposito

284 4288 420 4350 salutem.
454 4287 541 4352 Sicut
566 4288 678 4352 veteris
706 4287 877 4353 testamenti
901 4288 1068 4372 prohihioio
1097 4286 1258 4351 hahentem
1285 4287 1432 4349 maculam
1458 4283 1487 4345 in

284 4394 370 4458 oculo
383 4392 429 4456 rel
446 4393 519 4457 alias
531 4395 563 4459 in
578 4395 727 4470 menbris,
744 4396 874 4460 debilem
890 4396 936 4460 vel
954 4396 1184 4460 contractumin
1198 4398 1485 4459 sanctasanctorum

374 4557 408 4628 a)
422 4556 490 4612 Dist.
504 4556 569 4613 1111.
582 4559 613 4613 V.
627 4587 660 4599 —
675 4559 707 4630 b)
722 4557 943 4631 dispensacionea
960 4559 991 4614 V.
1005 4589 1041 4599 -
1053 4559 1086 4629 a)
1106 4557 1213 4613 domino
1226 4558 1257 4613 V.
1272 4588 1305 4598 -
1318 4555 1354 4629 d)
1374 4550 1489 4611 deffectu

281 4648 312 4705 V.
330 4678 358 4688 ··
376 4650 408 4720 e)
427 4649 579 4723 probantur
591 4653 619 4706 Ζ.
639 4681 675 4693 -
691 4651 724 4724 f)
744 4652 901 4724 negligatur
912 4653 943 4707 V.
964 4682 997 4691 -
1016 4652 1053 4725 p)
1069 4652 1152 4707 debet
1164 4653 1192 4706 Z.
1207 4681 1240 4690 -
1253 4649 1286 4722 b)
1303 4643 1486 4705 misericordie

283 4739 314 4796 V.
328 4745 357 4797 et
367 4743 396 4797 Ζ.
