3209 5392
283 560 333 632 50

281 757 349 798 esse
365 740 469 806 mater,
486 736 551 816 ipsa
567 733 605 795 ad
620 735 804 815 propositum
820 735 880 797 voti
897 735 940 798 tui
955 735 994 799 ad
1010 758 1063 801 nos
1081 739 1236 801 evidenter
1252 744 1282 800 et
1298 738 1467 801 efficaciter

279 841 456 925 interpellat,
466 863 533 905 cum
549 842 590 904 sis
606 842 733 904 honeste
749 843 809 906 vite
828 849 858 906 et
874 846 1109 908 conversationis
1125 847 1292 918 laudabilis,
1309 847 1467 910 eminentis

277 935 431 1014 literature
449 956 479 1013 et
494 970 548 1033 per
565 970 752 1032 consequens
774 951 853 1013 bone
874 952 970 1023 same,
992 952 1033 1014 ita
1055 958 1087 1015 ut
1102 955 1140 1016 ad
1156 955 1371 1036 perfectionem
1386 960 1468 1017 tuam

277 1059 308 1121 id
324 1060 419 1123 solum
435 1059 513 1142 quod
529 1059 662 1140 postulas
679 1058 786 1121 deesse
803 1059 948 1131 videatur,
974 1061 1125 1124 defectum
1142 1082 1229 1144 quem
1250 1063 1308 1125 ista
1324 1064 1468 1126 naturalis

278 1170 404 1251 qualitas
426 1168 575 1245 attulitet
596 1168 701 1230 inflixit
717 1168 765 1253 a),
783 1173 967 1250 amputamus
997 1176 1027 1232 et
1053 1171 1244 1251 precidimus,
1261 1178 1360 1234 tecum
1376 1193 1470 1254 super

275 1279 407 1361 receptis
425 1278 463 1365 b)
481 1278 633 1340 ordinibus
657 1297 711 1339 seu
732 1278 914 1359 recipiendis
935 1278 966 1340 in
987 1279 1106 1342 nomine
1121 1279 1240 1342 Domini
1257 1280 1469 1363 dispensantes

277 1392 307 1449 et
323 1393 353 1449 te
370 1406 484 1450 exnunc
502 1392 532 1448 et
548 1388 578 1448 in
599 1390 687 1448 antea
708 1386 886 1467 legittimum
907 1386 1085 1459 iudicantes,
1111 1389 1148 1451 ab
1165 1389 1281 1451 actibus
1309 1388 1467 1469 legittimis

275 1516 432 1558 censemus
456 1500 486 1557 et
506 1494 688 1576 precipimus
710 1494 741 1556 in
762 1500 916 1576 posterum
938 1516 997 1557 non
1019 1496 1138 1577 repelli,
1166 1496 1271 1559 barum
1292 1497 1468 1560 testimonio

275 1604 437 1667 literarum.

552 1807 744 1887 bispenseclo
761 1824 852 1887 super
866 1806 1004 1888 pluribus
1022 1808 1184 1870 beneficiis.

363 1986 459 2050 Sedes
473 1986 648 2068 apostolica,
662 2006 719 2068 que
730 1985 908 2048 liberalitate
925 1983 1074 2048 uberrima
1090 1986 1181 2049 utitur
1196 1986 1227 2048 in
1240 1985 1377 2056 subditis,
1396 2006 1466 2048 ere-

272 2094 327 2156 bre
346 2095 382 2178 c)
398 2101 449 2157 tue
467 2095 640 2158 deuoeior'ris
658 2095 801 2176 obsequia
823 2099 909 2175 grata
931 2101 961 2157 et
982 2095 1146 2158 affectuosa
1163 2095 1368 2166 considerans,
1385 2095 1469 2158 sieut

272 2202 353 2266 inter
369 2204 493 2286 deuotus
511 2204 701 2267 devociorem
728 2204 903 2275 minuerit,
925 2203 969 2266 sic
992 2225 1051 2267 non
1072 2205 1209 2267 inmerito
1232 2204 1329 2286 gratia
1350 2204 1467 2286 pariter

269 2317 301 2374 et
318 2310 428 2374 affeetu
457 2312 590 2394 ampliori
614 2319 644 2374 te
669 2312 781 2374 iudicat
799 2334 858 2375 non
871 2312 1034 2393 indignum.
1067 2313 1142 2375 Hinc
1156 2317 1203 2374 est
1216 2313 1295 2395 quod
1306 2335 1361 2376 nos
1377 2320 1408 2376 te
1426 2314 1471 2377 ob,

266 2426 384 2485 tuorum
399 2422 577 2503 exigentiam
601 2423 774 2484 meritorum
799 2421 909 2484 affectu
933 2422 1148 2503 amplectentes
1165 2422 1299 2504 speciali,
1319 2424 1355 2485 de
1381 2443 1460 2486 con·

268 2537 354 2594 sueta
380 2530 566 2612 benignitate
596 2530 677 2592 sedis
706 2530 871 2612 apostolice
900 2530 1077 2593 auctoritate
1104 2531 1161 2593 Dei
1189 2531 1400 2612 omnipotentis
1428 2537 1462 2594 et

265 2640 467 2719 apostolorum
484 2639 547 2700 eius
563 2639 644 2700 Petri
661 2645 691 2701 et
706 2638 788 2701 Pauli
805 2624 906 2713 tecum
929 2659 1020 2720 super
1040 2639 1187 2701 habendis
1209 2639 1342 2722 pluribus
1364 2639 1465 2701 bene·
1538 2722 1539 2727 ἵ
1596 2696 1599 2705 .

264 2745 341 2808 ficiis
365 2752 470 2810 tenore
495 2746 680 2828 presentium
709 2746 946 2809 misericorditer
976 2747 1200 2829 dispensamus,
1230 2748 1272 2811 ita
1301 2754 1402 2810 tamen
1426 2753 1463 2810 ut

265 2856 341 2919 ultra
370 2857 428 2918 duo
457 2855 614 2927 beneficia,
633 2876 734 2918 curam
758 2855 922 2918 animarum
946 2877 1091 2920 annexam
1114 2857 1267 2930 babentia,
1291 2857 1461 2919 nullatenus

263 2965 460 3047 assequaris„

654 3168 807 3231 tractatus
824 3167 860 3229 de
876 3167 1078 3249 indulgentbs.

618 3294 651 3317 “-
766 3291 952 3336 aretinarum.

351 3426 535 3507 lndulgentie
557 3428 621 3508 plus
643 3427 756 3490 babent
783 3427 879 3508 gratie
908 3447 995 3509 quam
1017 3428 1098 3489 iuris.
1133 3428 1210 3490 Sunt
1231 3431 1330 3489 autem
1351 3427 1454 3508 plures

262 3536 513 3617 indulgentiarum
540 3537 669 3618 species,
697 3538 775 3600 inter
803 3558 876 3620 quas
897 3536 1070 3620 principalis
1093 3540 1123 3597 et
1143 3534 1288 3617 precipua
1310 3540 1340 3597 et
1355 3537 1455 3621 magis

259 3646 402 3709 moderno
426 3646 492 3708 usui
514 3646 632 3708 videtur
654 3667 803 3718 consona,
827 3645 878 3708 ubi
900 3645 1017 3707 seilicet
1039 3643 1175 3706 dominus
1197 3663 1274 3725 papa
1289 3644 1336 3706 vel
1353 3645 1457 3707 archi-

260 3753 419 3836 episcopus
443 3754 489 3816 vel
514 3754 672 3835 episcopus
699 3754 736 3816 ob
760 3755 958 3817 reverentiam
986 3754 1110 3816 alicuius
1133 3752 1262 3816 ecelesia
1285 3753 1332 3815 vel
1354 3755 1454 3816 sancti

260 3882 314 3923 seu
330 3862 371 3946 d)
386 3861 503 3943 patroni
522 3863 559 3947 e)
576 3862 713 3924 auxilium
730 3862 854 3924 alicuius
871 3868 1020 3925 structure
1036 3863 1135 3944 aliquo
1152 3862 1200 3924 die
1220 3867 1303 3924 certo
1327 3862 1358 3923 in
1377 3881 1455 3924 anno

259 3970 371 4053 aliquot
398 3971 512 4032 dierum
533 3971 659 4052 largitur
685 3971 885 4052 indulgentias
909 3972 952 4034 eis
975 3971 1025 4054 qui
1047 3972 1084 4034 ad
1103 3971 1247 4034 ecelesias
1269 3971 1316 4032 rel
1333 3969 1370 4032 ob
1389 3970 1455 4033 eius

257 4079 423 4161 patrocinia
438 4080 560 4141 veniunt
571 4080 629 4142 ista
644 4080 711 4142 rice
724 4082 769 4142 vel
787 4080 879 4158 illas)
895 4080 953 4153 die,
970 4082 1016 4142 vel
1034 4081 1083 4164 qui
1100 4081 1138 4143 ad
1154 4066 1333 4143 structuram
1350 4080 1459 4145 eccle-v

244 4172 369 4251 'siarum
385 4188 431 4251 rel
447 4188 626 4273 pontiumn)
644 4188 681 4250 de
699 4189 759 4250 suis
778 4189 948 4259 elemosinis
972 4189 1083 4271 aliquid
1105 4189 1275 4251 attulerunt.
1308 4188 1371 4249 Hec
1388 4187 1454 4269 ipsa

259 4297 289 4358 in
306 4303 368 4359 tres
385 4296 457 4358 alias
475 4295 631 4368 diuiditur„
654 4297 722 4378 quia
744 4297 866 4359 aliaest
887 4300 1094 4370 revocabilis,
1117 4297 1174 4360 alia
1190 4305 1372 4385 perpetua,
1395 4297 1454 4359 alia

259 4406 456 4492 temporalia.

348 4529 381 4598 a)
397 4530 557 4584 auctoritate
570 4530 627 4584 eius
642 4532 718 4584 cuiue
732 4532 813 4585 uicem
827 4532 944 4586 interris
961 4534 1075 4603 gerimus
1096 4532 1141 4600 qui
1160 4530 1285 4584 natalium
1298 4529 1387 4601 opilex
1403 4534 1447 4584 est

257 4624 284 4673 et
297 4629 394 4682 rector,
409 4625 573 4691 amputamus
585 4621 693 4690 Z.—d)
708 4622 882 4690 dignitatibus
895 4627 923 4676 at
935 4622 1071 4679 ordinibus
1089 4640 1135 4675 seu
1155 4621 1317 4689 recipiendis
1331 4621 1443 4691 quibus-

260 4728 366 4779 cunque
392 4712 419 4763 Z.
435 4740 467 4749 -
483 4710 513 4779 r)
528 4712 607 4765 creba
621 4713 737 4781 V.—d)
752 4713 837 4767 sancti
851 4732 898 4767 seu
912 4714 978 4768 leblt
991 4713 1152 4786 Z.-e)vel
1165 4712 1199 4766 ad
1213 4713 1248 4765 ist
1261 4730 1292 4764 zu
1307 4719 1450 4781 ergauzeu.

256 4828 292 4843 ν-
303 4799 335 4869 f)
350 4801 410 4855 viee
421 4800 461 4864 vel
475 4803 520 4855 illa
534 4802 599 4855 fehlt
611 4804 639 4856 Z.
656 4832 687 4842 —-
701 4804 736 4872 9)
752 4805 905 4872 pontificum
920 4804 947 4855 v.
