3209 5392
1289 507 1365 577 373

170 683 300 747 ecclesie
327 682 465 765 regimen
487 684 609 747 celestis
632 684 756 747 altitudo
774 683 891 746 consilii
910 702 963 745 vos
982 682 1108 745 vocavit.
1142 683 1195 746 Sic
1212 682 1255 766 a)
1272 682 1367 744 eciam

168 811 223 854 nos
252 790 385 874 metipsi,
402 790 472 855 dum
487 792 647 875 pristinum
666 797 774 855 statum
799 796 934 855 nostrum
956 792 986 853 in
1002 789 1178 854 interiorum
1198 794 1486 852 nostrorumrossn.

168 900 373 982 profunditate
389 900 580 972 revolvimus,
597 906 628 963 et
644 901 714 963 dum
736 900 820 963 vocis
843 901 977 982 exemplo
999 899 1177 982 prophetice
1203 897 1369 960 divinorum

168 1008 347 1073 iudiciorum
364 1007 497 1071 abissum
514 1008 544 1071 in
561 1014 664 1072 nostre
689 1009 948 1072 consideracionis
972 1007 1095 1091 speculo
1113 1007 1315 1089 speculamur,
1338 1006 1371 1067 in

168 1120 264 1180 torma
288 1119 452 1189 consimili,
479 1118 551 1181 licet
573 1118 680 1201 impari
701 1118 811 1188 ¹merito
834 1137 889 1181 nos
912 1118 1059 1179 sentimus
1082 1117 1206 1198 ignaros
1224 1119 1255 1177 et
1272 1114 1368 1177 eciam

171 1247 231 1290 non
258 1226 424 1300 instantes,
460 1229 580 1291 excluso
614 1227 747 1291 totaliter
774 1248 791 1289 a
821 1227 907 1290 nobis
936 1226 1048 1307 gradus
1077 1223 1190 1288 ambitu
1223 1222 1370 1294 celsioris,

171 1335 314 1399 divinitus
342 1337 379 1399 ad
402 1338 534 1401 Romane
556 1336 730 1400 monarchie
752 1334 957 1399 moderamina
974 1335 1015 1419 b)
1039 1334 1195 1414 dirigenda
1211 1336 1370 1415 provectos

79 1424 82 1427 ¹
171 1448 202 1505 et
229 1444 335 1508 eadem
363 1444 560 1526 gubernanda
588 1443 826 1507 misericorditer
849 1443 1033 1507 sublimatos.
1069 1442 1133 1505 lliis
1158 1441 1262 1522 igitur,
1284 1444 1372 1523 pater

173 1556 293 1615 sancte!
318 1554 349 1616 in
371 1554 483 1617 trutina
506 1552 638 1615 racionis
661 1556 820 1635 appensis,
850 1552 881 1615 in
905 1551 1042 1614 omnibus
1065 1549 1168 1613 arduis
1185 1554 1215 1612 et
1232 1548 1371 1618 diversis,

172 1680 231 1743 que
247 1662 437 1743 postmodum
459 1661 546 1724 nobis
570 1681 741 1731 occurrere,
766 1660 905 1743 negociis
924 1660 962 1744 c)
988 1659 1080 1722 nichil
1102 1658 1222 1740 penitus
1245 1654 1372 1739 aggredi

171 1769 269 1842 libuit,
293 1769 385 1833 nichil
414 1790 556 1853 prorsus,
585 1775 617 1831 ut
644 1770 764 1843 decuit,
792 1770 937 1833 voluimus
967 1774 1162 1851 attemptare,
1191 1766 1249 1829 nisi
1272 1770 1373 1828 vestra

171 1878 288 1959 pridem
303 1878 357 1963 d),
374 1897 463 1961 quam
487 1899 607 1961 semper
629 1879 738 1940 fuimus
758 1872 932 1960 prestolati,
957 1876 1132 1939 erudicione
1156 1875 1310 1937 salutifera
1327 1874 1374 1936 in-

173 1986 302 2050 formati.

265 2169 309 2231 Ex
326 2188 384 2252 quo
403 2168 443 2254 c)
458 2169 572 2251 itaque,
588 2176 676 2250 pater
693 2168 937 2240 clementissime,
953 2188 1020 2230 vos
1038 2168 1129 2249 elegit
1140 2165 1320 2238 altissimus,
1332 2166 1375 2229 ita

177 2276 257 2361 quod
274 2276 312 2339 de
327 2282 410 2340 terra
426 2277 485 2340 iam
503 2278 542 2339 sit
559 2284 623 2341 orta
640 2278 764 2350 veritas,
780 2276 986 2360 prospiciente
1000 2277 1037 2339 de
1054 2277 1119 2340 celo
1142 2275 1262 2340 iusticia
1279 2313 1323 2322 -
1340 2295 1377 2337 ex
1411 2294 1416 2301 “

177 2404 236 2468 quo
265 2385 388 2449 dextera
416 2386 473 2448 Dei
503 2385 599 2448 eciam
627 2386 835 2450 misericordie
864 2406 917 2448 sue
946 2386 1088 2451 unctione
1117 2384 1278 2448 salubriter
1309 2403 1376 2446 nos

176 2495 334 2576 perunxit,
362 2498 395 2558 ut
420 2499 516 2585 super
538 2496 615 2557 colla
632 2494 804 2559 sublimium
823 2495 930 2558 solium
948 2495 1044 2576 glorie
1060 2500 1234 2565 teneamus,
1263 2497 1297 2555 ut
1318 2493 1377 2555 ista

177 2601 235 2666 duo
264 2603 371 2666 celitus
400 2602 431 2665 in
454 2603 674 2666 conformitatis
696 2604 895 2687 ydemptitate
919 2625 976 2687 per
998 2605 1151 2686 amplexus
1173 2608 1291 2666 mutuos
1320 2601 1377 2664 sibi

178 2713 308 2793 compati
332 2732 393 2774 non
418 2711 585 2775 desistant:
611 2732 684 2775 ecoe
708 2712 788 2796 quod
811 2719 944 2776 nostram
969 2718 999 2776 et
1022 2711 1185 2775 liberorum
1208 2716 1378 2774 nostrorum

177 2839 324 2902 personas
352 2840 408 2883 nec
435 2841 497 2883 non
520 2820 668 2884 creditum
691 2820 778 2884 nobis
802 2821 959 2903 imperium
982 2825 1082 2884 vestre
1105 2821 1155 2903 pie
1183 2819 1378 2902 disposicioni

179 2928 400 3001 submittimus,
439 2934 471 2992 ut
502 2930 668 2993 secundum
699 2930 795 2993 Deum
829 2936 860 2993 et
890 2950 998 3012 puram·
1028 2927 1252 2991 conscienciam
1282 2927 1378 2989 libere

179 3037 320 3101 statuatis
344 3044 375 3103 et
399 3036 544 3102 ordinetis
568 3038 730 3101 salubriter
752 3038 790 3101 de
812 3038 986 3120 premissis,
1016 3037 1163 3121 quidquid
1185 3036 1291 3118 honori
1308 3036 1376 3108 Dei,

178 3146 389 3210 ecclesiastice
417 3146 560 3217 libertati,
583 3146 749 3210 orthodoxe
774 3146 861 3218 lidei,
891 3166 947 3207 nec
971 3165 1030 3207 non
1051 3145 1131 3208 bono
1155 3146 1273 3228 imperii
1296 3150 1376 3208 statu

179 3257 317 3320 videritis
335 3256 487 3338 expedire.

273 3438 312 3502 ut
334 3438 410 3502 licet
432 3438 558 3501 illustris
575 3458 627 3501 rex
643 3437 787 3501 Bohemie
805 3444 940 3502 nontam
958 3439 1079 3502 iniustis
1096 3458 1186 3522 quarn
1205 3439 1379 3503 voluntariis

184 3546 317 3611 motibus
335 3547 385 3611 diu
402 3547 493 3610 luerit
508 3547 539 3609 in
552 3547 822 3610 exheredacionem
833 3547 952 3629 imperii
972 3548 1178 3630 degrassatus,
1196 3549 1264 3632 quia
1279 3556 1381 3614 tamen

187 3655 219 3717 in
235 3655 322 3718 vobis
340 3655 416 3719 adeo
434 3656 533 3719 divine
549 3655 653 3738 gracie
677 3662 708 3720 et
729 3654 850 3719 iusticie
872 3655 1025 3737 plenitudo
1050 3657 1247 3721 exuberanter
1262 3658 1381 3721 habun-

184 3764 247 3837 dat,
264 3764 437 3846 presertim,
465 3771 498 3828 ut
525 3769 606 3828 terre
635 3769 740 3827 sancte
763 3765 794 3827 in
823 3770 968 3847 oportuno
990 3765 1135 3829 subsidio
1164 3764 1204 3828 nil
1233 3765 1380 3837 dematur,

183 3874 438 3947 controversiam,
466 3893 525 3957 que
553 3873 634 3937 inter
661 3894 715 3937 nos
740 3880 771 3938 ct
796 3874 896 3958 ipsum
923 3893 977 3957 pro
999 3873 1087 3938 bonis
1110 3875 1227 3958 imperii
1243 3875 1380 3948 vertitur,

184 3982 343 4065 occupatis
359 3982 397 4046 ab
414 3983 493 4066 ipso,
509 3982 690 4047 fiducialiter
706 3982 893 4046 ordinacioni
910 3982 1011 4045 divine
1028 3989 1058 4047 et
1072 3983 1244 4048 auctoritati
1257 3990 1380 4066 aposto-

276 4273 310 4340 a)
341 4275 390 4329 sed
412 4276 439 4328 Ζ;
461 4304 493 4312 -
515 4275 546 4346 b)
568 4275 699 4329 molimina
732 4275 759 4327 Ζ.
785 4304 813 4314 -
841 4274 873 4343 c)
894 4279 922 4327 et
944 4274 1087 4346 praecipuo
1115 4292 1197 4346 super
1227 4274 1382 4332 nunciorum

186 4364 336 4434 llungariae
357 4370 384 4419 ot
403 4365 545 4419 bohemiae
569 4383 662 4437 regum
687 4366 871 4436 legacionihus
895 4365 970 4420 nohis
994 4366 1137 4436 propositis
1156 4371 1184 4421 et
1203 4369 1383 4424 liblacionibus

187 4453 269 4510 oditis
295 4456 385 4509 Bodm.
405 4454 445 4509 St.
473 4487 503 4497 —
530 4457 566 4524 d)
598 4456 713 4526 quadam
737 4456 768 4510 V.
797 4485 830 4494 -
857 4455 888 4525 e)
917 4457 955 4510 Ex
986 4473 1038 4526 quo
1073 4457 1113 4511 bis
1143 4459 1179 4511 ita
1208 4459 1276 4514 tchlt
1299 4461 1328 4516 V.
1352 4464 1382 4516 Z.

187 4545 244 4602 und
271 4547 394 4601 Gerbert
420 4546 544 4601 Offenbsr
571 4547 607 4601 ist
633 4564 685 4601 von
714 4549 765 4601 don
790 4546 987 4601 Abscbreibern
1016 4547 1076 4602 eine
1104 4548 1175 4602 Zeile
1203 4552 1383 4622 ausgelassen,

193 4637 237 4692 dic
256 4637 304 4692 wir
322 4653 369 4692 zur
393 4638 563 4710 llerstollung
591 4638 639 4692 des
663 4638 759 4692 Sinnes
785 4653 834 4691 aus
857 4637 946 4691 liodm.
974 4637 999 4691 in
1018 4637 1070 4691 don
1095 4639 1164 4695 Text
1182 4642 1384 4712 ausgooommen

188 4727 283 4783 haben.
