3209 5392
230 453 281 526 lo

228 634 384 711 utramque
412 627 591 691 electionem
618 626 772 712 utriusque
801 628 931 692 ecclesie
960 625 1177 694 sentenciando
1202 625 1370 690 iudicamus
1399 631 1430 688 et

158 718 162 723 ’
229 733 418 797 decrevimus
431 753 490 797 uon
501 741 617 806 tenere,
629 735 672 798 ita
683 741 794 808 tamen,
808 736 888 820 quod
901 736 982 799 salva
995 736 1055 800 sint
1067 735 1185 818 utrique
1197 733 1238 821 a]
1246 733 1378 796 ecclesie
1391 732 1430 819 i)

229 862 284 906 soa
299 842 373 906 iura.
390 844 429 907 Et
445 843 515 926 quia
532 865 567 906 ex
583 844 663 907 tluxu
677 845 823 927 temporis
840 844 878 909 ad
890 864 945 908 nos
962 846 1098 909 eiusdem
1114 843 1245 906 ecclesie
1259 843 1297 928 ο)
1315 861 1430 923 cogno-

229 953 325 1016 scitur
349 953 481 1036 provisio
510 952 667 1026 devoluta,
686 954 784 1017 eidem
811 955 843 1017 in
870 973 1000 1037 persona
1028 954 1130 1017 dilecti
1157 951 1210 1013 filii
1227 951 1275 1023 G,
1303 950 1432 1030 Magda-

227 1060 388 1143 burgensis
395 1062 436 1146 d)
452 1062 583 1126 ecclesie
600 1063 719 1134 decani,
732 1063 911 1128 auctoritate
927 1065 1092 1147 apostolica
1104 1062 1307 1147 providemus,
1320 1061 1432 1123 irater-

227 1170 314 1234 nitati
340 1177 391 1235 tue
419 1192 474 1255 per
501 1172 667 1255 apostolica
689 1171 802 1254 scripta
817 1174 1010 1246 mandantes,
1026 1179 1071 1237 ¹ut
1097 1173 1207 1255 ipsum,
1236 1189 1303 1233 cum
1320 1168 1431 1232 confir-

226 1281 371 1345 macionis
395 1288 426 1346 et
447 1281 691 1346 consecracionis
712 1302 836 1346 munere
865 1284 903 1346 ad
929 1283 1050 1366 propria
1066 1286 1278 1352 revertentem,
1291 1279 1431 1368 „uado-

226 1392 417 1475 crucemve)
435 1390 566 1454 ecclesie
581 1397 775 1473 representes
793 1391 871 1454 etin
887 1393 1074 1474 corporalem
1095 1388 1321 1472 possessionem
1343 1388 1430 1460 iuris,

225 1507 286 1583 tam
303 1501 511 1565 ecclesiastiea
530 1499 723 1588 protencia
750 1519 839 1583 quam
864 1501 1004 1564 mandato
1019 1501 1061 1588 a)
1089 1500 1215 1563 inducas
1240 1497 1369 1560 eundem
1398 1504 1431 1558 et

226 1611 339 1674 tuearis
356 1612 521 1683 inductum,
537 1610 579 1674 ita
595 1609 675 1693 quod
690 1615 742 1673 tua
760 1609 866 1672 exinde
884 1610 1009 1674 devocio
1027 1608 1138 1673 debeat
1154 1607 1369 1671 commendari.

378 1833 552 1914 Exemplum
568 1831 724 1895 dllflnltlve
741 1833 895 1895 sentencie
911 1849 930 1895 a
945 1835 1033 1914 parte
1050 1831 1280 1895 ordi-anoton.

315 1991 348 2055 P.
366 1993 423 2057 llei
451 1993 555 2075 gracia
570 1991 758 2056 Pataviensis
787 1991 918 2054 ecclesie
948 1991 1109 2074 episcopus
1132 1991 1242 2055 dilecto
1258 1991 1289 2053 in
1306 1988 1428 2053 Christo

225 2098 283 2162 lilio
299 2100 427 2182 plebano
444 2100 512 2165 talis
528 2101 587 2165 loci
605 2106 663 2163 etc.
688 2102 787 2182 Super
809 2100 1013 2183 inpedimento
1035 2100 1234 2172 matrimonii,
1252 2100 1332 2183 quod
1357 2120 1427 2161 esse

225 2209 392 2274 dinoscitur
407 2211 486 2275 inter
506 2210 689 2274 Florentium
712 2215 743 2272 et
763 2209 908 2290 bucyam,
931 2229 1020 2292 quam
1042 2210 1122 2274 idem
1144 2209 1175 2272 in
1197 2210 1277 2272 facie
1294 2209 1427 2272 ecclesie

225 2319 349 2383 duxerat
364 2320 395 2381 in
412 2339 545 2391 uxorem,
566 2318 767 2401 inquisicione
784 2317 913 2381 sollicita
928 2318 1055 2381 veritate
1072 2318 1251 2400 diligencius
1272 2319 1430 2400 indagata.

224 2428 311 2492 nobis
328 2450 364 2492 ex
379 2429 483 2492 talium
499 2428 684 2498 assercione,
701 2426 900 2490 -videlicet
915 2432 1032 2509 septem
1049 2427 1253 2499 sacerdotum,
1272 2429 1322 2510 qui
1339 2430 1429 2492 iurati

224 2537 356 2600 tulerunt
371 2538 585 2609 testimonium,
602 2536 690 2598 -in
705 2535 763 2598 bac
780 2554 873 2598 causa
889 2535 977 2616 plene
995 2535 1131 2599 constitit
1153 2541 1183 2599 et
1203 2528 1352 2617 perfecte,
1369 2538 1430 2601 tale

224 2645 471 2729 impedimentum
501 2645 532 2707 in
564 2644 608 2706 eis
642 2644 789 2716 existere,
828 2645 909 2727 quod
939 2644 1159 2708 matrimonium
1190 2648 1431 2711 contrabendum

225 2756 370 2838 impediat
392 2760 422 2818 et
445 2754 563 2817 dirimat
584 2753 643 2817 iam
672 2760 875 2826 contractum,
908 2754 1077 2837 predictum
1099 2755 1132 2816 F.
1151 2760 1182 2817 et
1196 2756 1231 2818 L.
1256 2757 1285 2819 in
1309 2759 1428 2822 nomine

223 2865 318 2947 patris
347 2870 377 2927 et
404 2861 457 2924 lilii
486 2868 517 2926 et
538 2863 661 2944 spiritus
684 2863 781 2926 sancti
804 2864 1020 2927 sentenciando
1040 2863 1237 2945 disiungimus
1267 2872 1297 2929 et
1324 2869 1429 2931 iudicii

225 2973 410 3037 sentenciam
426 2973 550 3037 ferimus
567 2972 645 3036 inter
661 2993 731 3044 eos,
760 2973 867 3036 dantes
884 2973 1020 3056 utrique,
1050 2974 1076 3034 si
1098 2974 1242 3047 volucrit,
1270 2976 1429 3042 licenciam

224 3083 423 3147 contrahendi
439 3084 546 3146 barum
562 3082 734 3146 testimonio
752 3083 915 3146 literarum.

382 3289 485 3350 lerna
500 3285 727 3349 interlocutoria
744 3287 898 3353 sentencle
914 3304 932 3348 a
947 3290 1033 3367 parte
1050 3286 1266 3368 delegatorum.

314 3446 348 3509 F.
365 3445 406 3533 d]
423 3444 622 3509 miseracione
639 3445 739 3508 divina
760 3445 829 3508 talis
853 3445 947 3508 abbas
965 3447 998 3508 B.
1017 3445 1124 3509 eadem
1139 3448 1340 3514 miseracione
1356 3471 1428 3534 pre·

223 3555 339 3638 positus
366 3554 436 3619 talis
462 3554 539 3625 loci,
567 3554 684 3615 iudices
707 3555 815 3617 asede
839 3555 1005 3637 apostolica
1028 3556 1178 3637 delegati,
1207 3559 1345 3622 omnibus
1367 3563 1427 3624 hoc

223 3666 368 3746 scriptum
383 3663 491 3726 visuris
508 3661 635 3724 salutem
650 3661 681 3723 in
698 3662 827 3725 omnium
850 3664 1008 3728 salvatore.
1043 3667 1076 3729 ln
1103 3686 1196 3729 causa
1219 3687 1277 3750 que
1299 3672 1427 3735 vertitur

220 3776 301 3838 inter
315 3772 475 3855 plebanum
490 3769 559 3833 talis
573 3768 632 3832 loci
650 3791 685 3831 ex
701 3790 759 3833 una
775 3777 862 3854 parte
886 3779 916 3836 et
939 3775 1090 3842 dominum
1111 3777 1180 3843 Joh.
1206 3784 1237 3842 et
1257 3781 1368 3843 fratres
1391 3780 1424 3866 a)

220 3889 363 3967 patronos
382 3885 517 3962 exparte
534 3879 645 3952 altera,
661 3879 742 3943 idem
760 3880 897 3945 dominus
913 3883 982 3946 dob.
1000 3886 1171 3969 fratresque
1189 3887 1253 3949 eius
1269 3888 1301 3950 in
1322 3895 1426 3953 nostra

219 3993 378 4079 presencia
395 3995 635 4072 comparuerunt,
653 3994 683 4052 et
704 3989 786 4053 dicto
802 3988 931 4071 plebano
949 4013 1017 4055 cum
1033 3993 1181 4058 instancia
1196 3997 1379 4078 postulante,
1394 4003 1426 4062 ut

221 4105 279 4167 sibi
295 4102 446 4167 iusticiam
461 4102 647 4169 taceremus,
664 4099 819 4162 lohannes
837 4105 867 4162 et
883 4102 993 4164 fratres
1017 4102 1081 4165 eius
1099 4103 1258 4167 adsedem
1276 4107 1421 4187 apostoli-

221 4234 288 4277 cam
315 4211 552 4295 appellaverant,
580 4207 771 4288 assignantes
801 4228 923 4272 eausam
950 4211 1165 4293 appellacionis
1193 4233 1258 4286 sue,
1280 4214 1425 4279 videlicet

221 4324 302 4408 quod
317 4320 562 4406 peremptorium,
580 4337 637 4401 quo
655 4336 707 4380 eos
731 4317 899 4392 citavimus,
921 4318 1090 4401 perfectum
1112 4342 1165 4384 sex
1187 4321 1424 4388 ebdomadarum

311 4485 345 4556 a)
368 4484 511 4552 utriusque
524 4482 554 4535 V.
577 4512 607 4521 -
628 4480 660 4550 d)
686 4479 711 4532 in
732 4484 870 4549 posterum
886 4482 914 4535 Ζ.
939 4511 973 4521 -
996 4484 1027 4552 c)
1051 4483 1165 4539 donacio
1179 4485 1211 4539 V.
1226 4518 1256 4528 -·
1272 4486 1308 4554 d)
1327 4487 1424 4556 blayd-

221 4578 363 4646 burgensis
384 4575 414 4629 V.
439 4603 472 4612 -
486 4572 518 4641 e)
537 4571 714 4625 llabbaatensi
736 4572 766 4624 V.
788 4599 822 4613 -
839 4571 873 4642 f)
892 4573 1070 4627 ecelesiastici
1087 4576 1116 4628 Z.
1136 4606 1169 4616 -
1187 4577 1224 4649 q)
1239 4577 1374 4637 mundana
1391 4596 1423 4631 zu

171 4663 676 4737 ·mm-mbb-0mffi.
