3209 5392
1305 407 1355 478 79

163 584 282 649 Contra
299 586 350 650 ino
366 605 436 647 vcro
453 586 639 667 privilegium
656 586 720 649 dari
737 607 796 668 nou
813 584 978 654 cousuevit,
995 583 1053 646 nisi
1069 584 1146 645 torte
1163 582 1201 648 ab
1216 581 1287 651 hiis,
1305 579 1357 662 qui

163 699 236 755 sunt
260 713 350 775 supra
374 695 455 766 iura,
484 701 516 757 ut
539 702 585 757 θεῖ
605 714 682 776 papa
704 702 735 758 et
755 697 927 777 imperator.

253 803 460 890 Notandum)
477 804 582 878 etiam,
604 804 684 884 quod
714 804 871 885 privilegia
903 801 1000 866 stricti
1016 799 1089 864 iuris
1112 801 1198 867 sunt,
1220 797 1278 860 boc
1295 802 1358 867 est,

163 910 246 992 quod
262 910 354 974 nichil
371 931 406 973 ex
423 931 525 974 eorum
542 912 692 1000 intellectu
709 912 814 978 haberi
829 917 930 993 potest
945 908 1003 973 nisi
1019 907 1100 992 quod
1114 907 1146 970 iu
1161 906 1247 969 litera
1263 905 1358 987 ipsius

163 1023 264 1084 textus
294 1019 480 1091 continetur,
515 1040 570 1086 uec
600 1019 632 1081 in
660 1021 704 1085 eis
732 1017 958 1100 argumentacio
981 1037 999 1079 a
1025 1015 1131 1080 maiori
1146 1015 1183 1078 ad
1212 1015 1357 1076 minorem

162 1127 264 1189 locum
284 1127 391 1199 habet,
419 1127 465 1209 rel
493 1149 510 1189 e
537 1148 700 1200 conseram
723 1128 807 1190 verbi
835 1128 937 1209 gracia
965 1125 992 1188 si
1018 1125 1113 1190 babes
1139 1145 1174 1190 ex
1200 1123 1357 1206 privilegio

165 1235 248 1318 quod
263 1235 372 1301 baculo
393 1235 555 1318 pontificali
573 1236 621 1299 ¹uti
642 1237 758 1318 possis,
786 1257 822 1298 ex
848 1236 907 1303 hoc
931 1256 991 1300 non
1013 1233 1148 1317 sequitur
1171 1232 1358 1316 quodetiam

165 1343 211 1405 uti
228 1344 327 1425 possis
349 1344 441 1409 iut'ula
463 1345 510 1410 rel
531 1344 637 1426 pallio;
655 1351 686 1407 θῖ
701 1345 745 1407 sic
763 1346 800 1407 de
817 1345 973 1409 similibus,
1017 1404 1019 1407 ,

257 1451 483 1533 Privilegiorum
525 1452 581 1516 alia
613 1458 683 1516 sunt
713 1454 916 1534 personalia,
959 1452 1016 1515 alia
1053 1453 1185 1523 locutio,
1229 1452 1474 1534 quedamenaon.

162 1568 338 1646 perpetuu,
356 1560 484 1643 quedam
497 1562 665 1648 pencrulio
682 1567 713 1623 et
729 1562 855 1642 quedam
868 1561 1032 1650 specialia.
1065 1562 1241 1626 Perconule
1261 1560 1356 1642 prini-

165 1668 279 1749 legium
295 1676 353 1740 est,
369 1670 450 1751 quod
466 1669 554 1734 alicui
570 1690 700 1751 persone
716 1670 894 1734 conceditur
909 1669 1049 1751 quamdiu
1065 1669 1181 1740 vixerit,
1197 1676 1227 1731 et
1242 1670 1274 1732 iu
1296 1670 1356 1733 hoc

167 1778 391 1859 exprimendum
409 1783 455 1844 est
471 1798 579 1841 nomen
595 1778 660 1843 eius
677 1779 726 1841 cui
749 1778 836 1841 datur
857 1776 1062 1859 priuilegium
1086 1780 1187 1843 locale
1207 1783 1255 1841 est
1278 1777 1358 1860 quod

163 1887 256 1954 alicui
272 1887 338 1950 loco
355 1887 531 1952 conceditur
546 1887 583 1950 nb
601 1888 701 1970 aliquo
716 1887 864 1969 principe,
881 1887 927 1948 vel
944 1887 1072 1952 ecclesie
1088 1886 1135 1950 vel
1151 1888 1357 1951 communitati

165 1995 299 2059 civitatis
316 1993 499 2076 allenium),
512 2001 542 2059 et
555 1995 585 2058 in
597 1996 656 2058 hoc
673 1994 846 2077 exprimitur
861 2015 970 2058 nomen
986 1994 1115 2060 ecclesie
1132 1995 1220 2065 illius,
1238 1997 1283 2057 vel
1299 1995 1359 2059 loti

167 2104 217 2167 cui
235 2105 322 2168 datur
336 2104 532 2185 privilegium.
566 2105 775 2191 Pricilepium
787 2112 980 2190 perpetuam
997 2110 1043 2166 θεῖ
1059 2103 1138 2186 quod
1154 2102 1308 2167 indefinite
1324 2124 1360 2166 ex

164 2214 312 2297 principis
328 2212 517 2294 beneplacito
534 2212 645 2294 accipit
660 2211 752 2276 robur
767 2217 910 2294 perpetue
926 2211 1092 2282 firmitatis;
1109 2218 1139 2274 et
1154 2212 1185 2274 in
1200 2213 1251 2275 tali
1267 2214 1359 2294 privi-

166 2322 248 2405 legio
265 2343 324 2384 non
339 2322 460 2403 ponitur
474 2322 627 2403 proprium
643 2340 763 2392 nomen,
779 2321 837 2384 nisi
853 2321 912 2382 loci
929 2321 977 2383 cui
995 2320 1082 2384 datur
1102 2328 1133 2388 et
1154 2321 1219 2383 eius
1240 2322 1284 2383 rei
1302 2340 1359 2403 que

170 2431 268 2501 datur,
284 2436 331 2493 ut:
360 2431 442 2503 „Nes
458 2430 491 2492 F.
509 2430 672 2512 imperator
688 2429 793 2492 damus
810 2429 940 2491 ecclesie
961 2430 1131 2493 Pataviensi
1153 2430 1242 2494 talem
1266 2430 1360 2492 comi-

168 2545 265 2608 tatum
280 2540 329 2602 vel
343 2538 402 2604 tale
419 2543 550 2604 castrum
566 2543 713 2619 perpetuo
734 2537 982 2619 possidendum.
1020 2541 1208 2626 Peroporole
1225 2541 1361 2626 privile-

162 2651 252 2736 pium
269 2655 316 2711 θεῖ
332 2646 417 2712 cuius
433 2647 516 2710 valor
532 2652 563 2708 et
578 2644 702 2709 limuitas
720 2653 803 2709 certo
820 2647 1085 2727 comprehenditur
1105 2649 1248 2730 temporis
1264 2648 1360 2712 inter-

167 2758 263 2828 vallo,
285 2758 331 2822 vel
348 2761 432 2819 certo
447 2755 591 2837 principis
608 2754 797 2836 beneplacito
814 2761 992 2818 reservatur.
1025 2756 1116 2822 Verbi
1133 2757 1252 2838 gracia,
1280 2763 1312 2819 ut
1335 2758 1361 2819 si

166 2866 333 2948 imperator
355 2864 452 2929 dicat:
484 2864 594 2926 Notum
621 2882 690 2925 csse
717 2863 853 2927 volumus
887 2869 917 2926 ct
949 2865 1141 2945 presentibus
1164 2866 1361 2936 declaramus,

167 2976 250 3059 quod
278 2974 388 3036 dilecto
415 2971 543 3054 principi
571 2978 673 3036 nostro
700 2973 733 3034 Β.
753 2971 787 3053 l)
804 2972 973 3036 Pataviensi
1001 2973 1143 3056 episcopo
1172 2981 1202 3037 et
1231 2973 1361 3037 ecclesie

164 3084 262 3167 ipsius
279 3082 472 3148 concedimus
496 3080 673 3161 dignitatem
695 3081 784 3143 talem
800 3081 839 3142 ad
856 3081 961 3144 decem
979 3082 1132 3146 dumtaxat
1154 3104 1249 3147 annos
1266 3084 1361 3146 libere

162 3192 387 3275 possidendam,
415 3190 461 3251 vel
479 3189 618 3272 quamdiu
635 3189 665 3250 id
687 3190 724 3251 de
748 3195 850 3252 nostra
872 3190 962 3254 fuerit
977 3192 1139 3263 voluntate,
1156 3194 1202 3255 vel
1219 3195 1359 3275 quamdiu

168 3301 266 3383 ipsam
294 3300 520 3363 concessionem
544 3319 603 3361 non
627 3299 796 3360 duxerimus
812 3300 1019 3363 revocandam.
1055 3303 1213 3367 Generule
1225 3305 1363 3388 priuile-

166 3413 255 3499 pe'nm
273 3409 416 3493 estquod
439 3409 503 3470 sine
525 3406 645 3488 proprio
668 3409 786 3468 nomine
803 3427 961 3488 personam
978 3408 1056 3470 illius
1079 3410 1127 3472 cui
1152 3410 1238 3474 datur
1265 3411 1363 3491 tangit

169 3521 230 3582 sie:
256 3519 366 3581 Notum
383 3517 519 3588 facimus,
537 3516 615 3598 quod
633 3535 687 3578 nos
703 3515 793 3577 talem
808 3516 907 3578 locum
929 3518 976 3579 vel
998 3517 1087 3581 talem
1103 3519 1271 3583 libertatem
1288 3541 1362 3584 con-

169 3627 305 3694 cedimus
323 3625 431 3687 dilecto
446 3624 574 3706 principi
591 3630 693 3686 nostro
710 3623 746 3685 N.
765 3624 934 3686 Pataviensi
951 3626 1093 3708 episcopo
1108 3627 1215 3690 eteius
1232 3629 1360 3691 ecclesie

167 3743 197 3800 θῖ
212 3737 271 3799 tale
288 3733 476 3816 privilegium
492 3752 611 3813 semper
625 3736 802 3813 perpetuum
816 3752 885 3793 esse
898 3733 982 3795 solet.
999 3735 1149 3819 Specicle
1156 3737 1362 3822 pricilepinm

170 3853 231 3917 est,
260 3845 291 3907 in
312 3863 370 3925 quo
392 3847 542 3924 ponuntur
562 3839 683 3922 propria
706 3839 825 3904 nomina
847 3846 907 3904 tam
924 3842 1021 3906 dantis
1038 3863 1126 3926 quam
1142 3844 1315 3926 recipientis
1331 3848 1362 3910 in

169 3952 363 4020 salutacione.
395 3953 498 4035 ltaque
515 3949 686 4019 notandum,
703 3948 783 4030 quod
799 3948 830 4009 in
845 3951 998 4031 perpetuis
1014 3949 1179 4033 privilegiis
1196 3974 1315 4036 semper
1330 3957 1361 4019 in

167 4061 315 4146 principio
339 4059 510 4142 ponendum
543 4063 590 4119 est
625 4058 677 4131 „ln
703 4057 823 4124 nomine
853 4066 955 4124 sancte
984 4067 1015 4123 et
1041 4060 1192 4123 individue
1220 4065 1362 4129 trinitatis

169 4190 263 4240 amen.
295 4171 328 4233 F.
358 4169 415 4231 Dei
442 4167 546 4250 gracia
574 4164 710 4230 omnibus
736 4165 960 4247 inperpetuum
978 4175 1076 4241 etc.“;
1108 4171 1298 4251 quodetiam
1332 4155 1377 4240 in·

10 4261 12 4274 ’
86 4332 93 4346 ,
170 4279 315 4343 localibus
333 4284 363 4342 θῖ
379 4276 570 4358 generalibus
591 4278 746 4359 perpetuis
768 4276 834 4342 lieri
858 4280 934 4342 solet
976 4281 1008 4342 ln
1030 4284 1239 4361 personalibus
1263 4295 1362 4353 autem

264 4407 296 4474 o)
316 4407 357 4459 rel
372 4421 465 4462 comm.
479 4404 529 4457 cir.
543 4403 576 4458 al.
589 4404 658 4458 leun
680 4404 709 4456 V.
728 4432 754 4442 -
779 4404 811 4472 b)
825 4406 852 4457 B.
868 4404 934 4460 fehlt
946 4406 974 4460 V,

210 4622 232 4681 ¹)
246 4625 325 4683 Ver-gl.
338 4624 399 4668 oben
412 4621 435 4668 S.
449 4622 479 4665 70
491 4621 643 4679 Aumeelcung
657 4624 677 4666 l.
