3209 5392
1288 500 1364 573 303

261 685 376 739 Gerbcrt
404 682 523 736 schreibt
553 681 644 737 diesen
674 683 750 736 lirici
776 680 836 736 dem
870 680 1014 734 emdbiten
1045 678 1156 735 biscboi
1183 692 1234 731 von
1264 674 1367 738 Tricut,

171 776 295 830 Heinrich
308 776 338 829 ΙΙ.
359 792 391 828 zu
411 773 464 827 uud
483 776 553 827 scint
571 773 615 829 ibn
634 773 660 829 iu
680 774 730 826 das
747 772 814 827 Jaur
836 771 922 836 mun
940 771 984 825 icb
1003 769 1073 824 finde
1086 767 1230 828 wederiiir
1243 765 1290 820 dus
1303 764 1368 819 Eine

170 868 241 922 noch
253 867 298 920 fiir
312 865 361 920 das
376 864 482 920 indere
496 864 570 918 einen
584 864 789 934 Aubdtspuukt.

758 1068 831 1158 7)

621 1271 760 1352 Princeps
784 1250 920 1350 principi.

665 1428 736 1485 1276
747 1431 877 1485 Februar.

172 1579 261 1650 llduip
273 1577 422 1633 Lcdislcuc
439 1594 491 1632 voro
508 1577 614 1647 Unpuru
631 1579 705 1634 tillet
721 1577 815 1633 ceineu
835 1577 1023 1641 Verwaodteu,
1043 1576 1096 1630 dea
1112 1574 1216 1646 Grcfeu
1229 1569 1372 1628 Mciuburd

175 1688 226 1724 vau
249 1668 322 1725 Tirol
338 1670 395 1724 und
415 1670 499 1731 Gora,
520 1669 566 1723 dic
587 1670 770 1741 Vermittelunp
790 1667 866 1722 einer
889 1666 1024 1723 cbcliebeu
1054 1665 1222 1738 Verbiudunp
1240 1661 1372 1719 mercedem

171 1761 270 1817 scirem
285 1761 394 1815 Brudcr
406 1761 533 1815 Andreas
539 1801 551 1828 ,
569 1761 671 1833 Herzop
688 1778 739 1816 cco
757 1759 901 1815 slavonico
918 1760 976 1814 und
989 1757 1126 1820 croceio,
1143 1758 1200 1812 und
1214 1754 1371 1822 Clementia,
1455 1818 1460 1827 ,

436 1852 487 1905 der
503 1851 612 1906 Tocblcr
625 1852 713 1925 llltuip
725 1836 862 1923 Brrdolfe]
877 1868 909 1904 zu
926 1848 1109 1904 ddcruebmcu.

267 1997 345 2050 Gerb.
360 2014 387 2067 p.
402 1995 463 2050 149.
476 1996 568 2052 Budm.
581 2013 607 2068 p.
621 1997 666 2051 4⁷.

214 2144 218 2152 ”
263 2144 409 2207 lucentivi
432 2145 543 2207 amoris
566 2144 703 2215 affectio,
733 2164 799 2228 qua.
814 2145 991 2209 naturaliter
1015 2144 1178 2207 seminaris
1202 2142 1370 2206 dulcedinis

173 2255 340 2337 propagine
357 2254 576 2317 sunusuivino
595 2255 746 2317 coniuncti
764 2274 905 2326 munere,
928 2275 984 2317 nos
1006 2253 1044 2316 ab
1067 2253 1196 2316 invicem
1214 2251 1372 2314 discedere

173 2384 232 2425 non
260 2364 416 2446 permittit.
450 2364 527 2427 Nam
551 2363 607 2428 etsi
632 2363 746 2446 reliqua
770 2384 871 2427 rerum
894 2363 1014 2427 turbine
1036 2363 1200 2434 varientur,
1224 2359 1373 2425 naturaiia

172 2478 273 2534 tamen
290 2474 483 2554 cognacionis
506 2473 571 2536 iura
588 2477 741 2555 nequeunt
762 2472 912 2536 inmutari.
945 2471 1026 2536 Vivit
1048 2473 1127 2535 enim
1142 2470 1373 2555 propinquitatis

171 2581 323 2662 igniculus
346 2600 402 2644 uec
420 2582 550 2652 excidet,
568 2582 704 2665 quamvis
727 2582 852 2645 ardente
876 2582 939 2643 sole
962 2581 1004 2667 a]
1027 2602 1086 2646 non
1109 2580 1222 2654 deficit,
1245 2580 1374 2645 nutritur

174 2689 246 2752 solis
268 2688 364 2759 radio,
388 2709 447 2752 nou
470 2692 591 2755 acescit.
624 2691 668 2754 Eo
694 2690 787 2772 igitur
811 2690 955 2755 instinctu
979 2690 1175 2772 cognacicnis
1192 2689 1295 2762 illecti,
1313 2709 1372 2773 quo

173 2798 316 2880 proximis
340 2797 494 2863 affinitatis
517 2799 663 2881 gradibus
688 2819 779 2862 unum
802 2818 925 2870 sumus,
953 2800 991 2863 de
1007 2808 1110 2864 nostra
1128 2806 1159 2863 et
1175 2800 1270 2864 nostri
1287 2800 1374 2881 regni

172 2907 350 2971 turbacione
373 2927 427 2990 per
443 2916 560 2973 vestras
578 2909 712 2972 scribitis
734 2909 851 2972 litteras
869 2928 928 2972 non
951 2909 1101 2973 immerito
1114 2926 1170 2972 vus
1186 2909 1226 2990 b)
1248 2908 1373 2972 turbari.

174 3017 367 3080 intendentes
401 3017 611 3081 nichilominus
644 3017 873 3100 precordialiter
903 3018 1069 3082 remedium
1109 3018 1271 3091 adhibere,
1315 3037 1373 3101 quo

173 3125 292 3189 turbata
308 3126 373 3189 iura
390 3128 476 3208 regni
495 3127 591 3190 nostri
607 3127 638 3190 in
655 3133 766 3190 statum
781 3127 917 3191 debitum
933 3134 1134 3200 revertantur,
1152 3148 1206 3191 uos
1224 3129 1372 3199 nimirum,
1425 3188 1428 3194 ,

175 3235 200 3297 si
217 3255 234 3298 a
251 3234 401 3317 principio
419 3236 588 3319 regiminis,
602 3236 727 3299 maxime
744 3237 908 3300 tenerrime
926 3237 1014 3302 etatis
1031 3245 1135 3301 nostre
1152 3236 1322 3318 primordiis
1336 3238 1374 3324 ¹),

174 3343 207 3406 in
238 3363 294 3407 nos
326 3343 439 3408 inimici
470 3344 599 3409 latentes
632 3344 758 3409 excubie
790 3344 917 3409 ubilibet
948 3347 1122 3418 valuerunt,
1164 3346 1223 3409 boc
1263 3347 1373 3411 nostris

175 3451 342 3516 minoribus
370 3453 550 3518 ascribimus
578 3456 664 3518 annis
693 3463 724 3520 et
752 3455 887 3519 dissidiis
921 3456 1130 3544 intestinis²)‚
1163 3476 1222 3518 non
1254 3455 1374 3538 quidem

175 3561 316 3643 potencie
339 3562 547 3636 adversantis,
576 3565 627 3647 qui
654 3566 760 3648 pocius
776 3565 901 3647 regibus
918 3564 1088 3646 ngarie
1106 3563 1233 3627 subesse
1249 3570 1375 3627 noverat

175 3689 234 3732 uon
251 3668 370 3734 obesse.
405 3671 493 3735 Nunc
522 3693 610 3745 vero,
639 3673 745 3737 celesti
771 3695 896 3737 munere
918 3675 1030 3737 uostris
1048 3673 1257 3737 crescentibus
1275 3672 1372 3744 annis,

175 3779 423 3861 prosperantibus
446 3781 608 3864 auspiciis,
638 3782 799 3847 discordiis
821 3783 993 3847 intrinsecis
1017 3783 1056 3848 ad
1078 3783 1269 3848 concordiam
1286 3802 1375 3845 revo-

177 3888 264 3959 catis,
281 3888 310 3951 in
328 3907 412 3972 spem
425 3890 599 3964 redivivam,
617 3891 708 3955 dante
720 3892 859 3965 Domino,
876 3893 1005 3957 redeunt
1017 3892 1166 3957 universa.
1184 3893 1223 3957 Et
1235 3893 1374 3977 quoniam

176 3997 213 4060 de
240 3998 324 4061 felici
351 3999 461 4063 unione
478 4001 659 4064 matrimonii
676 4010 777 4066 vestre
801 4001 879 4075 mie,
907 4002 1065 4067 karissime
1098 4010 1227 4085 cognate
1259 4009 1374 4077 nostre,

272 4181 306 4250 a)
322 4178 434 4237 ardente
446 4181 611 4235 turbacicnis
624 4181 682 4236 scie
696 4181 840 4238 Bodmann.
858 4213 886 4224 -
903 4184 935 4255 d)
950 4202 999 4237 nus
1013 4182 1043 4236 V.

177 4363 327 4374 —-..-.—
338 4369 502 4379 m,-

206 4485 230 4546 ¹)
247 4488 371 4534 Ludiztaus
388 4521 395 4534 .
414 4521 420 4534 .
439 4524 445 4536 .
463 4490 551 4535 babens
570 4491 659 4536 tantum
683 4491 713 4536 10
731 4505 806 4536 anuos
827 4493 897 4539 etatis
917 4493 1055 4540 coronatur.
1076 4494 1145 4540 cont.
1164 4495 1247 4540 Praed.
1269 4497 1369 4544 Viudnb.

162 4620 164 4625 ,
241 4571 279 4615 ed.
299 4571 454 4618 Watteubuch
466 4573 496 4618 Μ.
510 4574 538 4616 G.
549 4575 589 4618 SS.
602 4573 625 4627 9,
638 4573 686 4618 729
697 4573 726 4618 ιὰ
738 4587 759 4618 a.
773 4575 843 4621 1272.

200 4647 224 4710 2)
243 4653 299 4696 ltem
323 4652 345 4695 in
366 4653 466 4714 Ungariu
483 4655 555 4698 muita
572 4654 648 4712 spolia
665 4657 688 4701 et
705 4657 841 4702 occisiones
852 4656 972 4717 =nobilium
984 4658 1087 4705 vicissim
1105 4659 1159 4703 sunt
1176 4657 1286 4704 comissa.
1304 4659 1372 4712 Ocni.

242 4734 423 4780 Claustrouecb.
437 4736 465 4780 ad
478 4750 498 4782 a.
513 4736 583 4784 1275.
595 4738 625 4784 Μ.
639 4738 666 4784 G.
681 4739 721 4785 SS.
734 4738 759 4792 9,
772 4737 826 4790 ⁷44.
