3209 5392
1296 505 1374 580 323

177 675 345 757 detegitur,
370 676 490 740 iusticia
518 675 694 751 roboratur,
720 684 750 743 et
778 678 920 763 iniquitas
950 678 1109 762 effugatur.
1143 678 1229 744 Unde
1259 698 1375 753 omues,

178 785 229 869 qui
260 784 425 850 christiano
450 786 570 850 nomine
594 785 773 868 gloriantur,
797 795 937 872 possunt,
960 789 1050 852 immo
1075 788 1188 852 debent
1210 787 1249 852 ad
1273 794 1374 852 vestre

176 895 370 978 imperatorie
385 894 552 959 maiestatis
570 897 765 960 clemenciam
778 918 937 962 recurrere
946 916 1019 961 cum
1030 897 1142 962 fiducia
1154 896 1374 980 quodammodo

176 1003 322 1086 ampliori.
355 1003 431 1068 Nam
455 1003 541 1066 uobis
556 1004 702 1068 Dominus
727 1005 854 1071 contulit
876 1010 1056 1089 potestatem
1079 1005 1172 1088 gladii
1187 1005 1374 1087 temporalis,

177 1118 210 1176 ut
226 1112 383 1176 serenitati
399 1117 499 1176 vestre
517 1113 558 1176 sit
572 1114 738 1197 proprium,
764 1114 869 1178 orbem
894 1121 974 1179 terre
998 1115 1084 1178 freno
1109 1114 1183 1178 iuris
1201 1119 1232 1178 et
1255 1113 1373 1179 iusticie

178 1219 397 1300 constringere.
422 1219 520 1305 ,Ferit
537 1219 616 1284 euim
632 1240 686 1283 vos
702 1221 849 1286 Dominus
864 1223 1075 1304 imperatorem
1094 1221 1125 1283 in
1149 1220 1256 1294 terris,
1285 1239 1374 1305 quern

176 1328 331 1412 proprium
346 1329 597 1409 recognoscimus
614 1329 765 1394 dominum
783 1338 814 1394 et
838 1332 887 1394 oui
911 1336 1015 1395 nostra
1039 1331 1177 1394 subiacet
1200 1329 1318 1402 ciuitas,
1341 1334 1375 1393 ut

177 1455 231 1498 vos
249 1435 315 1500 sitis
332 1440 438 1500 contra
454 1435 560 1499 hostes
572 1436 643 1499 fidei
656 1438 818 1520 clyppeus,
835 1440 909 1503 iuris
923 1438 1076 1511 defensor,
1093 1444 1209 1503 amator
1221 1438 1373 1522 equitatis,

179 1547 360 1631 exstirpator
374 1546 505 1619 malicie,
529 1547 653 1611 sedator
669 1548 804 1612 scandali
830 1554 860 1613 et
883 1549 1035 1630 refugium
1058 1547 1264 1630 impotentum.
1297 1548 1374 1612 Nam

176 1662 312 1737 potestas
332 1655 452 1719 Cesaris
470 1662 628 1740 sperantes
645 1657 676 1720 iu
691 1658 814 1721 iusticia
831 1678 891 1721 non
907 1657 1044 1741 reliquit,
1070 1677 1232 1740 oppressos
1249 1656 1374 1731 relevat,

176 1765 325 1828 relevatos
342 1771 502 1838 sustentat,
520 1766 626 1829 viduas
643 1768 787 1849 protegit,
805 1767 955 1849 orphanos
972 1765 1191 1853 promoturo),
1207 1765 1374 1829 imbecilles

178 1874 314 1938 defendit
329 1876 378 1961 b),
394 1877 513 1941 refovet
529 1877 656 1949 debiles,
672 1883 842 1958 prostratos
859 1876 950 1959 erigit
967 1882 997 1941 et
1014 1881 1131 1941 erectos
1149 1875 1373 1940 corroboratio

177 1983 297 2047 virtute.

662 2164 663 2167 ‘
750 2193 813 2262 24.

510 2369 691 2453 bspcllsuus
709 2369 740 2433 ll.
757 2369 951 2433 Romanorum
967 2371 1040 2450 regl.

233 2530 284 2585 din
301 2531 407 2603 Kaplon
426 2528 500 2583 bottet
517 2529 594 2584 doen
607 2531 730 2591 Ferocem,
749 2527 795 2582 ibn
808 2527 909 2584 caeder
920 2527 950 2583 in
963 2527 1022 2584 sein
1034 2529 1108 2583 Houor
1120 2526 1318 2599 oufzuaebmcn.

263 2676 409 2732 lirnbubor
422 2677 527 2731 Summo
542 2675 615 2730 Petri
629 2674 663 2756 de
677 2673 771 2738 Hallis,
784 2675 885 2729 Fontes
899 2688 951 2727 rer.
962 2673 1053 2728 Austr.
1067 2672 1094 2737 6,
1105 2691 1131 2745 p.
1147 2672 1191 2729 51.
1205 2674 1316 2739 Stobbe,
1329 2689 1372 2728 no.

176 2765 238 2822 208.

263 2911 415 2976 bustratis
437 2931 492 2994 per
515 2910 618 2974 mundi
640 2911 769 2993 clymata
791 2910 926 2993 pluribus
949 2909 1125 2993 regionibus
1150 2914 1180 2973 et
1203 2909 1373 2992 peragratis

172 3042 227 3105 per
243 3019 403 3083 circuitum
418 3019 539 3102 lingwis
556 3025 587 3083 et
602 3018 742 3082 tribubus
760 3018 960 3083 diversimode
983 3019 1135 3090 nacionis,
1159 3019 1238 3082 inter
1254 3023 1374 3081 ceteros

172 3129 364 3213 presidentes
408 3126 607 3191 tribunalibus
650 3146 812 3209 personam
849 3131 979 3191 vestram
1023 3125 1257 3188 amantissimam
1300 3127 1489 3190 mibirnnoe.

172 3259 226 3322 pre
265 3238 375 3301 ceteris
407 3235 582 3299 mortalibus
614 3235 767 3318 praelegi,
799 3236 920 3318 gracius
959 3236 1102 3298 estimans
1134 3233 1272 3298 abiectus
1305 3256 1374 3299 csse

172 3349 203 3411 in
234 3352 336 3411 vestro
369 3344 498 3427 palatio,
533 3363 621 3427 quam
653 3345 683 3406 in
713 3362 821 3425 regum
852 3343 944 3406 curiis
976 3342 1146 3406 sublimium
1177 3343 1219 3404 uti
1248 3342 1373 3425 quibus-

174 3475 293 3540 cunque
326 3452 442 3516 deliciis
478 3453 696 3516 convivantum.
742 3452 861 3516 ldcirco
895 3451 1037 3534 princeps
1070 3450 1303 3514 clementissime
1343 3458 1374 3515 et

174 3562 309 3635 domine,
339 3561 377 3625 ad
416 3581 470 3626 vos
511 3560 549 3623 de
587 3565 713 3643 regione
735 3559 1005 3625 dissimilitudinis
1034 3558 1121 3623 velud
1157 3559 1195 3622 ad
1222 3546 1374 3642 refugium

173 3671 327 3755 singulare
350 3670 506 3752 coniugio,
527 3673 636 3753 petens
664 3670 817 3733 humiliter
840 3675 872 3733 et
888 3670 1070 3752 deposcens,
1093 3673 1126 3731 ot
1141 3688 1191 3732 me
1208 3667 1373 3751 dignemini

163 3783 203 3844 in
232 3781 336 3844 domos
365 3783 482 3842 vestras
510 3778 648 3860 recipere
676 3778 802 3860 pristine
831 3778 935 3861 gracie
962 3777 1096 3841 brachiis
1119 3777 1371 3859 amplectendum.

172 3892 239 3972 Ego
257 3889 353 3960 enim,
378 3888 442 3950 sive
458 3887 526 3950 rivo
543 3887 607 3950 sive
628 3887 756 3959 morior,
779 3866 1035 3968 vestris⁴semper
1056 3884 1256 3968 beneplacitis
1279 3905 1373 3970 coap-

171 3998 275 4068 tabor,
314 3996 438 4060 honoris
472 3994 567 4058 vestri
595 3995 699 4058 avidus
728 4001 759 4059 ct
786 3995 883 4078 glorie
910 3994 1089 4059 sitibundus,
1121 3995 1243 4058 Placeat
1270 3994 1373 4077 igitur,

173 4126 279 4192 queso,
297 4103 496 4169 dominacioni
513 4108 614 4167 vestre
631 4104 703 4187 quid
719 4123 813 4186 super
832 4104 891 4167 hoc
913 4104 944 4167 in
967 4109 1068 4168 vestro
1086 4104 1202 4187 geritur
1216 4104 1372 4187 proposito

144 4262 146 4266 -
171 4215 245 4279 milri
262 4213 432 4297 graciosius
449 4212 577 4295 aperire.

267 4396 301 4466 a)
315 4398 455 4467 protuetur
468 4411 510 4449 am
522 4393 614 4449 Raude
627 4393 657 4449 V.
672 4423 708 4434 -
721 4393 753 4463 d)
768 4393 895 4451 defensat
907 4395 936 4448 Z.
