3209 5392
1251 533 1300 601 27

105 710 336 775 ecclesiasticum
352 716 577 792 recognoscunt
594 708 633 795 a)
650 711 709 772 imo
726 710 920 791 appropriant
935 709 974 794 b)
988 709 1046 771 sibi
1065 706 1198 771 decimas
1216 706 1254 790 e)
1271 706 1301 768 in
1377 776 1381 783 ,

104 839 187 901 graue
214 820 381 882 animarum
403 838 524 882 suarum
539 818 703 901 periculum
720 817 761 904 d)
778 824 809 879 et
825 817 956 879 ecclesie
973 816 1150 879 universalis
1167 814 1302 896 preiudi·

105 928 191 998 cium,
213 927 292 990 unde
315 929 360 991 sic
383 935 506 1009 gravate
522 929 639 1010 prefate
662 926 792 990 ecclesie
810 923 962 988 subveniri
983 944 1038 1006 per
1059 922 1163 986 sedem
1178 926 1302 1005 aposto·

104 1037 184 1099 licam
199 1037 363 1117 postulavit
380 1035 425 1122 e).
445 1037 517 1099 Cum
535 1036 628 1117 igitur
644 1036 681 1098 de
698 1034 820 1116 negocii
837 1034 979 1116 qualitate
997 1053 1050 1095 seu
1068 1034 1196 1096 veritate
1212 1032 1419 1113 plenorum.

106 1140 201 1208 instrui
217 1165 278 1208 non
300 1145 469 1228 possimus,
492 1150 522 1207 et
544 1145 614 1227 quia
630 1144 672 1207 ibi
689 1149 736 1207 est
754 1142 790 1229 f)
807 1142 918 1206 veritas
935 1141 1126 1224 requirenda,
1146 1139 1198 1204 ubi
1217 1159 1301 1202 com-

104 1252 209 1315 modius
238 1253 320 1317 valet
347 1254 416 1316 elici
445 1260 476 1317 et
490 1253 531 1338 9)
552 1253 680 1316 lucidius
710 1252 874 1323 declarari,
908 1250 1089 1339 fraternitati
1117 1245 1217 1313 vestre
1248 1268 1303 1330 per

104 1361 258 1443 apostolica
292 1362 407 1444 scripta
438 1362 631 1434 mandamus,
664 1369 830 1446 quatenus,
862 1358 973 1442 prefixo
1005 1360 1141 1442 partibus
1173 1358 1300 1422 termino

104 1471 289 1552 conpetenti,
304 1470 342 1533 de
356 1470 436 1533 dicte
453 1470 584 1533 ecclesie
601 1470 708 1533 iniuria
725 1468 919 1551 cognoscatis
932 1469 1012 1540 etsi,
1026 1472 1189 1550 apparente
1202 1467 1300 1557 aliqua

104 1578 255 1642 occasione
272 1584 304 1642 et
317 1599 409 1642 causa
425 1576 466 1664 l]
481 1578 657 1641 racionabili
675 1599 729 1641 seu
745 1579 892 1649 honesta,
915 1577 995 1660 quod
1015 1574 1048 1661 τ)
1072 1576 1209 1658 predicto
1234 1575 1300 1657 epi-

103 1707 185 1770 scopo
198 1687 236 1752 ad
250 1687 367 1751 dandas
379 1687 533 1769 predictas
551 1687 683 1750 decimas
700 1694 870 1757 teneantur,
886 1691 958 1749 tunc
976 1685 1066 1748 iidem
1082 1684 1197 1748 nobiles
1214 1686 1297 1767 ipsas

104 1801 129 1859 et
142 1816 193 1879 per
207 1817 241 1858 se
259 1794 379 1859 solvant
394 1801 424 1858 et
440 1816 457 1859 a
471 1795 533 1857 suis
552 1795 626 1859 solvi
643 1796 767 1868 faciant,
781 1788 861 1859 omni
874 1795 1036 1860 occasione
1051 1802 1080 1859 et
1092 1794 1298 1877 appellacione

103 1904 303 1977 cessantibus,
332 1925 392 1968 non
419 1904 558 1968 obstante
587 1904 737 1968 contraria
765 1904 983 1968 consuetudine
1012 1905 1058 1967 vel
1086 1903 1198 1975 abusu,
1226 1901 1299 1966 alias

103 2015 210 2094 ponatis
227 2014 359 2077 interra
376 2033 480 2076 eorum
497 2013 740 2079 ecclesiasticum
756 2013 966 2086 interdictum,
990 2013 1131 2084 ulterius,
1154 2013 1180 2075 si
1197 2031 1299 2074 eorum

100 2123 225 2204 exegerit
241 2123 444 2194 contumacia,
460 2142 516 2204 per
531 2122 635 2185 sedem
651 2121 848 2203 apostolicam
865 2124 1049 2204 processuri,
1066 2127 1098 2186 ut
1115 2121 1211 2184 eciam
1226 2140 1299 2202 pro-

100 2230 217 2294 hibeatis
245 2230 288 2319 lt]
318 2231 440 2295 eosdem
478 2230 516 2295 ab
550 2230 687 2294 omnibus
719 2231 938 2295 ecclesiasticis
971 2231 1167 2295 sacramentis
1198 2237 1300 2312 preter

101 2342 276 2422 penitencias
298 2341 332 2428 l)
348 2346 379 2404 et
394 2341 574 2423 baptismata
590 2340 779 2423 parvulorum
801 2341 838 2428 ¹).

126 2596 290 2681 Exemplum
309 2597 524 2662 commissionis
537 2610 562 2646 m
556 2591 584 2678 )
601 2598 780 2661 secularium
796 2599 962 2679 prircipum
974 2599 1005 2660 lu
1019 2599 1118 2661 cursis
1129 2598 1269 2680 propriis.

183 2815 358 2878 Fridericus
380 2814 438 2877 Dei
461 2814 564 2896 gracia
580 2815 780 2878 Romanorum
804 2836 856 2876 rex
873 2834 992 2906 semper
1020 2821 1166 2895 augustus
1189 2815 1298 2878 dilecto

105 2921 201 2987 devoto
218 2944 272 2988 suo
290 2925 329 2987 N.
347 2923 414 2987 talis
431 2924 491 2987 loci
506 2924 654 3005 prefecto,
671 2924 804 3005 graciam
823 2932 955 2988 suamet
978 2945 1064 2988 omne
1087 2925 1207 2990 bonum.
1241 2928 1298 3001 Ne,

105 3030 181 3095 nobis
202 3034 284 3097 circa
314 3032 407 3095 ardua
433 3032 478 3095 rei
504 3031 624 3115 publice
652 3033 779 3114 negocia
807 3034 987 3116 prepeditis,
1011 3035 1159 3121 aliquibus
1181 3036 1298 3118 imperii

106 3145 188 3205 nostri
216 3142 295 3207 locis
322 3143 369 3205 ius
386 3142 605 3224 postulantibus
628 3148 752 3224 propter
775 3143 945 3207 diuturnam
967 3153 1100 3210 nostram
1125 3148 1298 3212 absenciam

106 3249 201 3315 deesse
230 3251 387 3323 videatur,
417 3250 554 3315 fidelitati
584 3257 652 3323 tue,
685 3252 721 3314 de
753 3271 812 3335 qua
842 3253 960 3335 plenam
987 3255 1132 3320 habemus
1159 3257 1298 3321 fiduciam

15 3438 16 3441 Ἴ
107 3361 259 3424 secundum
278 3360 378 3442 operis
396 3359 581 3422 evidenciam
597 3357 684 3422 nobis
701 3365 732 3422 et
747 3361 873 3443 imperio
890 3362 1002 3443 pluries
1019 3365 1198 3439 exhibitam,
1214 3387 1299 3430 com-

15 3466 17 3515 i
111 3468 240 3533 mittimus
273 3468 418 3551 imperiali
448 3468 627 3531 auctoritate
654 3488 709 3550 per
732 3489 835 3531 omnes
858 3470 894 3531 N.
919 3470 1075 3536 districtus
1096 3482 1215 3545 nostros
1237 3482 1299 3539 tam

15 3588 16 3655 j
110 3579 251 3659 sauguinis
272 3599 360 3662 quarn
376 3598 535 3640 causarum
552 3580 682 3640 omnium
695 3578 733 3641 ad
750 3578 905 3660 imperium
922 3582 1139 3662 pertinencium
1156 3586 1298 3649 iudicium

15 3676 16 3749 J
111 3684 255 3751 exercendi
274 3689 530 3751 etauctoritatem
552 3692 671 3751 nostros
695 3686 808 3750 ibidem
829 3690 964 3753 redditus
987 3694 1176 3777 requirendi,
1197 3697 1299 3777 preci-

15 3792 16 3825 ³
111 3793 213 3873 pientes
233 3804 297 3860 tam
313 3793 462 3859 nobilibus
480 3815 568 3878 quam
584 3796 651 3858 aliis
668 3816 771 3859 eorum
788 3796 978 3862 districtuum
999 3808 1168 3866 nostrorum
1191 3806 1297 3869 incolis

112 3901 158 3964 sub
173 3905 294 3969 obtentu
311 3905 415 3986 gracie
443 3908 545 3967 nostre
573 3923 609 3967 ac
625 3924 702 3986 pena
718 3906 971 3989 proscripcionis,
993 3914 1024 3971 et
1047 3911 1103 3973 sub
1120 3913 1298 3979 detencione

197 4088 230 4162 a)
245 4090 411 4159 cognoscant
425 4093 453 4139 et
464 4087 491 4140 Ζ
511 4115 537 4125 -
554 4085 587 4154 b)
606 4092 755 4171 appareant
771 4088 800 4140 Z.
817 4121 847 4132 -
863 4091 894 4158 c)
908 4091 933 4143 d.
953 4097 1113 4148 memoratas
1131 4095 1158 4149 Z.
1173 4127 1208 4135 -
1222 4097 1257 4165 d)
1271 4102 1299 4153 et

15 4184 16 4251 ᾗ
115 4176 216 4234 ecclesie
229 4178 388 4232 universalis
402 4177 577 4247 preludicium
591 4176 659 4231 icblt
671 4178 699 4231 Z.
708 4179 779 4247 -e)
799 4182 937 4251 postulant
949 4183 977 4235 Z.
990 4213 1022 4221 —
1035 4183 1068 4255 f)
1082 4190 1123 4238 est
1134 4187 1206 4241 tobit
1219 4189 1248 4243 V.
1267 4219 1294 4229 —

15 4274 16 4327 j
117 4264 146 4334 p)
162 4269 198 4321 rel
215 4271 240 4324 Z.
263 4303 292 4311 -
309 4268 345 4339 h)
363 4273 417 4323 tam
435 4269 465 4323 ll.
483 4299 510 4308 -
527 4269 554 4337 i)
574 4269 646 4339 quod
671 4269 739 4323 ieblt
763 4269 792 4324 V.
808 4302 840 4310 -
854 4270 889 4341 a)
910 4273 1033 4327 videlicet
1052 4278 1209 4347 prohibeant
1222 4281 1249 4336 Ζ.
1266 4313 1295 4324 -

117 4355 138 4423 l)
150 4374 173 4428 p.
185 4362 353 4417 moriencium
362 4361 390 4414 Ζ.
406 4390 436 4400 -
452 4361 494 4429 m)
508 4360 701 4416 commissionis
714 4361 783 4417 fehlt
796 4363 825 4417 V.

120 4530 430 4551 ᾕ--ι-ι--ι

149 4669 170 4729 ¹)
179 4673 218 4719 liic
227 4674 378 4732 dusiiibrurg
389 4676 467 4722 deses
481 4677 607 4737 duitrsges
624 4679 691 4726 siche
708 4685 779 4726 untcu
797 4682 820 4727 8.
836 4681 867 4727 30
878 4679 901 4727 iu
920 4683 963 4727 der
979 4684 1052 4730 formu
1069 4686 1194 4733 ritacinnis
1205 4689 1251 4733 uud
1270 4691 1298 4734 im

176 4754 283 4820 Vsrtotg:
297 4758 499 4806 Procuratorium.
