3209 5392
1272 511 1321 583 93

146 682 323 746 mortelitutis
349 684 382 746 in
407 685 498 747 tomis
525 685 607 749 risus
631 692 678 751 est
700 692 731 750 et
751 701 822 752 cum
842 687 1012 752 bominibus
1035 693 1251 757 conversatus,
1279 686 1330 769 qui

145 790 267 862 cedem,
283 797 315 854 ut
331 797 433 856 nostro
449 789 602 858 servitutis
617 795 841 878 cyrographum
856 815 912 860 suo
929 796 1077 878 sunguine
1093 794 1275 859 concellcrct
1299 798 1330 856 et
1384 865 1391 878 x

141 879 198 983 ‘por
212 898 405 984 temporalem
417 909 543 969 mortem
560 905 659 986 legem
674 906 779 970 mortis
796 906 932 970 suboleret
954 913 1069 977 eterne,
1091 923 1150 967 non
1172 903 1332 966 declinavit

144 1009 310 1092 obprobrio,
326 1027 387 1075 nou
403 1027 437 1077 se
453 1015 599 1078 subtraxit
614 1014 742 1089 iniuriis,
767 1016 822 1079 sed
838 1015 922 1079 cruci
938 1036 972 1078 se
990 1011 1097 1079 obtulit
1119 1019 1150 1077 et
1164 1012 1329 1076 cmeicuti-

146 1117 198 1183 bus
220 1116 298 1185 ulmo
315 1122 408 1186 dedit.
441 1124 527 1188 Unde
543 1124 581 1189 ud
597 1121 709 1190 consti
731 1141 866 1189 mensum
881 1125 981 1189 vocati
998 1124 1171 1188 christicole
1188 1123 1213 1185 si
1230 1122 1330 1184 consi-

145 1226 244 1292 derare
271 1231 361 1293 velint
375 1232 526 1313 oppositu,
547 1237 579 1296 et
600 1237 634 1296 nt
654 1231 713 1314 ipsi
734 1231 844 1295 similis
859 1237 1038 1315 preparent,
1066 1230 1104 1294 sd
1120 1229 1221 1293 crucis
1238 1228 1329 1291 obse·

146 1336 242 1420 quium
259 1359 318 1402 nou
334 1345 449 1403 tantum
466 1359 558 1404 cruce
575 1339 697 1422 signati,
714 1340 819 1428 sedo)
837 1345 868 1402 et
883 1339 933 1403 alii
949 1361 983 1402 se
999 1340 1169 1422 accingunt.

538 1544 581 1605 lte
597 1544 792 1625 temperentia
806 1544 936 1608 lustlols.

648 1667 776 1713 [stetissetis
793 1668 830 1712 lx.

229 1797 277 1864 sc
298 1800 358 1864 boc
379 1802 461 1865 Deus
483 1802 515 1865 in
535 1802 610 1866 sede
632 1803 800 1886 apostolico
822 1802 980 1866 constituit
1000 1800 1215 1884 plenitudinem
1245 1801 1334 1880 pote-

146 1908 247 1981 stutis,
264 1915 300 1972 ut
313 1907 465 1975 llomcnus
487 1911 636 1994 pontifex,
664 1912 715 1996 qui
737 1912 838 1976 eleves
860 1912 891 1974 in
912 1911 1001 1975 besto
1017 1909 1106 1974 Petro
1127 1905 1287 1991 potestatis
1302 1911 1334 1967 et

143 2016 341 2081 mscoeciouis
363 2019 499 2102 occepit,
526 2033 606 2083 nnnc
629 2021 761 2102 rigorem
784 2025 940 2092 exerceat,
968 2033 1047 2083 nunc
1074 2012 1334 2081 monsuetudinem

144 2133 320 2209 componet,
335 2128 572 2192 misericordium
589 2143 709 2212 semper
724 2129 836 2193 iudicio
852 2128 1060 2211 preferendos

235 2237 319 2303 item
335 2236 385 2325 ὁ).
417 2237 516 2301 Archo
547 2238 676 2311 sederis,
720 2253 779 2321 que
820 2238 935 2320 virgam
965 2233 1139 2300 connnebst
1169 2238 1200 2297 et
1226 2247 1335 2294 menos

145 2350 213 2427 pect
234 2363 249 2409 s
273 2341 394 2428 providi
416 2346 582 2430 prefigurat
602 2348 751 2430 pastoris,
797 2348 828 2410 in
852 2365 911 2431 quo
932 2346 1017 2428 rigor
1037 2343 1158 2409 iusticie
1181 2347 1211 2405 et
1226 2340 1335 2403 lenitus

146 2454 357 2519 misericordie
382 2455 500 2538 pariter
525 2457 733 2531 continentur,
769 2465 803 2521 ut
831 2457 911 2540 quod
940 2473 1019 2539 pons
1048 2457 1212 2534 exaggeret
1237 2451 1336 2532 pietas

146 2565 233 2632 brist
249 2561 423 2629 successiri
438 2566 663 2630 resteumoione
680 2565 806 2630 remedii
821 2563 921 2630 inluso
937 2571 1007 2647 post
1021 2565 1122 2627 unum
1144 2561 1210 2624 oleo
1232 2560 1338 2623 vulne-

145 2669 226 2739 ribus
241 2673 384 2739 morien.

505 2877 549 2941 bo
565 2880 644 2942 bers
657 2880 742 2961 pects
759 2882 790 2942 et
806 2877 971 2941 eiusne.

235 3035 322 3101 Inter
349 3037 521 3110 commoda,
552 3058 611 3122 que
639 3038 677 3102 de
705 3058 781 3121 pace
804 3035 999 3120 proveniunt,
1027 3033 1057 3097 id
1079 3031 1250 3096 metitnntes
1274 3050 1342 3092 csse

150 3148 349 3230 potissimum,
377 3143 458 3232 quod
484 3147 605 3230 pacifici
632 3154 794 3213 censentur
822 3156 852 3211 et
879 3152 949 3211 sunt
970 3143 1007 3208 de
1030 3129 1153 3207 numero
1175 3141 1343 3214 beatorum,

150 3253 282 3321 libenter
297 3253 336 3343 θ]
367 3277 456 3341 quem
482 3277 642 3344 possumus
671 3259 775 3325 demus
808 3273 946 3341 operum,
991 3253 1240 3339 quemadmodum
1271 3269 1343 3313 cura

151 3364 311 3448 pastoralis
339 3364 430 3429 officii
446 3365 488 3454 ol)
504 3368 644 3452 requirit,
673 3367 769 3451 quod,
797 3368 863 3450 ipso
879 3368 944 3431 Deo
960 3364 1113 3448 propicio,
1139 3362 1219 3425 inter
1241 3358 1341 3422 omnio

152 3475 301 3541 habeatur
316 3481 346 3539 et
361 3476 463 3559 vigeat
480 3475 529 3562 e),
546 3477 601 3541 sed
615 3477 759 3559 precipue
772 3477 852 3540 inter
863 3475 944 3539 viros
957 3471 1132 3556 magnificos
1144 3471 1176 3533 in
1192 3465 1344 3534 discordie

155 3586 344 3649 constitutos.

242 3698 331 3758 Item.
364 3694 445 3758 luter
472 3700 591 3784 cetere,
619 3714 678 3778 que
705 3694 837 3757 animum
855 3699 1000 3755 nostrum
1027 3687 1188 3753 insultibus
1206 3687 1344 3769 inpetunt

157 3802 351 3874 successivis,
366 3802 437 3866 illud
454 3803 619 3886 apostolice
636 3802 845 3866 sollicitudinis
863 3800 1028 3883 cogitatum
1045 3796 1195 3881 frequenti
1217 3793 1346 3857 medita·

158 3911 241 3975 mone
257 3916 414 3994 perurget,
431 3913 464 3975 ut
479 3906 584 3974 fideles
602 3907 731 3974 ecclesie
749 3909 926 3992 calumpniis
943 3903 1064 3989 agitati,
1087 3925 1146 3968 nou
1168 3902 1346 3967 deficiantur

156 4019 211 4083 sub
238 4018 405 4103 dispendiis
433 4021 634 4104 questionum,
663 4020 717 4082 sed
744 4017 863 4090 litibus,
893 4037 950 4101 que
978 4020 1102 4098 propter
1132 4011 1348 4076 intricuciones

160 4130 293 4210 porcium
310 4135 342 4191 ct
358 4125 481 4212 diffugis
497 4126 680 4193 simultatum
696 4128 836 4192 videntur
850 4121 916 4189 fieri
933 4123 1151 4210 quodammodo
1173 4119 1346 4184 inmortales

161 4236 227 4301 fluis
245 4238 411 4303 amicabilis
426 4238 595 4321 inponetur.

225 4343 228 4348 ⁴
256 4343 335 4413 Item
353 4343 400 4435 b).
424 4345 602 4429 Unigenitus
618 4343 675 4410 Dei
691 4341 768 4410 filius
784 4343 877 4409 lesus
893 4339 1043 4414 Christus,
1060 4340 1111 4425 qui
1126 4343 1160 4404 ut
1174 4337 1352 4402 reconcilia-

162 4462 209 4520 ret
224 4473 343 4521 serrum
358 4453 484 4520 Domino
501 4456 539 4519 od
555 4471 624 4539 yma
640 4451 797 4519 descendit
810 4451 847 4516 de
860 4453 969 4516 mundo
983 4450 1163 4516 transiturus
1179 4445 1218 4511 ad
1234 4452 1351 4530 putrem

253 4630 285 4703 o)
300 4630 347 4683 sed
362 4646 403 4683 em
416 4628 512 4682 Rsnde.
524 4628 593 4697 -t)
612 4629 644 4682 ud
658 4628 727 4682 idem
745 4630 771 4680 Z.
787 4628 859 4695 —o)
870 4591 951 4695 igitur
971 4642 1001 4677 zu
1021 4629 1151 4694 orgiuzen
1168 4652 1195 4661 -
1213 4622 1246 4686 d)
1262 4619 1351 4673 omem

167 4740 207 4775 sun
226 4721 315 4774 Raude
330 4720 359 4773 V.
372 4749 409 4759 -
422 4720 452 4788 c)
468 4737 520 4789 pax
532 4737 564 4772 ru
577 4727 717 4790 ergtucen.
