3209 5392
1297 469 1346 541 55

160 649 227 711 eius
254 647 335 711 Petri
365 653 395 709 et
422 645 503 708 Pauli
531 645 619 707 talem
640 644 738 706 locum
766 645 813 706 vel
840 645 928 707 talem
944 665 1104 727 personam
1126 645 1299 709 eximimus“
1319 651 1350 708 et

161 758 283 859 additur
300 755 499 819 comminatio.
518 794 562 802 -
577 753 748 835 Exemplum
764 753 850 816 infra.

425 860 527 948 lerna
543 885 739 966 exemptionis
755 884 924 965 personalis
948 887 979 948 et
995 883 1111 948 loculis.
1151 951 1153 953 ,

254 1008 420 1091 Gregorius
444 1029 490 1090 ep.
515 1029 539 1070 s.
564 1029 588 1070 s.
610 1008 669 1070 Dei
698 1007 747 1069 dil.
767 1007 798 1069 in
815 1006 884 1070 Chr.
914 1007 973 1070 lilio
1002 1007 1165 1070 venerabili
1192 1008 1293 1072 abbati
1322 1015 1352 1072 et

161 1119 291 1201 capitulo
304 1118 372 1181 talis
384 1117 443 1181 loci
458 1118 591 1180 salutem.
611 1116 707 1180 Sedes
725 1116 899 1197 apostolica,
913 1115 1160 1199 quemadmodum
1177 1123 1293 1181 constat
1300 1119 1351 1206 a),

159 1227 263 1309 largos
281 1233 312 1290 et
327 1226 488 1290 latissimos
504 1225 597 1288 habet
612 1225 755 1287 terminos
771 1225 928 1306 potestatis
945 1225 983 1286 ab
1000 1244 1036 1287 ea
1051 1225 1206 1289 verissime
1224 1228 1353 1291 descen-

162 1336 282 1407 dentes,
300 1335 350 1418 qui
379 1341 409 1397 et
437 1355 540 1397 eorum
568 1353 624 1416 que
652 1333 683 1395 in
711 1333 784 1394 celis
807 1337 876 1395 sunt
897 1338 928 1395 et
949 1333 980 1397 in
1000 1337 1088 1399 terris
1106 1336 1353 1418 omnipotentatui

162 1444 372 1515 dominantur,
394 1442 479 1524 cujus
501 1447 635 1524 potestas
660 1461 716 1504 nec
732 1440 837 1522 incipit
853 1461 909 1503 nec
927 1443 1035 1506 desinit
1049 1446 1080 1507 in
1096 1446 1197 1508 secula
1213 1446 1256 1507 sic
1274 1446 1354 1529 quod

160 1551 381 1615 rationabiliter
397 1558 428 1614 et
449 1536 527 1614 iuste
543 1550 729 1622 latitudinem
743 1551 902 1632 potestatis
918 1552 1065 1633 largitatis
1089 1556 1215 1637 quadarn
1236 1556 1353 1636 magni-

163 1662 286 1725 ficentia
306 1662 476 1743 locupletat.
509 1660 680 1722 Thesaurus
704 1660 781 1722 enim
809 1661 872 1722 eius
899 1660 1085 1725 indeiticiens
1118 1669 1292 1745 perseverat
1325 1669 1355 1726 et

162 1773 242 1854 ipse,
258 1771 412 1852 largiendo
430 1775 461 1832 et
477 1768 681 1832 distribuendo
697 1769 841 1850 hylariter
856 1769 1028 1832 thesaurum
1044 1791 1131 1854 quem
1147 1772 1249 1844 habet,
1266 1772 1355 1835 ditior

161 1879 304 1952 efficitur,
322 1880 391 1942 dum
406 1876 623 1959 magnificando
640 1876 773 1949 membra
780 1876 818 1963 b)
826 1897 880 1939 sua
894 1879 1056 1941 eorundem
1068 1870 1271 1960 magnitudine
1288 1886 1355 1942 tan-

161 2010 253 2073 quam
269 1989 428 2071 glorlosior
443 1988 615 2050 honoratur.
648 1985 723 2048 Hinc
741 1990 787 2047 est
805 1985 884 2067 quod
899 2007 965 2058 nos,
983 1991 1033 2050 tua
1050 1992 1080 2050 et
1096 1990 1221 2051 fratrum
1236 1994 1355 2052 tuorum

163 2098 325 2164 devotione
345 2078 448 2159 sedula
459 2097 610 2177 inspecta,
628 2095 665 2156 ad
681 2093 803 2156 honoris
821 2095 864 2156 tui
880 2095 996 2156 eulmen
1013 2100 1043 2158 et
1060 2097 1188 2159 ecclesie
1205 2102 1255 2158 tue
1273 2117 1355 2159 com-

155 2196 286 2270 modum
299 2212 329 2268 et
341 2192 518 2287 protectum,
533 2203 663 2285 speciale
675 2203 729 2266 tibi
742 2194 847 2266 munus
865 2205 1029 2278 exibentes,
1046 2205 1215 2269 immediate
1229 2208 1267 2293 c)
1283 2226 1357 2288 apo-

162 2314 273 2379 stolica
291 2313 479 2396 protectione
503 2317 533 2374 et
554 2312 647 2374 tutela
667 2312 800 2374 volumus
822 2318 852 2375 te
874 2313 1024 2393 gaudere,
1047 2315 1207 2377 eeclesiam
1228 2320 1309 2377 tuam
1326 2321 1356 2378 et

159 2443 322 2504 personam
339 2422 501 2509 eximentes
518 2419 648 2494 ab‘omni
660 2420 998 2506 iured)metropolitani
1012 2428 1042 2485 et
1058 2423 1218 2504 dyocesani
1236 2407 1355 2505 episco-

161 2552 287 2613 porum,
315 2531 357 2592 ita
385 2535 417 2592 ut
444 2530 554 2592 nullum
581 2529 892 2610 respectumhabeas
920 2536 951 2592 tu
979 2537 1010 2594 et
1038 2532 1168 2596 ecclesia
1189 2539 1239 2596 tua
1262 2538 1292 2595 et
1312 2533 1356 2595 tui

161 2641 308 2702 intrantes
326 2638 470 2701 canonice
488 2657 682 2700 successores
699 2622 890 2719 preterquam
907 2639 944 2700 ad
960 2641 1123 2703 Romanum
1138 2641 1309 2724 pontificem
1324 2641 1355 2704 in

160 2747 299 2813 omnibus
307 2747 364 2810 tuis
372 2746 497 2828 agendis
505 2746 635 2828 negotiis
648 2753 738 2828 atque
753 2746 863 2819 causis,
877 2753 907 2809 et
919 2752 951 2809 ut
967 2750 1354 2837 nunquameJliceatalicui

157 2858 189 2920 in
203 2857 335 2919 ecclesia
347 2864 397 2919 tua
410 2856 601 2919 interdictum
613 2876 724 2937 ponere
733 2858 1000 2939 qualecunquenec
1009 2877 1186 2941 quemquam
1197 2858 1234 2920 de
1247 2879 1355 2940 perso·

157 2967 204 3029 nis
222 2965 287 3029 eius
305 2965 501 3027 anathematis
518 2964 776 3029 animadversione
792 2965 898 3046 punire
922 2965 980 3027 nisi
1008 2966 1045 3028 de
1075 2967 1156 3028 sedis
1188 2967 1352 3049 apostolice

154 3074 280 3137 licentia
296 3073 428 3156 speciali.
446 3073 479 3135 ln
487 3073 596 3135 virtute
612 3073 704 3154 igitur
718 3079 747 3136 et
764 3074 862 3154 gratia
879 3074 1104 3156 spiritussancti
1118 3082 1147 3138 et
1164 3075 1353 3138 subattesta-

157 3184 239 3247 tione
257 3183 386 3245 districti
404 3182 544 3244 examinis
552 3181 733 3264 precipimus
743 3184 1116 3265 etmaudamus‚quatenus
1124 3183 1352 3247 nullihominum

156 3292 248 3356 buius
273 3291 468 3373 exemptionis
495 3290 664 3353 libertatem
685 3290 850 3354 inminuere
863 3299 914 3355 aut
929 3291 1094 3383 infringere
1111 3292 1220 3356 audeat
1233 3313 1351 3375 quoquo

159 3402 258 3465 modo.
290 3401 324 3464 si
337 3400 402 3482 quis
417 3405 516 3462 autem
529 3399 709 3462 contrarium
728 3399 1200 3482 attemptaverit,indignationem
1217 3401 1351 3484 omnipo-

157 3511 255 3581 tentis,
270 3510 329 3573 Dei
352 3514 383 3571 et
404 3510 604 3591 apostolorum
627 3508 690 3570 eius
711 3508 793 3571 Petri
816 3515 846 3572 et
867 3509 949 3572 Pauli
966 3514 997 3572 et
1026 3514 1157 3584 nostram
1185 3531 1218 3572 se
1235 3512 1352 3574 noverit

163 3619 339 3681 incurrisse.

248 3729 281 3791 ln
309 3726 456 3809 premissa
482 3727 578 3789 forma
606 3726 773 3790 ostenditur
800 3727 896 3790 forma
925 3727 1120 3809 exemptionis
1136 3726 1301 3809 personalis
1320 3734 1350 3790 et

155 3837 277 3909 localis;
318 3843 349 3899 et
382 3837 545 3899 secundum
583 3836 660 3898 hanc
700 3838 827 3899 formam
864 3842 951 3918 potes
987 3837 1117 3899 formare
1152 3835 1349 3899 universalem

156 3953 185 4009 et
199 3946 423 4028 particularem,
441 3965 497 4028 que
514 3950 613 4007 tamen
629 3945 724 4007 minus
740 3946 849 4009 usitate
866 3951 935 4008 sunt
949 3951 1090 4028 respectu
1106 3945 1246 4027 priorum.

527 4077 681 4139 tractatus
698 4076 734 4138 de
750 4076 981 4140 visitationibus.

653 4181 780 4227 restinctio
794 4182 852 4227 xvv.
922 4224 924 4227 ,

242 4282 381 4348 Visitatio
411 4288 457 4344 est
485 4281 602 4363 quando
631 4280 767 4344 dominus
794 4301 872 4364 papa
900 4281 937 4344 de
965 4282 1088 4344 alieuius
1116 4283 1271 4364 provincia
1299 4285 1344 4347 vel

155 4401 232 4458 statu
250 4392 287 4481 i)
305 4392 435 4455 ecclesie
453 4391 596 4477 sollicitus
614 4390 815 4454 visitationem
832 4391 896 4453 eius
913 4391 1001 4454 alicui
1024 4393 1151 4474 delegat.
1184 4394 1223 4455 Et
1238 4399 1345 4456 notan-

155 4506 234 4577 dum,
251 4503 331 4586 quod
348 4500 471 4585 quilibet
485 4499 575 4563 iudex
591 4500 826 4572 ecclesiasticus,
840 4501 890 4584 qui
902 4500 993 4564 habet
1005 4503 1212 4565 auctoritatem
1227 4523 1342 4585 opopa,
1353 4529 1398 4568 ru.
1409 4529 1462 4568 rra.
1528 4495 1531 4500 ¹

243 4631 277 4700 a)
293 4634 401 4686 constat
412 4628 480 4681 fehlt
493 4627 522 4680 V.
539 4660 568 4668 -
585 4626 615 4694 b)
629 4628 739 4681 menbra
752 4628 780 4681 V.
792 4659 820 4667 -
831 4630 859 4696 c)
874 4629 899 4682 in
913 4629 1053 4683 medietate
1066 4630 1095 4683 V.
1113 4660 1141 4669 -
1157 4629 1191 4698 d)
1204 4629 1261 4684 iure
1274 4629 1343 4682 fehlt

124 4781 131 4795 ⁸
155 4722 184 4777 V.
199 4755 228 4764 -
244 4726 274 4795 e)
291 4739 413 4802 umquam
428 4722 456 4776 V.
475 4751 501 4759 -
518 4717 549 4788 f)
564 4721 634 4772 statu
648 4717 717 4770 fehlt
730 4719 759 4772 V.
