3209 5392
732 1646 762 1720 Ι.

230 1899 427 2017 Incipiunt
447 1900 564 1991 litere
588 1905 764 2021 papales,
787 1902 1015 2020 imperiales
1039 1910 1081 1994 ct
1100 1906 1269 2021 regales.

733 2250 767 2321 1.

152 2447 339 2511 habitatores
362 2451 443 2510 terre
465 2450 570 2510 sancte
593 2446 762 2529 supplicant
777 2446 927 2510 ltrlderlco
950 2447 1124 2528 inperatori
1146 2466 1201 2530 pro
1225 2447 1361 2535 anxilio,

242 2621 481 2706 Magnitudinem
493 2623 608 2704 regiam
626 2625 721 2685 latere
737 2641 797 2685 non
815 2623 975 2694 credimus,
990 2623 1110 2707 quantis
1128 2629 1267 2707 oporteat
1280 2646 1351 2709 cys·

152 2734 268 2796 marine
302 2731 531 2795 christianitatis
564 2732 720 2794 residuum
749 2716 896 2795 adversus
925 2732 1051 2796 hostiles
1085 2732 1220 2816 insydias
1249 2735 1350 2797 muni-

152 2841 302 2912 cionibus,
320 2844 426 2904 contra
442 2839 675 2903 inenarrabilem
691 2841 810 2923 tyranm
826 2841 997 2923 potenciam
1013 2840 1166 2913 remediis,
1181 2846 1351 2926 atquepre-

152 2949 238 3014 sidiis
261 2953 366 3012 contra
389 2948 530 3011 draconis
553 2948 652 3017 virus,
678 2967 737 3031 quo
754 2950 840 3031 regio
856 2954 920 3013 tota
936 2950 1149 3021 confunditur,
1172 2952 1348 3034 premuniti.

151 3060 261 3122 Latere
289 3059 381 3121 etiarn
403 3076 457 3119 vos
481 3075 541 3120 non
564 3056 732 3128 credimus,
761 3061 875 3143 quanta
890 3058 1063 3139 patriarcha
1077 3058 1350 3122 Jerusalcmitanus

154 3167 287 3237 humilis,
304 3166 447 3248 religiose
463 3165 570 3227 domus
587 3170 618 3228 et
634 3169 740 3239 ceteri,
757 3172 820 3229 tam
837 3165 954 3229 nobiles
972 3186 1060 3252 quam
1077 3166 1177 3251 plebei
1193 3168 1351 3253 utriusque

152 3275 341 3340 condicionis
360 3278 390 3336 et
407 3273 532 3355 gradus,
550 3279 675 3355 propter
686 3274 832 3359 preterita
839 3276 1219 3356 gwerrarumdiscrimina,
1228 3283 1351 3360 propter

152 3385 301 3449 maliciam
317 3384 461 3465 temporis
479 3387 509 3446 et
524 3384 659 3447 locorum
674 3384 789 3447 excidia
808 3389 838 3447 et
855 3404 945 3447 casus
958 3385 1058 3448 varios
1070 3387 1260 3468 populorum,
1273 3408 1349 3470 pau-

151 3493 277 3578 pertatis
301 3492 378 3555 mole
401 3497 587 3574 premuntur,
611 3492 792 3578 quantisque
816 3492 988 3555 alliciuntur
1011 3493 1140 3559 miseriis
1157 3501 1187 3558 ct
1205 3497 1351 3578 egestatis

151 3607 286 3665 extreme
308 3601 447 3668 articulo.
477 3601 556 3663 nulla
580 3602 624 3663 eis
651 3602 720 3664 data
741 3602 858 3683 requie,
882 3601 1024 3687 nulloque
1048 3602 1118 3675 illis,
1144 3604 1176 3666 in
1200 3608 1351 3668 tantorum
1397 3614 1398 3619 ’

154 3710 358 3794 periculorum
375 3710 547 3773 discrimine
564 3710 748 3780 constitutis,
771 3710 956 3791 suffragante
974 3711 1120 3784 subsidio,
1145 3717 1349 3776 conterantur.

151 3819 261 3882 Latere
278 3823 431 3900 postremo
448 3841 502 3884 ros
520 3820 750 3902 concupimus,
768 3820 799 3881 in
817 3824 958 3901 quantam
974 3819 1071 3882 hostis
1088 3819 1235 3902 Egyptins
1253 3842 1288 3884 eu
1304 3821 1351 3884 in-

151 3926 341 3990 sufficiencia
363 3928 468 3991 virium
492 3933 594 3992 nostre
618 3928 713 4010 partis
737 3933 784 3991 est
806 3929 903 3991 elatus
921 3927 1104 4009 superbiam,
1128 3948 1278 4012 quamque
1295 3930 1351 3992 im·

150 4036 279 4099 maniter
300 4036 379 4098 idem
396 4037 536 4100 manibus
553 4036 731 4100 madefactis
751 4042 781 4099 ct
797 4036 898 4118 gladio
921 4038 951 4099 iu
975 4038 1124 4119 sanguiue
1141 4036 1254 4100 Christi
1275 4035 1351 4101 lide·

149 4144 221 4208 lium
244 4145 457 4209 miserabiliter
479 4147 565 4227 regni
582 4147 738 4218 Armenic‚
761 4165 817 4228 per
840 4144 946 4227 viginti
971 4145 1086 4207 dierum
1109 4145 1243 4227 spacium
1268 4146 1351 4208 circa

151 4258 284 4335 stragem
300 4254 487 4326 vivencium,
511 4254 649 4317 incendia
669 4254 805 4316 villarum
823 4258 853 4317 et
870 4252 987 4316 urbium
1005 4258 1035 4315 et
1051 4251 1169 4315 finalem
1187 4253 1351 4336 depopula-

152 4363 271 4426 cionem
288 4365 430 4435 omnium,
448 4385 507 4448 que
524 4364 620 4448 potuit
636 4364 805 4445 impetuose
825 4363 985 4444 attingere,
1004 4361 1192 4425 debachatur
1198 4383 1208 4434 ;
1237 4362 1350 4426 ibidem

151 4491 270 4557 quoque
288 4472 568 4535 immisericorditer
584 4471 698 4535 rabiem
718 4471 755 4534 ab
773 4472 843 4533 olim
861 4471 1000 4553 concepti
1023 4471 1134 4534 luroris
1152 4472 1298 4553 explevit,
1321 4476 1351 4534 et

149 4600 244 4663 regno
269 4582 415 4663 dissipato
439 4580 612 4643 huiusmodi
634 4600 669 4642 ac
693 4580 827 4642 totaliter
850 4580 985 4642 desolato
1008 4580 1039 4642 in
1063 4580 1217 4661 regionem
1235 4581 1350 4662 Antyo-

151 4709 256 4753 cenam
273 4690 421 4774 pervenit,
440 4688 553 4773 ibique,
572 4696 604 4752 ut
620 4689 726 4758 fertur,
744 4690 910 4780 cumomni
928 4692 1052 4774 totoque
1070 4708 1124 4751 suo
1143 4688 1277 4752 exercitu
1294 4707 1350 4772 po-

1077 4812 1132 4867 27*
