3209 5392
285 491 363 564 374

282 666 340 730 lice
356 665 553 751 relinquimus
570 670 601 729 et
617 665 793 750 exponimus
813 667 1011 732 dirimendam
1033 668 1078 756 1);
1102 688 1156 751 pro
1173 673 1258 732 certo
1275 673 1306 732 et
1330 663 1475 733 constanti

283 780 439 848 tenentes,
468 774 548 859 quod
564 774 773 858 indempnitati
796 776 916 841 cavebit
939 776 1058 859 imperii
1082 782 1186 841 vestra
1202 775 1423 860 inobliquabilis
1438 774 1474 863 a)
1570 861 1574 865 .

281 884 433 949 rectitudo
449 884 500 965 b).

855 1166 918 1235 21.

281 1339 338 1403 hex
354 1358 410 1421 per
427 1358 515 1422 quaer
531 1341 696 1421 imperator
716 1339 855 1423 prohibet
870 1341 1009 1406 ctvltates
1025 1340 1176 1404 hiemante
1197 1339 1299 1405 tacere
1321 1341 1473 1422 ungimus

820 1450 935 1513 cirtam.

690 1661 769 1716 1222.
788 1660 895 1717 Januar.
916 1662 1064 1718 Ravennae.

323 1861 486 1918 Fre'edra'cb's
500 1863 533 1916 11.
553 1863 726 1932 Vcrordaung
735 1877 821 1932 papea
834 1860 879 1915 dic
893 1859 1048 1916 Autonoma'e
1060 1860 1111 1914 der
1126 1858 1438 1915 sidnacestrensem.

373 2006 648 2062 lluillard·Brdbolles
661 2005 688 2069 l,
699 2002 763 2059 286.

368 2149 446 2212 Dum
462 2149 502 2234 c)
518 2149 651 2212 Romane
667 2146 871 2212 monarchiam
888 2145 1044 2228 dignitatis
1066 2146 1133 2229 ipso
1154 2151 1290 2219 auctore,
1314 2163 1474 2230 perquem

276 2276 367 2339 reges
382 2262 512 2339 regnant
529 2260 559 2320 et
575 2254 727 2339 principes
744 2254 882 2319 obtinent
898 2253 1111 2337 principatum,
1129 2254 1179 2338 qni
1195 2275 1288 2338 super
1310 2258 1420 2336 gentes
1444 2258 1474 2316 et

276 2385 371 2448 regna
394 2365 551 2428 constituit
572 2364 676 2428 sedem
698 2368 846 2447 nostram,
874 2361 1083 2445 principaliter
1103 2367 1261 2426 teneamus
1278 2367 1309 2426 et
1325 2362 1420 2426 simus
1443 2361 1473 2424 in

275 2472 435 2556 potestatis
462 2472 648 2555 plenitudine
670 2470 843 2535 constituti:
868 2471 1090 2555 imperatoriam
1109 2471 1257 2535 condecet
1272 2470 1472 2541 maiestatem,

276 2602 341 2652 eos,
357 2601 413 2664 per
428 2599 504 2665 qnos
522 2582 604 2663 cepit
620 2586 650 2644 et
665 2580 696 2643 in
712 2579 823 2664 quibus
839 2579 980 2643 consistit
996 2584 1099 2645 nostre
1115 2580 1212 2662 glorie
1234 2579 1397 2652 celsitudo,
1422 2581 1473 2663 qni

276 2695 308 2754 et
323 2689 425 2754 vocati
441 2694 511 2753 sunt
526 2688 684 2754 nobiscum
706 2690 738 2751 in
759 2694 877 2771 partem
899 2687 1121 2759 sollicitudinis,
1145 2692 1178 2751 ut
1193 2708 1211 2751 a
1228 2694 1331 2752 nostra
1348 2688 1473 2752 celsitu·

276 2800 346 2863 dine
369 2799 463 2861 decns
485 2796 634 2879 recipiant
656 2804 687 2862 et
710 2797 863 2870 decorem,
885 2817 946 2861 non
968 2796 1065 2861 solum
1081 2797 1112 2859 in
1128 2797 1260 2882 antiquis
1276 2797 1340 2860 suis
1356 2796 1472 2860 iuribus

274 2908 354 2972 tueri
377 2906 491 2990 pariter
512 2906 680 2979 ettovere,
697 2908 797 2979 immo,
814 2906 845 2967 in
869 2912 1014 2989 quantum
1036 2904 1155 2989 equitas
1178 2905 1250 2968 sinit
1272 2911 1303 2969 et
1325 2905 1474 2988 permittit

275 3016 369 3089 racio,
386 3015 472 3079 novis
489 3021 520 3080 et
536 3014 672 3080 honestis
688 3020 749 3077 tam
765 3015 840 3079 iuris
856 3034 946 3098 quam
962 3014 1065 3096 gracie
1081 3014 1255 3076 muneribus
1279 3013 1427 3076 decenter
1443 3019 1473 3076 et

274 3124 491 3189 honorabiliter
507 3124 663 3188 decorare.

365 3342 400 3410 a)
423 3339 589 3411 inopinabilis
602 3340 768 3409 Gerb-b)
788 3340 879 3394 Bodm.
900 3340 953 3394 ond
973 3340 1014 3393 St.
1036 3341 1122 3394 haben
1142 3340 1212 3394 noch
1232 3340 1377 3412 folgenden
1396 3341 1475 3397 Sata:

275 3429 414 3486 Caeterum
428 3446 510 3501 super
524 3429 595 3484 illius
609 3432 723 3486 benivoli
735 3432 834 3486 favoris
853 3435 881 3486 et
900 3430 1101 3485 benivolenciae
1120 3429 1276 3487 favorabilia
1290 3431 1469 3498 exhibicione,

274 3538 353 3593 quam
366 3537 463 3575 causae
477 3525 586 3575 nostrae
600 3521 723 3575 iusticias
743 3521 866 3592 graciose
884 3520 1068 3591 praetenditis,
1087 3521 1160 3574 iuxta
1180 3520 1252 3592 quod
1271 3520 1360 3576 fidelia
1380 3528 1473 3578 noster

274 3612 306 3666 N·
326 3629 410 3682 nuper
429 3611 463 3663 de
482 3614 587 3676 vestrae
600 3610 770 3666 beatitudinis
792 3612 905 3682 pedihus
925 3611 957 3664 ad
978 3628 1027 3665 nos
1047 3610 1153 3665 rediens
1174 3611 1315 3673 enarravit,
1334 3613 1358 3665 si
1372 3631 1425 3668 non
1438 3613 1471 3666 ad

276 3706 389 3774 quantas
402 3704 475 3756 vobis
490 3702 628 3765 debemus,
641 3707 728 3757 tamen
743 3702 777 3756 ad
796 3706 909 3773 quantas
930 3700 1086 3765 sufficimus,
1107 3701 1256 3772 graciarum
1274 3704 1398 3758 totaliter
1423 3719 1472 3758 nos

274 3792 449 3864 provolvimus
462 3795 589 3855 actiones,
603 3796 680 3863 grata
692 3793 857 3863 recipientes
870 3797 898 3845 et
916 3791 1023 3861 placita,
1037 3809 1087 3845 nee
1106 3808 1158 3845 non
1172 3791 1362 3847 invariabiliter
1375 3795 1469 3848 obser·

271 3889 365 3939 ventes
387 3899 455 3954 quae
475 3901 524 3953 per
552 3883 666 3938 dilectos
693 3883 786 3939 fideles
815 3886 921 3937 nostros
949 3882 980 3936 N.
1005 3885 1033 3934 et
1056 3882 1087 3936 N.
1117 3883 1143 3934 in
1179 3883 1350 3937 beatitudinis
1380 3887 1473 3939 vestre

271 3973 431 4047 praesencia
452 3979 513 4028 sunt
533 3977 654 4029 tractata.
680 4009 707 4016 -
726 3976 757 4044 c)
772 3974 837 4028 (lum
851 3975 877 4026 Z.

272 4148 596 4159 u———ua-—11-1-

299 4267 323 4327 ¹)
343 4274 368 4317 ln
392 4274 467 4318 cinam
489 4273 569 4317 Briete
590 4285 642 4316 vom
667 4273 704 4316 ro.
728 4271 773 4316 blai
797 4270 859 4316 1272
883 4268 998 4327 (bochel,
1021 4274 1078 4318 Cod.
1098 4273 1218 4319 Mornviae
1240 4274 1264 4328 4,
1279 4272 1338 4331 152)
1361 4275 1471 4321 schreibt

343 4365 471 4422 Gregorii.
481 4377 510 4408 an
520 4364 621 4408 Otaharz
634 4361 774 4419 praesertim
785 4374 838 4406 cum
849 4363 874 4407 et
885 4364 947 4408 idem
958 4378 1000 4410 rex
1011 4360 1241 4423 (seihltudolpbus),
1253 4364 1331 4429 missis
1344 4366 1365 4410 ai
1379 4367 1409 4410 ad
1422 4366 1470 4410 boc

340 4453 533 4510 persuasionibus
555 4454 681 4505 inductus,
705 4452 773 4497 nobis
797 4466 872 4509 nuper
892 4466 947 4499 suas
967 4455 1051 4502 literas
1073 4455 1215 4510 destinavit,
1240 4469 1335 4514 quarum
1358 4457 1467 4513 inspecto

344 4546 429 4589 tenore
443 4556 572 4600 speramns,
585 4544 658 4601 ipsam
671 4544 701 4588 de
719 4544 782 4588 dicta
795 4543 924 4590 concordia
938 4545 1028 4590 nostris
1041 4545 1199 4603 beneplacitis
1211 4547 1348 4604 pariturum.
1369 4549 1417 4592 llas
1436 4547 1470 4592 iat

342 4637 397 4679 eine
418 4635 580 4693 Baaugnabme
598 4635 640 4679 aut
656 4647 742 4680 unsara
763 4634 836 4689 Brict‚
853 4635 897 4680 dar
918 4637 967 4682 also
985 4650 1029 4682 vor
1047 4638 1101 4706 dem
1121 4637 1158 4682 lo.
1177 4637 1222 4683 ldai
1236 4636 1297 4688 12711
1310 4637 1470 4697 gaschrieben

340 4737 391 4768 sara
406 4736 476 4768 mass.
