3209 5392
290 556 367 627 440

285 728 497 815 prospicimus,
514 748 573 792 non
589 730 726 793 vitamus.
752 730 828 793 llec
845 735 969 794 autern
986 734 1075 813 aput
1092 731 1376 795 occidentalem
1398 732 1466 814 pla·

285 858 383 923 gam,
412 837 476 901 ubi
498 838 612 901 sedes
641 843 700 900 est
722 837 914 910 ecclesie,
942 836 1146 923 potissime
1172 840 1466 902 committuntur.

286 947 312 1012 0
344 946 440 1030 felii
470 947 584 1029 haya,
624 965 641 1007 o
676 945 819 1010 felices
854 947 1103 1011 orientalium
1131 952 1372 1031 potestates,
1407 967 1468 1032 quc

285 1034 528 1120 subditorum
552 1073 652 1118 arma
677 1075 747 1118 non
771 1058 943 1117 metuunt
969 1058 1006 1118 et
1024 1056 1335 1120 adinveneiones
1357 1055 1469 1139 ponti·

286 1162 402 1227 ficum
426 1182 498 1226 non
521 1168 715 1227 verentur.

376 1272 469 1337 Vobis
486 1270 579 1354 igitur
593 1270 624 1334 in
641 1271 789 1354 acquisita
807 1272 864 1335 iam
882 1272 989 1356 gloria,
1006 1274 1037 1336 in
1054 1270 1179 1336 obtenta
1195 1272 1233 1336 de
1257 1271 1394 1336 hostibus
1415 1273 1470 1335 vic-

284 1384 373 1454 toria,
390 1381 543 1446 nobilitate
560 1378 710 1443 communi
726 1380 884 1452 suadente,
900 1380 1063 1464 tripudium
1080 1381 1316 1465 congaudemus,
1340 1386 1371 1444 et
1386 1380 1470 1445 affec·

284 1493 367 1557 tione
390 1489 544 1574 precipua,
567 1507 654 1572 quam
680 1488 792 1552 advos
815 1490 960 1572 gerimus,
983 1490 1122 1572 augende
1143 1489 1246 1552 letrcie
1268 1489 1377 1572 dignas
1394 1489 1470 1553 vobis

285 1607 388 1685 grates
401 1596 559 1663 referimus
572 1602 603 1659 et
616 1594 779 1668 offerimus,
794 1599 874 1683 quod
887 1597 1015 1682 figurate
1028 1599 1236 1664 nunciacionis
1249 1619 1305 1682 per
1316 1599 1420 1662 literas
1431 1600 1472 1662 in·

286 1713 374 1776 diciis
391 1730 451 1773 non
462 1707 608 1778 contenti,
622 1704 786 1790 corporalis
800 1713 942 1791 aspectus
955 1710 1048 1772 vestri
1060 1707 1254 1792 presenciam
1268 1708 1357 1772 nobis
1369 1707 1472 1790 hylari-

285 1827 332 1885 ter
354 1816 513 1884 obtnlistis.
539 1817 584 1879 De
606 1813 835 1899 triumphalibus
852 1835 923 1880 uero
941 1818 1064 1891 nostris,
1086 1822 1118 1881 ut
1134 1815 1333 1901 imperialium
1350 1817 1472 1901 apicium

286 1936 372 1995 tenor
388 1932 456 1993 vota
469 1930 571 1990 vestra
587 1922 719 1995 letificet,
736 1925 816 1989 scire
832 1945 886 1989 vos
903 1927 1052 2010 cupimus,
1069 1926 1149 2012 quod
1162 1945 1344 2010 quamquam
1357 1924 1472 1990 victorie

287 2044 388 2102 nostre
413 2053 534 2099 cursum
556 2033 714 2117 hucusque
738 2033 933 2097 retardavere
955 2035 1142 2119 quorundam
1166 2035 1280 2099 furiosa
1303 2033 1427 2098 rebellio
1447 2037 1474 2095 et

286 2153 406 2211 uersuta
423 2142 572 2208 calliditas
589 2142 772 2226 aliquorum,
795 2141 927 2207 faciente
943 2148 1043 2208 tamen
1060 2144 1246 2209 exercituum
1263 2144 1407 2216 Domino,
1429 2140 1474 2225 qui

285 2277 341 2340 per
353 2253 471 2319 iusticie
483 2251 601 2336 gladios
614 2250 711 2334 aperit
723 2251 786 2314 vias
800 2269 917 2334 regum,
931 2253 970 2316 ad
980 2259 1084 2335 partes
1096 2255 1156 2318 iam
1168 2252 1277 2319 Asenie
1290 2251 1334 2336 a)
1348 2269 1474 2315 commo·

285 2369 406 2437 rantes‚
423 2361 586 2446 gloriosum
609 2363 764 2442 ceptorum
788 2358 877 2423 finem
907 2359 1065 2425 dedicione
1087 2363 1211 2445 Ligurie
1233 2382 1312 2425 nunc
1335 2360 1369 2423 in
1392 2364 1474 2423 antea

285 2471 493 2555 prestolamur.

378 2631 513 2688 wahrend
528 2647 622 2687 nucero
634 2629 835 2700 lnhaltaangabo
849 2632 899 2686 den
913 2632 989 2688 Briel
998 2650 1031 2687 an
1042 2632 1087 2688 die
1099 2631 1266 2704 Bolognesen
1277 2633 1413 2704 geriehtet
1423 2630 1474 2686 sein

286 2727 367 2787 lieet,
388 2726 436 2779 hat
454 2741 484 2779 er
502 2723 528 2776 iu
551 2723 618 2780 ceu.
638 2725 717 2780 Wilh.
730 2730 759 2783 Β.
783 2718 820 2774 74
838 2719 880 2775 die
899 2709 1078 2779 llberschritla
1103 2722 1257 2778 Friderieua
1279 2726 1331 2778 otc.
1364 2722 1474 2779 Botazio.

286 2817 362 2870 Perta
375 2816 454 2872 hrch.
467 2816 494 2879 ⁷,
507 2815 569 2871 905.
587 2816 670 2872 Datur
682 2820 771 2873 durfte
783 2816 922 2873 viellcichl
934 2814 1039 2871 Botario
1058 2830 1090 2869 zu
1102 2814 1175 2869 lesen
1188 2814 1245 2869 acin
1266 2815 1319 2869 und
1337 2815 1390 2870 der
1408 2814 1477 2869 liniet

286 2916 355 2964 wire
369 2908 438 2963 dana
451 2909 518 2963 auch
531 2926 565 2963 an
578 2908 630 2962 den
644 2909 756 2963 Podeata
770 2925 820 2963 von
833 2907 911 2962 Paria
931 2905 1068 2969 matario,
1090 2905 1142 2959 den
1160 2904 1386 2960 Schwestersohn
1404 2908 1475 2961 luno·

286 2998 360 3055 cenz'
374 3000 429 3060 lV.‚
443 2998 492 3053 der
509 3000 551 3053 ein
565 2998 675 3071 eifriger
688 2998 830 3071 hohingcr
843 2997 1003 3053 Friedrich’s
1017 3012 1070 3050 war
1084 2993 1153 3067 (rgl.
1173 2995 1298 3062 Raumer,
1310 2996 1475 3051 llohcnstau·

286 3092 331 3147 fen
344 3091 369 3146 3.
384 3088 450 3145 dull.
463 3091 494 3150 4,
504 3090 582 3162 llo),
596 3089 738 3162 gerichtcl.
755 3091 807 3144 Das
821 3089 890 3143 kann
904 3106 962 3143 man
975 3104 1019 3141 um
1032 3103 1063 3142 so
1077 3087 1141 3142 eher
1153 3087 1320 3149 termuthen,
1333 3088 1375 3142 als
1388 3085 1476 3143 Fried-

285 3183 341 3237 rich
355 3183 425 3244 hicr,
439 3200 479 3236 wo
492 3199 522 3236 er
534 3199 583 3235 ron
597 3181 656 3235 dero
668 3183 863 3252 gemeinsamen
877 3181 1006 3236 interesse
1019 3179 1068 3234 der
1081 3179 1192 3235 Fdrstcu
1205 3179 1323 3249 ephebi,
1343 3178 1389 3235 dic
1402 3181 1477 3250 potr·

285 3279 367 3329 states
382 3275 406 3328 in
420 3275 507 3328 erster
520 3274 593 3327 Linie
609 3279 696 3328 neunt.

849 3480 911 3550 32.

286 3659 450 3743 imperator
465 3659 631 3722 llrlderlcus
647 3659 711 3723 tlte
728 3676 781 3720 sue
799 3660 830 3720 ct
852 3656 1036 3739 prlnclplbns
1060 3655 1218 3737 slgnldcah
1242 3657 1323 3737 quod
1345 3676 1426 3741 papa
1446 3674 1475 3719 se

286 3769 422 3833 humlllnt
437 3769 474 3833 ad
490 3787 588 3832 secum
606 3766 844 3831 concordandum
867 3770 897 3829 et
919 3764 999 3846 quod
1022 3765 1087 3846 lpse
1111 3782 1166 3845 per
1187 3783 1305 3829 nanum
1327 3771 1475 3849 petente·

285 3877 414 3941 intendit
447 3876 574 3941 rebelles
609 3895 680 3940 susa
708 3876 845 3939 edomare
883 3878 914 3937 et
952 3872 1030 3954 quod
1066 3873 1259 3938 communltas
1291 3874 1475 3950 Alexandrla

286 3987 406 4052 rellctls
423 3985 572 4050 erroribus
588 3984 866 4063 hedyolanenelum
889 3982 928 4044 ad
943 3980 1029 4046 tdenr
1046 3989 1077 4047 et
1093 3982 1282 4047 deveclenem
1300 3983 1419 4064 tmperll
1432 3988 1474 4045 eal

816 4109 944 4155 reversa.

843 4250 924 4304 1240.

168 4426 275 4468 rnna.
380 4403 447 4466 Etsi
462 4399 620 4486 pontifices
639 4403 669 4461 et
684 4397 817 4480 pharisei
833 4396 978 4460 adversus
995 4396 1155 4458 Dominum
1177 4400 1209 4459 et
1229 4395 1374 4459 adversus
1391 4392 1474 4459 Chri·

285 4518 365 4576 stum
382 4512 447 4574 eius
464 4548 508 4559 -
525 4508 704 4593 propensius
720 4507 868 4570 animetis.
894 4503 1203 4569 Huillard·Brdholles
1221 4504 1251 4575 ὅ,
1272 4503 1367 4570 loos.

377 4711 411 4780 a)
425 4711 478 4764 sle!
