<?xml version="1.0" encoding="UTF-8"?>
<!DOCTYPE html PUBLIC "-//W3C//DTD XHTML 1.0 Transitional//EN"
    "http://www.w3.org/TR/xhtml1/DTD/xhtml1-transitional.dtd">
<html xmlns="http://www.w3.org/1999/xhtml" xml:lang="en" lang="en">
 <head>
  <title>
</title>
<meta http-equiv="Content-Type" content="text/html;charset=utf-8" />
  <meta name='ocr-system' content='tesseract 3.04.00' />
  <meta name='ocr-capabilities' content='ocr_page ocr_carea ocr_par ocr_line ocrx_word'/>
</head>
<body>
  <div class='ocr_page' id='page_1' title='image "./fontesrerumaust00unkngoog_0365.png"; bbox 0 0 3209 5392; ppageno 0'>
   <div class='ocr_carea' id='block_1_1' title="bbox 291 696 1478 787">
    <p class='ocr_par' dir='ltr' id='par_1_1' title="bbox 291 696 1478 787">
     <span class='ocr_line' id='line_1_1' title="bbox 291 696 1478 787; baseline -0.009 -20"><span class='ocrx_word' id='word_1_1' title='bbox 291 710 374 776; x_wconf 90' lang='lat' dir='ltr'>rate,</span> <span class='ocrx_word' id='word_1_2' title='bbox 411 702 491 787; x_wconf 84' lang='lat' dir='ltr'>quod</span> <span class='ocrx_word' id='word_1_3' title='bbox 520 722 579 764; x_wconf 92' lang='lat' dir='ltr'>uon</span> <span class='ocrx_word' id='word_1_4' title='bbox 602 701 642 766; x_wconf 89' lang='lat' dir='ltr'>sit</span> <span class='ocrx_word' id='word_1_5' title='bbox 663 700 702 762; x_wconf 88' lang='lat' dir='ltr'>ab</span> <span class='ocrx_word' id='word_1_6' title='bbox 725 697 865 762; x_wconf 80' lang='lat' dir='ltr'><strong>hostibus</strong></span> <span class='ocrx_word' id='word_1_7' title='bbox 887 697 1105 760; x_wconf 88' lang='lat' dir='ltr'>conculcatum.</span> <span class='ocrx_word' id='word_1_8' title='bbox 1138 696 1281 777; x_wconf 78' lang='lat' dir='ltr'>Quamvis</span> <span class='ocrx_word' id='word_1_9' title='bbox 1302 699 1401 759; x_wconf 91' lang='lat' dir='ltr'>autem</span> <span class='ocrx_word' id='word_1_10' title='bbox 1421 712 1478 756; x_wconf 87' lang='lat' dir='ltr'>cum</span> 
     </span>
    </p>
   </div>
   <div class='ocr_carea' id='block_1_2' title="bbox 290 801 1489 1955">
    <p class='ocr_par' dir='ltr' id='par_1_2' title="bbox 290 801 1489 1955">
     <span class='ocr_line' id='line_1_2' title="bbox 290 801 1480 900; baseline -0.011 -24"><span class='ocrx_word' id='word_1_11' title='bbox 290 814 398 876; x_wconf 90' lang='lat' dir='ltr'>devota</span> <span class='ocrx_word' id='word_1_12' title='bbox 428 813 595 900; x_wconf 87' lang='lat' dir='ltr'>humilitate</span> <span class='ocrx_word' id='word_1_13' title='bbox 611 808 754 893; x_wconf 72' lang='lat' dir='ltr'>prostrati</span> <span class='ocrx_word' id='word_1_14' title='bbox 770 807 855 889; x_wconf 91' lang='lat' dir='ltr'>pacis</span> <span class='ocrx_word' id='word_1_15' title='bbox 871 806 1004 887; x_wconf 75' lang='lat' dir='ltr'>graciam</span> <span class='ocrx_word' id='word_1_16' title='bbox 1019 805 1066 867; x_wconf 88' lang='lat' dir='ltr'>vel</span> <span class='ocrx_word' id='word_1_17' title='bbox 1089 807 1196 868; x_wconf 88' lang='lat' dir='ltr'>saltem</span> <span class='ocrx_word' id='word_1_18' title='bbox 1216 808 1389 886; x_wconf 76' lang='lat' dir='ltr'>treugarum</span> <span class='ocrx_word' id='word_1_19' title='bbox 1402 801 1480 864; x_wconf 86' lang='lat' dir='ltr'>ludu-</span> 
     </span>
     <span class='ocr_line' id='line_1_3' title="bbox 290 911 1480 1003; baseline -0.011 -19"><span class='ocrx_word' id='word_1_20' title='bbox 290 924 354 984; x_wconf 91' lang='lat' dir='ltr'>cias</span> <span class='ocrx_word' id='word_1_21' title='bbox 366 919 567 1003; x_wconf 93' lang='lat' dir='ltr'>petiverimus</span> <span class='ocrx_word' id='word_1_22' title='bbox 580 918 618 981; x_wconf 92' lang='lat' dir='ltr'>ab</span> <span class='ocrx_word' id='word_1_23' title='bbox 632 917 737 980; x_wconf 91' lang='lat' dir='ltr'>eodem</span> <span class='ocrx_word' id='word_1_24' title='bbox 748 934 833 995; x_wconf 87' lang='lat' dir='ltr'>rege,</span> <span class='ocrx_word' id='word_1_25' title='bbox 859 913 937 975; x_wconf 88' lang='lat' dir='ltr'>nulla</span> <span class='ocrx_word' id='word_1_26' title='bbox 956 917 1056 974; x_wconf 88' lang='lat' dir='ltr'>tamen</span> <span class='ocrx_word' id='word_1_27' title='bbox 1080 914 1162 975; x_wconf 91' lang='lat' dir='ltr'>circa</span> <span class='ocrx_word' id='word_1_28' title='bbox 1183 912 1263 975; x_wconf 89' lang='lat' dir='ltr'>hanc</span> <span class='ocrx_word' id='word_1_29' title='bbox 1286 911 1480 973; x_wconf 89' lang='lat' dir='ltr'>condicionem</span> 
     </span>
     <span class='ocr_line' id='line_1_4' title="bbox 291 1019 1482 1111; baseline -0.009 -20"><span class='ocrx_word' id='word_1_30' title='bbox 291 1028 437 1111; x_wconf 88' lang='lat' dir='ltr'>perficere</span> <span class='ocrx_word' id='word_1_31' title='bbox 469 1029 635 1110; x_wconf 79' lang='lat' dir='ltr'>quivimus,</span> <span class='ocrx_word' id='word_1_32' title='bbox 671 1023 729 1086; x_wconf 93' lang='lat' dir='ltr'>nisi</span> <span class='ocrx_word' id='word_1_33' title='bbox 758 1021 903 1085; x_wconf 86' lang='lat' dir='ltr'>adversus</span> <span class='ocrx_word' id='word_1_34' title='bbox 932 1020 1096 1083; x_wconf 84' lang='lat' dir='ltr'>Romanam</span> <span class='ocrx_word' id='word_1_35' title='bbox 1124 1019 1284 1082; x_wconf 88' lang='lat' dir='ltr'>ecclesiam</span> <span class='ocrx_word' id='word_1_36' title='bbox 1315 1038 1482 1101; x_wconf 88' lang='lat' dir='ltr'>sacrumque</span> 
     </span>
     <span class='ocr_line' id='line_1_5' title="bbox 290 1125 1482 1216; baseline -0.01 -17"><span class='ocrx_word' id='word_1_37' title='bbox 290 1140 460 1200; x_wconf 88' lang='lat' dir='ltr'>Romanum</span> <span class='ocrx_word' id='word_1_38' title='bbox 481 1134 639 1216; x_wconf 90' lang='lat' dir='ltr'>imperium</span> <span class='ocrx_word' id='word_1_39' title='bbox 659 1135 806 1195; x_wconf 85' lang='lat' dir='ltr'>temerato</span> <span class='ocrx_word' id='word_1_40' title='bbox 829 1128 899 1190; x_wconf 86' lang='lat' dir='ltr'>fidei</span> <span class='ocrx_word' id='word_1_41' title='bbox 927 1132 1029 1193; x_wconf 93' lang='lat' dir='ltr'>nostre</span> <span class='ocrx_word' id='word_1_42' title='bbox 1057 1126 1160 1189; x_wconf 90' lang='lat' dir='ltr'>debito</span> <span class='ocrx_word' id='word_1_43' title='bbox 1187 1126 1386 1189; x_wconf 88' lang='lat' dir='ltr'>voluissemus</span> <span class='ocrx_word' id='word_1_44' title='bbox 1413 1125 1482 1189; x_wconf 88' lang='lat' dir='ltr'>effici</span> 
     </span>
     <span class='ocr_line' id='line_1_6' title="bbox 291 1234 1481 1323; baseline -0.009 -15"><span class='ocrx_word' id='word_1_45' title='bbox 291 1243 437 1308; x_wconf 88' lang='lat' dir='ltr'>infideles.</span> <span class='ocrx_word' id='word_1_46' title='bbox 456 1244 518 1305; x_wconf 91' lang='lat' dir='ltr'>Nos</span> <span class='ocrx_word' id='word_1_47' title='bbox 535 1242 636 1323; x_wconf 90' lang='lat' dir='ltr'>igitur,</span> <span class='ocrx_word' id='word_1_48' title='bbox 653 1240 684 1302; x_wconf 89' lang='lat' dir='ltr'>in</span> <span class='ocrx_word' id='word_1_49' title='bbox 701 1238 849 1320; x_wconf 90' lang='lat' dir='ltr'>angustiis</span> <span class='ocrx_word' id='word_1_50' title='bbox 865 1255 919 1319; x_wconf 93' lang='lat' dir='ltr'>pro</span> <span class='ocrx_word' id='word_1_51' title='bbox 936 1234 1062 1317; x_wconf 84' lang='lat' dir='ltr'>Augusti</span> <span class='ocrx_word' id='word_1_52' title='bbox 1079 1234 1121 1320; x_wconf 78' lang='lat' dir='ltr'>a)</span> <span class='ocrx_word' id='word_1_53' title='bbox 1137 1236 1312 1298; x_wconf 88' lang='lat' dir='ltr'>reverencia</span> <span class='ocrx_word' id='word_1_54' title='bbox 1328 1235 1481 1304; x_wconf 84' lang='lat' dir='ltr'>constituti,</span> 
     </span>
     <span class='ocr_line' id='line_1_7' title="bbox 291 1344 1485 1435; baseline -0.01 -19"><span class='ocrx_word' id='word_1_55' title='bbox 291 1353 491 1435; x_wconf 80' lang='lat' dir='ltr'>imploramus</span> <span class='ocrx_word' id='word_1_56' title='bbox 516 1350 657 1414; x_wconf 86' lang='lat' dir='ltr'>auxilium</span> <span class='ocrx_word' id='word_1_57' title='bbox 682 1353 712 1410; x_wconf 91' lang='lat' dir='ltr'>et</span> <span class='ocrx_word' id='word_1_58' title='bbox 739 1344 908 1408; x_wconf 85' lang='lat' dir='ltr'>subsidium</span> <span class='ocrx_word' id='word_1_59' title='bbox 930 1348 1122 1426; x_wconf 86' lang='lat' dir='ltr'>expectamus</span> <span class='ocrx_word' id='word_1_60' title='bbox 1138 1344 1177 1427; x_wconf 81' lang='lat' dir='ltr'>b)</span> <span class='ocrx_word' id='word_1_61' title='bbox 1199 1348 1298 1406; x_wconf 85' lang='lat' dir='ltr'>vestre</span> <span class='ocrx_word' id='word_1_62' title='bbox 1319 1344 1485 1406; x_wconf 84' lang='lat' dir='ltr'>felicissime</span> 
     </span>
     <span class='ocr_line' id='line_1_8' title="bbox 292 1451 1485 1536; baseline -0.009 -12"><span class='ocrx_word' id='word_1_63' title='bbox 292 1459 472 1528; x_wconf 85' lang='lat' dir='ltr'>maiestatis,</span> <span class='ocrx_word' id='word_1_64' title='bbox 490 1478 557 1522; x_wconf 92' lang='lat' dir='ltr'>cum</span> <span class='ocrx_word' id='word_1_65' title='bbox 575 1457 677 1519; x_wconf 89' lang='lat' dir='ltr'>dolore</span> <span class='ocrx_word' id='word_1_66' title='bbox 693 1460 723 1517; x_wconf 90' lang='lat' dir='ltr'>et</span> <span class='ocrx_word' id='word_1_67' title='bbox 739 1454 852 1536; x_wconf 89' lang='lat' dir='ltr'>gemitu</span> <span class='ocrx_word' id='word_1_68' title='bbox 868 1453 1065 1535; x_wconf 80' lang='lat' dir='ltr'>postulantes,</span> <span class='ocrx_word' id='word_1_69' title='bbox 1083 1457 1230 1536; x_wconf 82' lang='lat' dir='ltr'>quatenus</span> <span class='ocrx_word' id='word_1_70' title='bbox 1248 1453 1347 1515; x_wconf 88' lang='lat' dir='ltr'>saltim</span> <span class='ocrx_word' id='word_1_71' title='bbox 1360 1451 1485 1536; x_wconf 86' lang='lat' dir='ltr'>reliquiis</span> 
     </span>
     <span class='ocr_line' id='line_1_9' title="bbox 301 1560 1486 1641; baseline -0.008 -10"><span class='ocrx_word' id='word_1_72' title='bbox 301 1568 383 1631; x_wconf 92' lang='lat' dir='ltr'>dicte</span> <span class='ocrx_word' id='word_1_73' title='bbox 402 1565 531 1628; x_wconf 89' lang='lat' dir='ltr'>ecclesie</span> <span class='ocrx_word' id='word_1_74' title='bbox 547 1565 760 1627; x_wconf 81' lang='lat' dir='ltr'>miserabiliter</span> <span class='ocrx_word' id='word_1_75' title='bbox 775 1560 944 1630; x_wconf 77' lang='lat' dir='ltr'>derelictis,</span> <span class='ocrx_word' id='word_1_76' title='bbox 973 1580 1010 1621; x_wconf 91' lang='lat' dir='ltr'>ne</span> <span class='ocrx_word' id='word_1_77' title='bbox 1033 1560 1063 1621; x_wconf 93' lang='lat' dir='ltr'>id</span> <span class='ocrx_word' id='word_1_78' title='bbox 1079 1561 1177 1641; x_wconf 93' lang='lat' dir='ltr'>ipsum</span> <span class='ocrx_word' id='word_1_79' title='bbox 1193 1564 1282 1622; x_wconf 90' lang='lat' dir='ltr'>tenue</span> <span class='ocrx_word' id='word_1_80' title='bbox 1300 1565 1329 1622; x_wconf 88' lang='lat' dir='ltr'>et</span> <span class='ocrx_word' id='word_1_81' title='bbox 1345 1560 1486 1622; x_wconf 89' lang='lat' dir='ltr'>modicum</span> 
     </span>
     <span class='ocr_line' id='line_1_10' title="bbox 299 1667 1488 1756; baseline -0.008 -18"><span class='ocrx_word' id='word_1_82' title='bbox 299 1676 471 1744; x_wconf 77' lang='lat' dir='ltr'>facultatis,</span> <span class='ocrx_word' id='word_1_83' title='bbox 509 1673 587 1756; x_wconf 91' lang='lat' dir='ltr'>quod</span> <span class='ocrx_word' id='word_1_84' title='bbox 619 1671 657 1734; x_wconf 89' lang='lat' dir='ltr'>ab</span> <span class='ocrx_word' id='word_1_85' title='bbox 690 1669 840 1753; x_wconf 91' lang='lat' dir='ltr'>unguibus</span> <span class='ocrx_word' id='word_1_86' title='bbox 873 1667 1108 1751; x_wconf 91' lang='lat' dir='ltr'>depredancium</span> <span class='ocrx_word' id='word_1_87' title='bbox 1140 1667 1265 1738; x_wconf 88' lang='lat' dir='ltr'>cecidit,</span> <span class='ocrx_word' id='word_1_88' title='bbox 1298 1668 1488 1731; x_wconf 84' lang='lat' dir='ltr'>absorbeatur</span> 
     </span>
     <span class='ocr_line' id='line_1_11' title="bbox 300 1776 1489 1859; baseline -0.008 -13"><span class='ocrx_word' id='word_1_89' title='bbox 300 1790 399 1846; x_wconf 88' lang='lat' dir='ltr'>terum</span> <span class='ocrx_word' id='word_1_90' title='bbox 412 1782 450 1844; x_wconf 91' lang='lat' dir='ltr'>ab</span> <span class='ocrx_word' id='word_1_91' title='bbox 465 1781 583 1850; x_wconf 90' lang='lat' dir='ltr'>iisdem,</span> <span class='ocrx_word' id='word_1_92' title='bbox 597 1781 705 1843; x_wconf 82' lang='lat' dir='ltr'>festino</span> <span class='ocrx_word' id='word_1_93' title='bbox 724 1777 866 1859; x_wconf 80' lang='lat' dir='ltr'>suffragio</span> <span class='ocrx_word' id='word_1_94' title='bbox 883 1776 1078 1847; x_wconf 89' lang='lat' dir='ltr'>succurratis,</span> <span class='ocrx_word' id='word_1_95' title='bbox 1094 1779 1254 1859; x_wconf 89' lang='lat' dir='ltr'>antequam</span> <span class='ocrx_word' id='word_1_96' title='bbox 1268 1795 1323 1838; x_wconf 92' lang='lat' dir='ltr'>nos</span> <span class='ocrx_word' id='word_1_97' title='bbox 1342 1777 1489 1858; x_wconf 88' lang='lat' dir='ltr'>contingat</span> 
     </span>
     <span class='ocr_line' id='line_1_12' title="bbox 300 1870 1305 1955; baseline -0.015 0"><span class='ocrx_word' id='word_1_98' title='bbox 300 1891 435 1955; x_wconf 85' lang='lat' dir='ltr'>totaliter</span> <span class='ocrx_word' id='word_1_99' title='bbox 451 1889 661 1952; x_wconf 88' lang='lat' dir='ltr'>consummari.</span> <span class='ocrx_word' id='word_1_100' title='bbox 1300 1870 1305 1877; x_wconf 64' lang='grc'><strong>“</strong></span> 
     </span>
    </p>
   </div>
   <div class='ocr_carea' id='block_1_3' title="bbox 301 2044 1492 2473">
    <p class='ocr_par' dir='ltr' id='par_1_3' title="bbox 301 2044 1492 2473">
     <span class='ocr_line' id='line_1_13' title="bbox 400 2044 1491 2117; baseline -0.008 -11"><span class='ocrx_word' id='word_1_101' title='bbox 400 2052 499 2106; x_wconf 86' lang='lat' dir='ltr'>Stobbe</span> <span class='ocrx_word' id='word_1_102' title='bbox 519 2051 567 2103; x_wconf 86' lang='lat' dir='ltr'>No.</span> <span class='ocrx_word' id='word_1_103' title='bbox 587 2050 640 2102; x_wconf 78' lang='lat'>225</span> <span class='ocrx_word' id='word_1_104' title='bbox 654 2050 702 2102; x_wconf 92' lang='lat' dir='ltr'>mit</span> <span class='ocrx_word' id='word_1_105' title='bbox 715 2050 788 2102; x_wconf 87' lang='lat' dir='ltr'>einer</span> <span class='ocrx_word' id='word_1_106' title='bbox 803 2047 995 2103; x_wconf 89' lang='lat' dir='ltr'>detaillirlereu</span> <span class='ocrx_word' id='word_1_107' title='bbox 1010 2045 1191 2117; x_wconf 86' lang='lat' dir='ltr'>Sobilderuug</span> <span class='ocrx_word' id='word_1_108' title='bbox 1205 2047 1252 2100; x_wconf 89' lang='lat' dir='ltr'>der</span> <span class='ocrx_word' id='word_1_109' title='bbox 1265 2044 1365 2100; x_wconf 84' lang='lat' dir='ltr'>beiden</span> <span class='ocrx_word' id='word_1_110' title='bbox 1386 2046 1439 2100; x_wconf 90' lang='lat' dir='ltr'>und</span> <span class='ocrx_word' id='word_1_111' title='bbox 1450 2044 1491 2098; x_wconf 81' lang='lat' dir='ltr'>der</span> 
     </span>
     <span class='ocr_line' id='line_1_14' title="bbox 303 2130 1492 2208; baseline -0.008 -11"><span class='ocrx_word' id='word_1_112' title='bbox 303 2130 490 2198; x_wconf 81' lang='lat' dir='ltr'>Uberschrilt:</span> <span class='ocrx_word' id='word_1_113' title='bbox 516 2139 691 2194; x_wconf 85' lang='lat' dir='ltr'>Serenissimo</span> <span class='ocrx_word' id='word_1_114' title='bbox 705 2139 810 2193; x_wconf 89' lang='lat' dir='ltr'>domino</span> <span class='ocrx_word' id='word_1_115' title='bbox 829 2139 869 2201; x_wconf 77' lang='lat' dir='ltr'>R,</span> <span class='ocrx_word' id='word_1_116' title='bbox 888 2139 962 2191; x_wconf 85' lang='lat' dir='ltr'>Rom.</span> <span class='ocrx_word' id='word_1_117' title='bbox 981 2139 1047 2208; x_wconf 84' lang='lat' dir='ltr'>llegi</span> <span class='ocrx_word' id='word_1_118' title='bbox 1067 2136 1168 2202; x_wconf 85' lang='lat' dir='ltr'>inclito,</span> <span class='ocrx_word' id='word_1_119' title='bbox 1186 2137 1256 2191; x_wconf 90' lang='lat' dir='ltr'>idem</span> <span class='ocrx_word' id='word_1_120' title='bbox 1278 2137 1492 2207; x_wconf 87' lang='lat' dir='ltr'>archiepiscopus</span> 
     </span>
     <span class='ocr_line' id='line_1_15' title="bbox 306 2225 1488 2298; baseline -0.007 -11"><span class='ocrx_word' id='word_1_121' title='bbox 306 2233 460 2287; x_wconf 83' lang='lat' dir='ltr'>devocionis</span> <span class='ocrx_word' id='word_1_122' title='bbox 479 2233 505 2283; x_wconf 88' lang='lat' dir='ltr'>el</span> <span class='ocrx_word' id='word_1_123' title='bbox 524 2231 669 2284; x_wconf 87' lang='lat' dir='ltr'>orationum</span> <span class='ocrx_word' id='word_1_124' title='bbox 689 2229 818 2298; x_wconf 89' lang='lat' dir='ltr'>obsequia</span> <span class='ocrx_word' id='word_1_125' title='bbox 838 2229 982 2283; x_wconf 87' lang='lat' dir='ltr'>indefessa.</span> <span class='ocrx_word' id='word_1_126' title='bbox 998 2258 1034 2269; x_wconf 90' lang='lat'>-</span> <span class='ocrx_word' id='word_1_127' title='bbox 1047 2231 1074 2283; x_wconf 91' lang='lat' dir='ltr'>S.</span> <span class='ocrx_word' id='word_1_128' title='bbox 1095 2229 1164 2282; x_wconf 87' lang='lat' dir='ltr'>aucb</span> <span class='ocrx_word' id='word_1_129' title='bbox 1184 2227 1326 2290; x_wconf 87' lang='lat' dir='ltr'>Bodrnann,</span> <span class='ocrx_word' id='word_1_130' title='bbox 1344 2246 1373 2298; x_wconf 88' lang='lat' dir='ltr'>p.</span> <span class='ocrx_word' id='word_1_131' title='bbox 1389 2225 1448 2280; x_wconf 79' lang='lat'>136.</span> <span class='ocrx_word' id='word_1_132' title='bbox 1463 2255 1488 2266; x_wconf 85' lang='lat'>-</span> 
     </span>
     <span class='ocr_line' id='line_1_16' title="bbox 301 2317 1491 2390; baseline -0.005 -13"><span class='ocrx_word' id='word_1_133' title='bbox 301 2325 370 2377; x_wconf 84' lang='lat' dir='ltr'>Dass</span> <span class='ocrx_word' id='word_1_134' title='bbox 384 2322 472 2375; x_wconf 84' lang='lat' dir='ltr'>dieser</span> <span class='ocrx_word' id='word_1_135' title='bbox 483 2321 556 2374; x_wconf 79' lang='lat' dir='ltr'>brief</span> <span class='ocrx_word' id='word_1_136' title='bbox 567 2322 592 2373; x_wconf 93' lang='lat' dir='ltr'>in</span> <span class='ocrx_word' id='word_1_137' title='bbox 607 2318 654 2372; x_wconf 88' lang='lat' dir='ltr'>das</span> <span class='ocrx_word' id='word_1_138' title='bbox 667 2320 734 2373; x_wconf 86' lang='lat' dir='ltr'>Jabr</span> <span class='ocrx_word' id='word_1_139' title='bbox 755 2319 824 2371; x_wconf 76' lang='lat'>1275</span> <span class='ocrx_word' id='word_1_140' title='bbox 844 2320 949 2389; x_wconf 77' lang='lat' dir='ltr'>gebdrt,</span> <span class='ocrx_word' id='word_1_141' title='bbox 970 2319 1034 2390; x_wconf 85' lang='lat' dir='ltr'>geht</span> <span class='ocrx_word' id='word_1_142' title='bbox 1056 2319 1153 2373; x_wconf 80' lang='lat' dir='ltr'>horror</span> <span class='ocrx_word' id='word_1_143' title='bbox 1167 2333 1230 2372; x_wconf 84' lang='lat' dir='ltr'>aus:</span> <span class='ocrx_word' id='word_1_144' title='bbox 1251 2318 1326 2372; x_wconf 83' lang='lat' dir='ltr'>Cont.</span> <span class='ocrx_word' id='word_1_145' title='bbox 1339 2319 1450 2373; x_wconf 89' lang='lat' dir='ltr'>Vindob.</span> <span class='ocrx_word' id='word_1_146' title='bbox 1464 2317 1491 2371; x_wconf 90' lang='lat' dir='ltr'>ll.</span> 
     </span>
     <span class='ocr_line' id='line_1_17' title="bbox 301 2408 1406 2473; baseline -0.004 -6"><span class='ocrx_word' id='word_1_147' title='bbox 301 2414 333 2467; x_wconf 87' lang='lat' dir='ltr'>G.</span> <span class='ocrx_word' id='word_1_148' title='bbox 349 2412 398 2466; x_wconf 90' lang='lat' dir='ltr'>SS.</span> <span class='ocrx_word' id='word_1_149' title='bbox 413 2412 440 2473; x_wconf 83' lang='grc'>9,</span> <span class='ocrx_word' id='word_1_150' title='bbox 452 2410 514 2464; x_wconf 77' lang='grc'><strong>729.</strong></span> <span class='ocrx_word' id='word_1_151' title='bbox 529 2410 594 2464; x_wconf 78' lang='lat' dir='ltr'>Ann.</span> <span class='ocrx_word' id='word_1_152' title='bbox 610 2409 706 2463; x_wconf 86' lang='lat' dir='ltr'>Salisb.</span> <span class='ocrx_word' id='word_1_153' title='bbox 719 2410 755 2463; x_wconf 85' lang='lat' dir='ltr'>ib.</span> <span class='ocrx_word' id='word_1_154' title='bbox 768 2409 832 2463; x_wconf 80' lang='lat'>801.</span> <span class='ocrx_word' id='word_1_155' title='bbox 846 2409 907 2463; x_wconf 81' lang='lat' dir='ltr'>doh.</span> <span class='ocrx_word' id='word_1_156' title='bbox 920 2409 1019 2463; x_wconf 87' lang='lat' dir='ltr'>Victor.</span> <span class='ocrx_word' id='word_1_157' title='bbox 1034 2408 1174 2470; x_wconf 86' lang='lat' dir='ltr'>Bocbmer,</span> <span class='ocrx_word' id='word_1_158' title='bbox 1187 2409 1288 2462; x_wconf 81' lang='lat' dir='ltr'>Fontes</span> <span class='ocrx_word' id='word_1_159' title='bbox 1303 2408 1327 2470; x_wconf 81' lang='lat' dir='ltr'>l,</span> <span class='ocrx_word' id='word_1_160' title='bbox 1342 2408 1406 2463; x_wconf 82' lang='lat'><strong>303.</strong></span> 
     </span>
    </p>
   </div>
   <div class='ocr_carea' id='block_1_4' title="bbox 878 2595 940 2665">
    <p class='ocr_par' dir='ltr' id='par_1_4' title="bbox 878 2595 940 2665">
     <span class='ocr_line' id='line_1_18' title="bbox 878 2595 940 2665; baseline 0 0"><span class='ocrx_word' id='word_1_161' title='bbox 878 2595 940 2665; x_wconf 82' lang='lat'>39.</span> 
     </span>
    </p>
   </div>
   <div class='ocr_carea' id='block_1_5' title="bbox 299 2736 1498 4550">
    <p class='ocr_par' dir='ltr' id='par_1_5' title="bbox 302 2736 1495 3021">
     <span class='ocr_line' id='line_1_19' title="bbox 483 2736 1320 2819; baseline 0.001 -19"><span class='ocrx_word' id='word_1_162' title='bbox 483 2739 542 2800; x_wconf 75' lang='lat' dir='ltr'>ber</span> <span class='ocrx_word' id='word_1_163' title='bbox 558 2737 753 2800; x_wconf 71' lang='lat' dir='ltr'>Romanarum</span> <span class='ocrx_word' id='word_1_164' title='bbox 773 2754 863 2818; x_wconf 88' lang='lat' dir='ltr'>snper</span> <span class='ocrx_word' id='word_1_165' title='bbox 879 2737 1074 2800; x_wconf 80' lang='lat' dir='ltr'>lurovarlone</span> <span class='ocrx_word' id='word_1_166' title='bbox 1089 2736 1320 2819; x_wconf 80' lang='lat' dir='ltr'>prlvlleglorrm.</span> 
     </span>
     <span class='ocr_line' id='line_1_20' title="bbox 302 2858 1495 2933; baseline -0.001 -20"><span class='ocrx_word' id='word_1_167' title='bbox 302 2859 352 2913; x_wconf 71' lang='lat' dir='ltr'>uin</span> <span class='ocrx_word' id='word_1_168' title='bbox 370 2859 515 2914; x_wconf 82' lang='lat' dir='ltr'>rdmiacber</span> <span class='ocrx_word' id='word_1_169' title='bbox 531 2859 617 2930; x_wconf 72' lang='lat' dir='ltr'>Konip</span> <span class='ocrx_word' id='word_1_170' title='bbox 635 2860 756 2930; x_wconf 67' lang='lat' dir='ltr'>deerat-ipe</span> <span class='ocrx_word' id='word_1_171' title='bbox 775 2860 850 2914; x_wconf 81' lang='lat' dir='ltr'>einer</span> <span class='ocrx_word' id='word_1_172' title='bbox 863 2858 962 2914; x_wconf 83' lang='lat' dir='ltr'>Kircbe</span> <span class='ocrx_word' id='word_1_173' title='bbox 982 2858 1041 2913; x_wconf 77' lang='lat' dir='ltr'>ihre</span> <span class='ocrx_word' id='word_1_174' title='bbox 1054 2859 1216 2931; x_wconf 75' lang='lat' dir='ltr'>Prioilepica</span> <span class='ocrx_word' id='word_1_175' title='bbox 1234 2861 1292 2914; x_wconf 82' lang='lat' dir='ltr'>und</span> <span class='ocrx_word' id='word_1_176' title='bbox 1302 2860 1439 2933; x_wconf 57' lang='lat' dir='ltr'>ddermdgt</span> <span class='ocrx_word' id='word_1_177' title='bbox 1456 2858 1495 2913; x_wconf 73' lang='lat' dir='ltr'>dir</span> 
     </span>
     <span class='ocr_line' id='line_1_21' title="bbox 613 2948 1191 3021; baseline 0 -20"><span class='ocrx_word' id='word_1_178' title='bbox 613 2949 659 3002; x_wconf 86' lang='lat' dir='ltr'>die</span> <span class='ocrx_word' id='word_1_179' title='bbox 674 2948 901 3004; x_wconf 79' lang='lat' dir='ltr'>Geriebtadorlcea&#39;t</span> <span class='ocrx_word' id='word_1_180' title='bbox 914 2966 948 3002; x_wconf 82' lang='lat' dir='ltr'>aa</span> <span class='ocrx_word' id='word_1_181' title='bbox 959 2948 1090 3021; x_wconf 81' lang='lat' dir='ltr'>pewiaeen</span> <span class='ocrx_word' id='word_1_182' title='bbox 1107 2951 1191 3004; x_wconf 70' lang='lat' dir='ltr'>Ocrea</span> 
     </span>
    </p>

    <p class='ocr_par' dir='ltr' id='par_1_6' title="bbox 299 3058 1498 4550">
     <span class='ocr_line' id='line_1_22' title="bbox 393 3058 1496 3142; baseline -0.004 -19"><span class='ocrx_word' id='word_1_183' title='bbox 393 3061 539 3124; x_wconf 85' lang='lat' dir='ltr'>Conditor</span> <span class='ocrx_word' id='word_1_184' title='bbox 560 3060 699 3122; x_wconf 88' lang='lat' dir='ltr'>universe</span> <span class='ocrx_word' id='word_1_185' title='bbox 722 3063 860 3121; x_wconf 88' lang='lat' dir='ltr'>creature</span> <span class='ocrx_word' id='word_1_186' title='bbox 882 3060 981 3129; x_wconf 89' lang='lat' dir='ltr'>Deus,</span> <span class='ocrx_word' id='word_1_187' title='bbox 1012 3058 1081 3119; x_wconf 94' lang='lat' dir='ltr'>dum</span> <span class='ocrx_word' id='word_1_188' title='bbox 1104 3058 1273 3123; x_wconf 84' lang='lat' dir='ltr'>ineffabiles</span> <span class='ocrx_word' id='word_1_189' title='bbox 1296 3060 1420 3142; x_wconf 86' lang='lat' dir='ltr'>pietatis</span> <span class='ocrx_word' id='word_1_190' title='bbox 1448 3078 1496 3121; x_wconf 90' lang='lat' dir='ltr'>sue</span> 
     </span>
     <span class='ocr_line' id='line_1_23' title="bbox 300 3166 1497 3250; baseline -0.003 -18"><span class='ocrx_word' id='word_1_191' title='bbox 300 3170 460 3233; x_wconf 88' lang='lat' dir='ltr'>thesauros</span> <span class='ocrx_word' id='word_1_192' title='bbox 489 3171 552 3231; x_wconf 93' lang='lat' dir='ltr'>suis</span> <span class='ocrx_word' id='word_1_193' title='bbox 581 3167 737 3250; x_wconf 83' lang='lat' dir='ltr'>dispensat</span> <span class='ocrx_word' id='word_1_194' title='bbox 770 3166 909 3230; x_wconf 89' lang='lat' dir='ltr'>fidelibus</span> <span class='ocrx_word' id='word_1_195' title='bbox 937 3185 1117 3249; x_wconf 87' lang='lat' dir='ltr'>manumque</span> <span class='ocrx_word' id='word_1_196' title='bbox 1144 3169 1263 3249; x_wconf 87' lang='lat' dir='ltr'>plenam</span> <span class='ocrx_word' id='word_1_197' title='bbox 1290 3168 1433 3250; x_wconf 83' lang='lat' dir='ltr'>expandit</span> <span class='ocrx_word' id='word_1_198' title='bbox 1462 3166 1497 3230; x_wconf 90' lang='lat' dir='ltr'>ad</span> 
     </span>
     <span class='ocr_line' id='line_1_24' title="bbox 299 3275 1494 3360; baseline -0.002 -20"><span class='ocrx_word' id='word_1_199' title='bbox 299 3278 414 3360; x_wconf 91' lang='lat' dir='ltr'>premia</span> <span class='ocrx_word' id='word_1_200' title='bbox 431 3279 609 3359; x_wconf 87' lang='lat' dir='ltr'>graciarum,</span> <span class='ocrx_word' id='word_1_201' title='bbox 628 3295 689 3345; x_wconf 88' lang='lat' dir='ltr'>eos,</span> <span class='ocrx_word' id='word_1_202' title='bbox 704 3294 779 3358; x_wconf 91' lang='lat' dir='ltr'>quos</span> <span class='ocrx_word' id='word_1_203' title='bbox 793 3276 824 3337; x_wconf 91' lang='lat' dir='ltr'>in</span> <span class='ocrx_word' id='word_1_204' title='bbox 844 3277 986 3338; x_wconf 88' lang='lat' dir='ltr'>virtutum</span> <span class='ocrx_word' id='word_1_205' title='bbox 1003 3277 1152 3339; x_wconf 86' lang='lat' dir='ltr'>exercicio</span> <span class='ocrx_word' id='word_1_206' title='bbox 1175 3280 1206 3338; x_wconf 91' lang='lat' dir='ltr'>et</span> <span class='ocrx_word' id='word_1_207' title='bbox 1222 3277 1270 3339; x_wconf 91' lang='lat' dir='ltr'>sui</span> <span class='ocrx_word' id='word_1_208' title='bbox 1285 3277 1396 3340; x_wconf 89' lang='lat' dir='ltr'>amoris</span> <span class='ocrx_word' id='word_1_209' title='bbox 1415 3275 1494 3339; x_wconf 90' lang='lat' dir='ltr'>desi-</span> 
     </span>
     <span class='ocr_line' id='line_1_25' title="bbox 303 3383 1497 3470; baseline -0.001 -24"><span class='ocrx_word' id='word_1_210' title='bbox 303 3385 386 3447; x_wconf 87' lang='lat' dir='ltr'>derio</span> <span class='ocrx_word' id='word_1_211' title='bbox 403 3386 566 3466; x_wconf 83' lang='lat' dir='ltr'>flagrantes</span> <span class='ocrx_word' id='word_1_212' title='bbox 583 3383 622 3470; x_wconf 83' lang='lat' dir='ltr'>c)</span> <span class='ocrx_word' id='word_1_213' title='bbox 639 3384 751 3446; x_wconf 86' lang='lat' dir='ltr'>inuenit</span> <span class='ocrx_word' id='word_1_214' title='bbox 773 3388 865 3467; x_wconf 86' lang='lat' dir='ltr'>atque</span> <span class='ocrx_word' id='word_1_215' title='bbox 885 3386 1002 3466; x_wconf 87' lang='lat' dir='ltr'>priores</span> <span class='ocrx_word' id='word_1_216' title='bbox 1019 3383 1157 3465; x_wconf 87' lang='lat' dir='ltr'>agnoseit</span> <span class='ocrx_word' id='word_1_217' title='bbox 1174 3384 1356 3448; x_wconf 82' lang='lat' dir='ltr'>excellencia</span> <span class='ocrx_word' id='word_1_218' title='bbox 1378 3386 1497 3449; x_wconf 89' lang='lat' dir='ltr'>merito·</span> 
     </span>
     <span class='ocr_line' id='line_1_26' title="bbox 301 3490 1498 3574; baseline -0.003 -18"><span class='ocrx_word' id='word_1_219' title='bbox 301 3514 386 3564; x_wconf 89' lang='lat' dir='ltr'>rum,</span> <span class='ocrx_word' id='word_1_220' title='bbox 416 3490 611 3574; x_wconf 89' lang='lat' dir='ltr'>amplioribus</span> <span class='ocrx_word' id='word_1_221' title='bbox 640 3491 860 3553; x_wconf 86' lang='lat' dir='ltr'>benedictionis</span> <span class='ocrx_word' id='word_1_222' title='bbox 890 3512 943 3553; x_wconf 90' lang='lat' dir='ltr'>sue</span> <span class='ocrx_word' id='word_1_223' title='bbox 971 3492 1108 3573; x_wconf 87' lang='lat' dir='ltr'>prevenit</span> <span class='ocrx_word' id='word_1_224' title='bbox 1136 3491 1292 3556; x_wconf 85' lang='lat' dir='ltr'>beneficiis</span> <span class='ocrx_word' id='word_1_225' title='bbox 1320 3499 1350 3556; x_wconf 91' lang='lat' dir='ltr'>et</span> <span class='ocrx_word' id='word_1_226' title='bbox 1379 3496 1498 3556; x_wconf 90' lang='lat' dir='ltr'>coronat</span> 
     </span>
     <span class='ocr_line' id='line_1_27' title="bbox 304 3600 1495 3684; baseline 0.005 -20"><span class='ocrx_word' id='word_1_227' title='bbox 304 3601 454 3684; x_wconf 89' lang='lat' dir='ltr'>stipendio</span> <span class='ocrx_word' id='word_1_228' title='bbox 470 3600 566 3662; x_wconf 83' lang='lat' dir='ltr'>bravii</span> <span class='ocrx_word' id='word_1_229' title='bbox 582 3600 730 3681; x_wconf 91' lang='lat' dir='ltr'>largioris.</span> <span class='ocrx_word' id='word_1_230' title='bbox 755 3600 836 3662; x_wconf 90' lang='lat' dir='ltr'>Sane</span> <span class='ocrx_word' id='word_1_231' title='bbox 853 3618 921 3662; x_wconf 92' lang='lat' dir='ltr'>cum</span> <span class='ocrx_word' id='word_1_232' title='bbox 937 3601 968 3661; x_wconf 92' lang='lat' dir='ltr'>in</span> <span class='ocrx_word' id='word_1_233' title='bbox 984 3600 1054 3670; x_wconf 91' lang='lat' dir='ltr'>hiis,</span> <span class='ocrx_word' id='word_1_234' title='bbox 1072 3600 1110 3662; x_wconf 91' lang='lat' dir='ltr'>ad</span> <span class='ocrx_word' id='word_1_235' title='bbox 1127 3601 1222 3663; x_wconf 88' lang='lat' dir='ltr'>eterni</span> <span class='ocrx_word' id='word_1_236' title='bbox 1239 3602 1321 3683; x_wconf 86' lang='lat' dir='ltr'>regis</span> <span class='ocrx_word' id='word_1_237' title='bbox 1338 3603 1495 3684; x_wconf 78' lang='lat' dir='ltr'>exemplar,</span> 
     </span>
     <span class='ocr_line' id='line_1_28' title="bbox 302 3707 1496 3788; baseline -0.001 -18"><span class='ocrx_word' id='word_1_238' title='bbox 302 3714 424 3772; x_wconf 87' lang='lat' dir='ltr'>nostros</span> <span class='ocrx_word' id='word_1_239' title='bbox 440 3713 525 3772; x_wconf 89' lang='lat' dir='ltr'>actus</span> <span class='ocrx_word' id='word_1_240' title='bbox 542 3707 728 3770; x_wconf 81' lang='lat' dir='ltr'>conformare</span> <span class='ocrx_word' id='word_1_241' title='bbox 745 3707 783 3769; x_wconf 93' lang='lat' dir='ltr'>ad</span> <span class='ocrx_word' id='word_1_242' title='bbox 799 3707 855 3770; x_wconf 79' lang='lat' dir='ltr'>[lei</span> <span class='ocrx_word' id='word_1_243' title='bbox 872 3707 1007 3788; x_wconf 83' lang='lat' dir='ltr'>graciam</span> <span class='ocrx_word' id='word_1_244' title='bbox 1024 3707 1189 3771; x_wconf 88' lang='lat' dir='ltr'>studiosius</span> <span class='ocrx_word' id='word_1_245' title='bbox 1205 3708 1407 3781; x_wconf 86' lang='lat' dir='ltr'>intendentes,</span> <span class='ocrx_word' id='word_1_246' title='bbox 1430 3712 1496 3774; x_wconf 89' lang='lat' dir='ltr'>licet</span> 
     </span>
     <span class='ocr_line' id='line_1_29' title="bbox 304 3816 1498 3901; baseline 0.002 -21"><span class='ocrx_word' id='word_1_247' title='bbox 304 3839 340 3881; x_wconf 86' lang='lat' dir='ltr'>ex</span> <span class='ocrx_word' id='word_1_248' title='bbox 356 3817 535 3880; x_wconf 86' lang='lat' dir='ltr'>liberalitate</span> <span class='ocrx_word' id='word_1_249' title='bbox 551 3816 636 3896; x_wconf 90' lang='lat' dir='ltr'>regia</span> <span class='ocrx_word' id='word_1_250' title='bbox 652 3816 808 3879; x_wconf 86' lang='lat' dir='ltr'>universas</span> <span class='ocrx_word' id='word_1_251' title='bbox 825 3816 986 3885; x_wconf 88' lang='lat' dir='ltr'>eeclesias,</span> <span class='ocrx_word' id='word_1_252' title='bbox 1017 3834 1107 3899; x_wconf 91' lang='lat' dir='ltr'>quas,</span> <span class='ocrx_word' id='word_1_253' title='bbox 1136 3821 1259 3879; x_wconf 88' lang='lat' dir='ltr'>auctore</span> <span class='ocrx_word' id='word_1_254' title='bbox 1275 3818 1418 3889; x_wconf 87' lang='lat' dir='ltr'>Domino,</span> <span class='ocrx_word' id='word_1_255' title='bbox 1445 3839 1498 3901; x_wconf 89' lang='lat' dir='ltr'>per</span> 
     </span>
     <span class='ocr_line' id='line_1_30' title="bbox 305 3924 1496 4011; baseline 0.001 -22"><span class='ocrx_word' id='word_1_256' title='bbox 305 3946 395 4011; x_wconf 88' lang='lat' dir='ltr'>quem</span> <span class='ocrx_word' id='word_1_257' title='bbox 411 3946 501 4007; x_wconf 90' lang='lat' dir='ltr'>reges</span> <span class='ocrx_word' id='word_1_258' title='bbox 518 3928 646 4006; x_wconf 87' lang='lat' dir='ltr'>regnant</span> <span class='ocrx_word' id='word_1_259' title='bbox 662 3929 691 3986; x_wconf 88' lang='lat' dir='ltr'>et</span> <span class='ocrx_word' id='word_1_260' title='bbox 712 3924 866 4006; x_wconf 90' lang='lat' dir='ltr'>principes</span> <span class='ocrx_word' id='word_1_261' title='bbox 889 3924 1025 3987; x_wconf 90' lang='lat' dir='ltr'>obtinent</span> <span class='ocrx_word' id='word_1_262' title='bbox 1040 3924 1258 4006; x_wconf 88' lang='lat' dir='ltr'>principatum,</span> <span class='ocrx_word' id='word_1_263' title='bbox 1287 3927 1382 4008; x_wconf 86' lang='lat' dir='ltr'>regali</span> <span class='ocrx_word' id='word_1_264' title='bbox 1398 3933 1496 4009; x_wconf 90' lang='lat' dir='ltr'>patro-</span> 
     </span>
     <span class='ocr_line' id='line_1_31' title="bbox 307 4032 1497 4114; baseline -0.002 -16"><span class='ocrx_word' id='word_1_265' title='bbox 307 4036 386 4099; x_wconf 92' lang='lat' dir='ltr'>cinio</span> <span class='ocrx_word' id='word_1_266' title='bbox 405 4038 600 4097; x_wconf 89' lang='lat' dir='ltr'>contueamur</span> <span class='ocrx_word' id='word_1_267' title='bbox 616 4035 647 4094; x_wconf 88' lang='lat' dir='ltr'>et</span> <span class='ocrx_word' id='word_1_268' title='bbox 663 4033 757 4095; x_wconf 91' lang='lat' dir='ltr'>nostri</span> <span class='ocrx_word' id='word_1_269' title='bbox 773 4033 885 4096; x_wconf 86' lang='lat' dir='ltr'>favoris</span> <span class='ocrx_word' id='word_1_270' title='bbox 901 4032 1035 4095; x_wconf 89' lang='lat' dir='ltr'>brachiis</span> <span class='ocrx_word' id='word_1_271' title='bbox 1051 4033 1277 4114; x_wconf 86' lang='lat' dir='ltr'>amplectamur,</span> <span class='ocrx_word' id='word_1_272' title='bbox 1293 4036 1324 4096; x_wconf 95' lang='lat' dir='ltr'>in</span> <span class='ocrx_word' id='word_1_273' title='bbox 1341 4035 1497 4099; x_wconf 89' lang='lat' dir='ltr'>cuiuslibet</span> 
     </span>
     <span class='ocr_line' id='line_1_32' title="bbox 303 4140 1496 4227; baseline 0.001 -22"><span class='ocrx_word' id='word_1_274' title='bbox 303 4142 506 4227; x_wconf 89' lang='lat' dir='ltr'>promocionis</span> <span class='ocrx_word' id='word_1_275' title='bbox 522 4142 738 4223; x_wconf 88' lang='lat' dir='ltr'>prosecucione</span> <span class='ocrx_word' id='word_1_276' title='bbox 760 4161 796 4204; x_wconf 88' lang='lat' dir='ltr'>ac</span> <span class='ocrx_word' id='word_1_277' title='bbox 820 4141 1004 4203; x_wconf 82' lang='lat' dir='ltr'>defensionis</span> <span class='ocrx_word' id='word_1_278' title='bbox 1026 4140 1158 4222; x_wconf 90' lang='lat' dir='ltr'>presidio</span> <span class='ocrx_word' id='word_1_279' title='bbox 1175 4142 1339 4205; x_wconf 87' lang='lat' dir='ltr'>earundem</span> <span class='ocrx_word' id='word_1_280' title='bbox 1355 4144 1496 4207; x_wconf 85' lang='lat' dir='ltr'>sollicitu-</span> 
     </span>
     <span class='ocr_line' id='line_1_33' title="bbox 306 4249 1494 4334; baseline 0 -20"><span class='ocrx_word' id='word_1_281' title='bbox 306 4253 375 4314; x_wconf 91' lang='lat' dir='ltr'>dine</span> <span class='ocrx_word' id='word_1_282' title='bbox 388 4251 524 4333; x_wconf 90' lang='lat' dir='ltr'>diligenti</span> <span class='ocrx_word' id='word_1_283' title='bbox 541 4254 571 4312; x_wconf 89' lang='lat' dir='ltr'>et</span> <span class='ocrx_word' id='word_1_284' title='bbox 587 4249 749 4312; x_wconf 88' lang='lat' dir='ltr'>devocione</span> <span class='ocrx_word' id='word_1_285' title='bbox 763 4249 850 4311; x_wconf 88' lang='lat' dir='ltr'>solita</span> <span class='ocrx_word' id='word_1_286' title='bbox 867 4249 1039 4330; x_wconf 89' lang='lat' dir='ltr'>vigilemus:</span> <span class='ocrx_word' id='word_1_287' title='bbox 1056 4252 1156 4312; x_wconf 89' lang='lat' dir='ltr'>tamen</span> <span class='ocrx_word' id='word_1_288' title='bbox 1173 4251 1353 4333; x_wconf 90' lang='lat' dir='ltr'>quibusdam</span> <span class='ocrx_word' id='word_1_289' title='bbox 1365 4272 1401 4314; x_wconf 87' lang='lat' dir='ltr'>ex</span> <span class='ocrx_word' id='word_1_290' title='bbox 1411 4252 1494 4334; x_wconf 90' lang='lat' dir='ltr'>ipsis,</span> 
     </span>
     <span class='ocr_line' id='line_1_34' title="bbox 305 4357 1496 4442; baseline 0.001 -20"><span class='ocrx_word' id='word_1_291' title='bbox 305 4363 410 4442; x_wconf 88' lang='lat' dir='ltr'>utpote</span> <span class='ocrx_word' id='word_1_292' title='bbox 433 4358 562 4422; x_wconf 90' lang='lat' dir='ltr'>ecclesie</span> <span class='ocrx_word' id='word_1_293' title='bbox 585 4358 633 4427; x_wconf 90' lang='grc' dir='ltr'>Ν.,</span> <span class='ocrx_word' id='word_1_294' title='bbox 660 4377 730 4441; x_wconf 90' lang='lat' dir='ltr'>que</span> <span class='ocrx_word' id='word_1_295' title='bbox 761 4362 819 4420; x_wconf 90' lang='lat' dir='ltr'>cst</span> <span class='ocrx_word' id='word_1_296' title='bbox 849 4357 999 4440; x_wconf 90' lang='lat' dir='ltr'>capella</span> <span class='ocrx_word' id='word_1_297' title='bbox 1030 4363 1163 4420; x_wconf 89' lang='lat' dir='ltr'>nostre</span> <span class='ocrx_word' id='word_1_298' title='bbox 1192 4361 1300 4440; x_wconf 91' lang='lat' dir='ltr'>regie</span> <span class='ocrx_word' id='word_1_299' title='bbox 1325 4361 1496 4442; x_wconf 86' lang='lat' dir='ltr'>magnifi-</span> 
     </span>
     <span class='ocr_line' id='line_1_35' title="bbox 307 4466 1495 4550; baseline -0.001 -18"><span class='ocrx_word' id='word_1_300' title='bbox 307 4469 441 4532; x_wconf 89' lang='lat' dir='ltr'>cencie</span> <span class='ocrx_word' id='word_1_301' title='bbox 466 4469 669 4550; x_wconf 89' lang='lat' dir='ltr'>specialis,</span> <span class='ocrx_word' id='word_1_302' title='bbox 695 4466 739 4529; x_wconf 94' lang='lat' dir='ltr'>ad</span> <span class='ocrx_word' id='word_1_303' title='bbox 770 4487 876 4549; x_wconf 88' lang='lat' dir='ltr'>quam</span> <span class='ocrx_word' id='word_1_304' title='bbox 900 4471 1032 4529; x_wconf 88' lang='lat' dir='ltr'>nostre</span> <span class='ocrx_word' id='word_1_305' title='bbox 1062 4469 1300 4532; x_wconf 89' lang='lat' dir='ltr'>cancellarie</span> <span class='ocrx_word' id='word_1_306' title='bbox 1325 4471 1495 4533; x_wconf 86' lang='lat' dir='ltr'>officium</span> 
     </span>
    </p>
   </div>
   <div class='ocr_carea' id='block_1_6' title="bbox 309 4630 1494 4776">
    <p class='ocr_par' dir='ltr' id='par_1_7' title="bbox 309 4630 1494 4776">
     <span class='ocr_line' id='line_1_36' title="bbox 397 4630 1494 4703; baseline 0 -19"><span class='ocrx_word' id='word_1_307' title='bbox 397 4633 432 4698; x_wconf 89' lang='lat' dir='ltr'>a)</span> <span class='ocrx_word' id='word_1_308' title='bbox 452 4632 559 4703; x_wconf 87' lang='lat' dir='ltr'>augusti</span> <span class='ocrx_word' id='word_1_309' title='bbox 576 4633 605 4686; x_wconf 90' lang='lat' dir='ltr'>V.</span> <span class='ocrx_word' id='word_1_310' title='bbox 622 4662 650 4670; x_wconf 91' lang='lat'>—</span> <span class='ocrx_word' id='word_1_311' title='bbox 668 4631 699 4700; x_wconf 86' lang='lat' dir='ltr'>d)</span> <span class='ocrx_word' id='word_1_312' title='bbox 721 4630 798 4686; x_wconf 86' lang='lat' dir='ltr'>auxil.</span> <span class='ocrx_word' id='word_1_313' title='bbox 819 4631 861 4685; x_wconf 90' lang='lat' dir='ltr'>bis</span> <span class='ocrx_word' id='word_1_314' title='bbox 884 4633 1069 4702; x_wconf 83' lang='lat' dir='ltr'>exspectamus</span> <span class='ocrx_word' id='word_1_315' title='bbox 1080 4647 1121 4685; x_wconf 89' lang='lat' dir='ltr'>am</span> <span class='ocrx_word' id='word_1_316' title='bbox 1134 4632 1225 4686; x_wconf 84' lang='lat' dir='ltr'>Raude</span> <span class='ocrx_word' id='word_1_317' title='bbox 1238 4632 1268 4687; x_wconf 88' lang='lat' dir='ltr'>v.</span> <span class='ocrx_word' id='word_1_318' title='bbox 1282 4663 1318 4673; x_wconf 88' lang='lat'>—</span> <span class='ocrx_word' id='word_1_319' title='bbox 1331 4634 1362 4702; x_wconf 89' lang='lat' dir='ltr'>c)</span> <span class='ocrx_word' id='word_1_320' title='bbox 1376 4634 1494 4701; x_wconf 82' lang='lat' dir='ltr'>fragran-</span> 
     </span>
     <span class='ocr_line' id='line_1_37' title="bbox 309 4721 439 4776; baseline -0.023 0"><span class='ocrx_word' id='word_1_321' title='bbox 309 4721 395 4776; x_wconf 86' lang='lat' dir='ltr'>eiores</span> <span class='ocrx_word' id='word_1_322' title='bbox 411 4723 439 4774; x_wconf 84' lang='lat' dir='ltr'>Z.</span> 
     </span>
    </p>
   </div>
   <div class='ocr_carea' id='block_1_7' title="bbox 0 0 1636 5392">
    <p class='ocr_par' dir='ltr' id='par_1_8' title="bbox 0 0 1636 5392">
     <span class='ocr_line' id='line_1_38' title="bbox 0 0 1636 5392; baseline 0 0"><span class='ocrx_word' id='word_1_323' title='bbox 0 0 1636 5392; x_wconf 95' lang='lat' dir='ltr'> </span> 
     </span>
    </p>
   </div>
  </div>
 </body>
</html>
