3209 5392
1277 537 1356 612 425

160 711 302 778 minando
316 712 474 788 limitibus,
490 716 627 780 rancoris
643 713 783 800 propinat
798 713 921 787 iudicia,
940 720 971 778 et
986 714 1047 778 telo
1065 712 1173 777 diffuse
1189 717 1360 785 contentus,

163 823 215 906 qui
231 822 269 885 de
285 823 428 905 preconio
443 823 521 887 tanti
538 825 671 897 Cosanis,
687 823 793 888 hostes
811 823 958 894 cedentis,
975 823 1080 893 oritur,
1098 842 1136 884 ne
1150 822 1222 906 quid
1237 842 1273 885 ex
1286 841 1361 886 oon-

160 930 348 1012 tingentibus
371 931 563 1005 obmittatur,
591 953 697 997 manus
720 932 882 996 scribentis
898 936 988 1015 pavet
1007 935 1037 994 ct
1054 931 1120 1013 ipse
1137 931 1268 995 calamus
1287 949 1359 994 con-

160 1038 326 1102 tremescit.
353 1039 427 1121 Quis
453 1043 530 1105 enim
547 1047 652 1126 posset
674 1043 733 1105 alto
756 1043 868 1105 famine
895 1039 1083 1124 prepotentis
1111 1039 1187 1102 tanti
1213 1038 1360 1122 principis

161 1145 292 1226 insignia
314 1168 471 1230 promere,
495 1150 525 1213 in
550 1151 635 1216 cuius
651 1155 759 1234 pectus
776 1149 901 1213 confluit
918 1147 1055 1234 quitquid
1079 1147 1172 1212 babet
1188 1145 1307 1210 virtutis
1331 1154 1362 1209 et

162 1256 296 1318 continet
311 1260 391 1319 totus
408 1258 553 1330 mundus,
576 1260 657 1344 quod
680 1258 777 1322 nubes
798 1259 906 1340 pluunt
927 1258 1039 1320 iustum
1056 1260 1086 1319 et
1102 1274 1194 1338 super
1211 1274 1280 1318 eum
1304 1253 1362 1318 celi

161 1360 292 1445 desuper
308 1369 504 1430 roraverunt?
515 1367 541 1454 ¹)
563 1368 629 1432 Nou
643 1368 737 1438 Plato,
755 1386 815 1428 non
827 1366 932 1429 Tullus
949 1384 1005 1428 neo
1020 1364 1073 1427 filii
1089 1364 1293 1434 tenebrarum,
1311 1363 1362 1446 qui

162 1489 197 1531 ex
213 1489 266 1532 ore
282 1472 416 1537 sedentis
439 1474 470 1536 in
486 1475 594 1539 throno
617 1477 649 1540 in
672 1475 874 1556 generacione
892 1495 948 1538 sua
962 1473 1180 1557 prudenciores
1197 1471 1273 1534 lueis
1290 1469 1360 1534 tiliis

159 1577 365 1659 predicantur,
377 1583 428 1645 illo
441 1584 529 1646 altius
547 1605 655 1667 sapere
671 1588 823 1667 poterunt.
841 1583 929 1646 Hune
941 1582 1090 1665 siquidem
1107 1589 1189 1644 terra
1206 1585 1237 1644 et
1248 1584 1361 1666 pontus

161 1693 342 1752 venerantur
358 1696 389 1754 et
406 1691 591 1774 applaudunt
607 1693 723 1764 ethera,
740 1697 845 1773 utpote
863 1691 914 1774 qui
930 1691 1041 1754 mundo
1058 1690 1253 1753 necessarius
1264 1689 1363 1771 impe-⁴

160 1798 243 1857 rator
258 1815 276 1858 a
292 1796 392 1862 divino
408 1802 547 1882 provisus
564 1806 611 1865 est
627 1800 757 1865 culmine
780 1787 865 1883 pacis
888 1798 1020 1872 amicus,
1045 1799 1181 1862 caritatis
1204 1802 1359 1881 patronus,

161 1901 235 1966 iuris
248 1904 395 1981 conditor,
409 1909 566 1991 paciencie
582 1909 670 1981 filius,
688 1908 830 1972 mondum
843 1906 1061 1970 rationabiliter
1069 1907 1359 1989 quidemprotegens

161 2015 191 2074 et
212 2013 396 2094 gubernans.
422 2018 479 2081 Hic
503 2024 559 2090 est,
585 2019 622 2081 de
645 2038 703 2101 quo
726 2015 896 2080 Ezechielis
918 2016 1010 2079 verba
1033 2015 1236 2097 proclamant:
1260 2013 1360 2096 aquila

161 2121 303 2201 grandis,
328 2144 505 2207 magnarum
530 2129 660 2199 alarum,
682 2126 773 2207 longo
795 2124 996 2188 membrorum
1021 2124 1123 2194 ductu,
1146 2125 1235 2206 plena
1257 2123 1357 2186 varie-

159 2227 273 2292 tatibus
289 2237 379 2315 atque
394 2235 503 2316 plumis
514 2236 560 2322 2);
585 2236 634 2299 bic
657 2240 705 2299 est
722 2236 823 2305 etiam,
839 2235 887 2296 cui
903 2234 1034 2316 loquitur
1049 2233 1212 2296 ieremias:
1230 2230 1354 2313 replebo

159 2342 190 2399 tc
206 2337 388 2416 bominibus,
406 2345 493 2426 quasi
510 2343 615 2415 bruco,
641 2349 671 2408 et
686 2364 779 2427 super
794 2346 825 2405 te
841 2343 976 2406 zeleuma
993 2338 1204 2405 decantabitur
1212 2338 1251 2427 ⁸).
1277 2338 1359 2403 Talis

159 2465 232 2529 ergo
248 2451 381 2529 presidio
398 2453 543 2537 principis
558 2459 714 2538 protectus
737 2452 867 2516 mundus
891 2450 1021 2523 exultet,
1049 2450 1140 2513 talem
1167 2453 1248 2512 totus
1277 2447 1358 2512 orbis

157 2556 279 2623 vocabit
300 2560 331 2622 in
355 2561 518 2634 dominum,
535 2564 586 2648 qui
601 2565 744 2649 potencia
759 2568 888 2647 potens,
911 2561 1089 2626 strenuitate
1106 2564 1265 2632 strenuus,
1288 2578 1360 2642 pre-

159 2665 258 2731 clarus
275 2669 306 2731 in
319 2669 467 2744 claritate,
481 2672 632 2755 benignus
649 2672 681 2736 in
695 2672 894 2755 benignitate,
917 2671 1038 2752 sapiens
1055 2673 1086 2733 in
1103 2670 1266 2751 sapiencia,
1283 2688 1355 2754 pro-

163 2774 252 2839 vidus
269 2778 300 2840 in
314 2779 509 2860 providencia
525 2782 604 2846 foret
619 2782 777 2846 humanus.
810 2780 844 2844 ln
866 2797 902 2842 eo
925 2780 1027 2863 itaque
1049 2777 1140 2842 insita
1162 2779 1259 2841 torma
1275 2777 1359 2850 boni,

162 2888 306 2969 tanquam
323 2887 416 2953 livore
434 2909 552 2962 carens,
575 2889 692 2954 scelera
708 2889 784 2972 ligat
801 2892 832 2951 et
849 2889 1000 2952 scelerata
1017 2886 1189 2970 coniungit:
1218 2893 1252 2951 ut
1275 2906 1359 2950 com-

162 2994 293 3059 muniter
306 2998 432 3061 dammis
448 2997 562 3083 frigora
578 2998 759 3082 iungantur,
788 2999 875 3061 arida
889 2997 1029 3081 liquidis,
1056 2996 1155 3082 planis
1172 2997 1360 3061 associentur

162 3123 272 3186 aspera
295 3111 325 3169 et
347 3106 470 3170 directis
493 3106 573 3171 invia
590 3108 774 3171 maritantur.
800 3106 864 3171 Sub
882 3107 947 3169 eius
964 3125 1092 3189 namque
1110 3104 1295 3189 temporibus
1311 3107 1359 3169 io-

162 3220 262 3278 menta
286 3215 441 3279 destructa
463 3222 533 3281 sunt
554 3218 689 3290 malicie,
713 3215 809 3280 virtus
834 3215 1006 3279 securitatis
1033 3214 1173 3286 invaluit,
1196 3217 1253 3288 ito,
1278 3215 1359 3298 qood

149 3322 255 3419 gladii
272 3325 441 3390 condantur
455 3326 487 3389 in
503 3347 652 3398 vomeres,
668 3325 754 3409 pacis
771 3326 874 3389 federe
892 3325 1059 3388 suffocante
1076 3325 1223 3395 timorem,
1247 3325 1359 3388 eteius

161 3438 259 3497 motus
286 3433 431 3499 instinctu
460 3434 607 3519 quidquid
635 3437 759 3500 libertas
786 3434 946 3516 negligens
968 3432 1000 3496 in
1024 3433 1145 3496 licentia
1167 3431 1272 3497 illicita
1287 3454 1359 3516 pre-

161 3527 341 3626 sumpserat,
358 3564 413 3606 sue
425 3543 552 3608 victorie
569 3565 698 3609 censura
716 3544 842 3627 corrigit
857 3547 887 3606 et
904 3543 1043 3625 castigat.
1063 3542 1088 3606 0
1106 3543 1242 3606 miranda
1259 3541 1360 3607 divina

158 3651 300 3733 potencia
317 3656 348 3714 et
362 3658 470 3735 potens
488 3653 667 3728 clemencia,
685 3674 743 3738 que
758 3655 872 3717 fastum
889 3671 1084 3734 compescere
1099 3655 1255 3735 prompta,
1277 3653 1360 3736 peri-

158 3765 226 3824 turo
242 3761 353 3823 mundo
372 3761 408 3824 de
424 3766 486 3825 tam
502 3764 614 3827 mundo
631 3764 769 3848 principe
785 3767 846 3826 tam
863 3762 1000 3825 consulte
1018 3780 1107 3843 quam
1126 3761 1240 3837 utiliter
1255 3759 1360 3844 proni·

159 3870 240 3944 disti,
258 3870 309 3955 qui
327 3892 362 3934 ex
379 3873 458 3935 omni
474 3877 560 3955 parte
576 3872 697 3946 beatus,
713 3893 841 3936 serenus
858 3873 888 3935 in
904 3875 980 3943 toto,
995 3870 1181 3935 turbacionis
1196 3871 1361 3936 cuiuslibet

159 3979 292 4052 inscius,
315 3981 380 4043 sine
398 4000 472 4044 cura
487 3982 591 4065 populi
614 3982 714 4046 scelus
740 4002 809 4045 esse
832 3984 963 4064 putaret,
987 3999 1077 4064 quem
1094 3979 1227 4063 supremi
1251 4000 1359 4043 manus

160 4087 276 4171 opificis
291 4089 431 4153 formavit
452 4088 483 4152 in
505 4089 676 4162 bominem,
692 4096 726 4154 ut
746 4094 791 4153 tot
814 4110 914 4153 rerum
938 4086 1065 4151 habenis
1082 4088 1220 4151 flecteret
1237 4093 1357 4160 cuncta,

158 4199 214 4262 sub
228 4198 303 4263 iuris
315 4198 420 4282 regula
432 4198 568 4263 limitata.
584 4200 609 4264 0
624 4201 736 4265 utinam
749 4199 850 4264 divina
862 4198 1005 4281 provisio,
1013 4217 1068 4280 per
1076 4194 1228 4261 elleresim
1236 4196 1280 4282 a)
1292 4197 1359 4262 die-

265 4343 299 4410 o)
320 4342 459 4415 dpoo'psoro
474 4344 510 4398 ist
522 4346 647 4416 gemeint.

154 4478 481 4492 *nn—*u

184 4562 206 4627 ¹)
227 4572 275 4617 Jes.
288 4570 329 4627 lo,
341 4573 364 4618 8.

180 4650 206 4718 s)
225 4663 312 4708 neoto.
327 4662 366 4718 1r,
380 4664 403 4709 a.
498 4676 502 4681 ·

182 4749 207 4813 8)
229 4754 315 4799 Jercm.
329 4752 369 4811 51,
384 4753 422 4802 14.
