3209 5392
767 684 828 752 38.

527 841 720 904 bononorum
745 862 797 904 rcx
822 843 875 905 tall
901 843 1067 905 convertet

614 998 692 1051 1262.
706 998 780 1068 April
796 998 838 1051 13.
852 997 972 1053 Viterbo.

208 1145 293 1198 lli-dnn
307 1146 323 1197 Ι
329 1144 355 1197 V.
368 1142 497 1215 empptebtt
509 1141 566 1198 sicli
580 1144 631 1197 den
646 1142 759 1197 Gedeten
773 1141 824 1195 der
835 1160 893 1195 zum
908 1142 1145 1212 Gonnoi-Capitol
1156 1141 1184 1198 in
1196 1143 1315 1212 Bolopno
1327 1158 1388 1195 rcr-

613 1236 764 1289 eemmelten
777 1232 975 1288 Dominr'leoner.

291 1376 378 1447 Ripoll
394 1375 496 1444 1,119.
511 1375 628 1431 Gerbert
641 1376 666 1443 l,
680 1377 723 1429 25.
762 1453 765 1464 .

288 1522 321 1583 ln
335 1521 473 1601 precelse
484 1520 645 1602 dignitatis
657 1519 783 1592 bonore,
800 1540 859 1603 quo
872 1540 927 1583 nos
939 1519 1061 1601 pretulit
1073 1520 1217 1582 exaltator
1229 1518 1392 1589 humilium,

200 1628 285 1711 quasi
308 1627 404 1691 honus
432 1627 612 1709 inportabile
639 1627 751 1691 uostris
780 1632 829 1690 est
855 1628 988 1689 humeris
1016 1626 1187 1708 alligatum,
1210 1625 1294 1688 cuius
1324 1625 1393 1687 dum

198 1735 433 1817 magnitudinem
448 1735 651 1799 venerandam
669 1740 699 1798 et
716 1735 895 1817 stupendam
907 1734 1088 1797 attendimus
1104 1735 1153 1820 α),
1166 1754 1226 1796 non
1241 1731 1391 1796 immerito

199 1844 405 1907 formidamus.
438 1844 525 1907 Unde
542 1842 622 1906 sicut
638 1863 674 1905 ex
690 1842 863 1925 fragilitatis
885 1847 988 1906 nostre
1011 1841 1259 1905 consideracione
1281 1841 1394 1921 mergi-

199 1971 281 2023 mur,
309 1952 354 2014 sic
385 1973 421 2014 ex
447 1947 557 2014 fiducia
586 1950 685 2013 divine
707 1952 749 2037 a)
777 1950 942 2014 clemencie
970 1950 1188 2033 quodammodo
1216 1950 1394 2020 relevamur,

201 2064 376 2143 sperantes,
403 2060 483 2142 quod
511 2058 599 2122 huius
621 2057 783 2141 procellosi
810 2061 902 2123 maris
923 2078 1070 2141 prospere
1092 2053 1222 2121 transire
1243 2053 1394 2139 possimus

200 2167 341 2238 insidias,
376 2168 402 2228 si
437 2167 523 2230 nobis
551 2167 719 2249 impetretis
747 2167 853 2230 salutis
882 2167 1036 2238 auxilium,
1071 2167 1121 2249 qui
1149 2164 1255 2228 celesti
1283 2182 1394 2244 sponso

198 2275 229 2338 in
261 2281 363 2337 vestre
392 2275 583 2337 consciencie
612 2274 729 2337 deliciis
762 2274 873 2338 lectum
906 2275 1044 2346 floridum
1078 2272 1272 2356 preparastis.
1314 2270 1395 2352 Quid

171 2393 174 2397 ’
202 2383 281 2445 enim
308 2382 393 2446 vobis
422 2402 440 2445 a
467 2382 524 2445 Dei
551 2382 664 2464 pietate
701 2381 918 2464 denegabitur,
951 2383 1031 2444 illam
1064 2380 1247 2444 merentibus
1280 2378 1394 2442 habere

201 2489 367 2571 propiciam
405 2489 536 2553 candore
568 2489 711 2553 virtutum
743 2494 774 2552 et
807 2489 900 2553 odore
938 2509 1062 2572 operum
1099 2489 1278 2552 beatorum?
1316 2485 1395 2567 Quid

203 2597 282 2679 apud
309 2597 446 2678 reginam
473 2596 688 2678 prefulgidam,
717 2603 842 2660 matrem
868 2597 1006 2669 Domini,
1040 2597 1212 2679 angelorum
1238 2594 1397 2659 Dominam

202 2705 381 2788 gloriosam,
407 2711 508 2769 vestra
526 2705 720 2770 conversacio
738 2727 797 2769 non
814 2706 955 2778 habebit,
982 2726 1107 2788 quorum
1128 2704 1243 2768 meritis
1260 2702 1400 2786 splendet

204 2816 352 2886 ecclesia,
385 2814 527 2896 exemplis
558 2814 642 2895 viget
674 2820 704 2877 et
733 2814 856 2897 prolicit
882 2815 990 2896 religio
1019 2813 1204 2876 christiana?
1238 2811 1317 2893 Quid
1348 2810 1398 2872 illa

202 2921 357 2985 beatorum
382 2922 463 2985 acies
486 2922 596 2985 vestris
617 2922 725 2986 votivis
749 2944 810 2986 non
831 2922 1004 3005 impetrabit
1025 2921 1201 2992 affectibus,
1230 2939 1288 3002 que
1311 2918 1398 2981 vobis

202 3030 337 3112 propicia
354 3030 490 3093 redditur
513 3035 543 3092 et
564 3050 619 3112 pro
642 3031 738 3094 laudis
762 3031 860 3094 divine
882 3031 1035 3113 preconiis
1057 3036 1088 3093 et
1103 3030 1164 3093 vite
1180 3027 1295 3091 meritis
1311 3027 1399 3089 inno-

202 3137 322 3201 centis?
361 3138 443 3199 Ecce
470 3137 552 3217 regis
582 3138 679 3199 eterni
707 3138 842 3219 graciam
870 3143 901 3201 et
928 3138 1051 3200 celestis
1083 3136 1168 3200 curie
1197 3155 1251 3199 vos
1283 3135 1398 3198 habere

201 3245 334 3308 savorem
347 3245 437 3307 claris
451 3245 636 3326 argumentis
648 3246 832 3327 presumitur
844 3249 875 3307 et
887 3244 982 3326 signis
995 3245 1162 3327 perspicuis
1177 3244 1397 3325 comprobatur.

202 3351 301 3434 Digne
329 3353 431 3436 itaque
458 3357 591 3415 vestram
618 3353 846 3417 universitatem
872 3373 926 3436 per
956 3354 1013 3416 Dei
1041 3353 1279 3416 misericordiam
1307 3352 1399 3417 obse-

204 3479 340 3532 cramus,
369 3466 515 3543 quatenus
536 3461 586 3542 pia
607 3461 807 3525 meditacione
829 3467 1010 3543 pensanteS,
1039 3466 1181 3544 quantum
1198 3482 1233 3523 ex
1250 3482 1286 3524 eo
1302 3461 1400 3542 possit

203 3568 357 3630 imminere
380 3568 528 3649 stuporis,
557 3570 637 3652 quod
661 3570 710 3653 qui
733 3569 865 3650 pulveris
889 3574 920 3632 et
940 3569 1050 3632 cineris
1067 3569 1236 3633 essenciam
1252 3568 1398 3650 gerimus,

204 3678 359 3758 regnantis
387 3677 417 3739 in
446 3677 549 3739 secula
576 3698 631 3759 per
653 3679 848 3760 temporalem
870 3678 1002 3759 gladium
1018 3678 1122 3742 vicarii
1139 3678 1177 3761 d)
1195 3678 1268 3740 sacti
1283 3696 1398 3748 sumus,

203 3784 262 3866 piis
290 3784 463 3848 oracionum
484 3790 652 3848 vestrarum
672 3786 814 3868 presidiis
837 3786 924 3849 nobis
947 3787 1051 3868 gracie
1074 3787 1173 3849 divine
1202 3784 1344 3870 sutfragia
1361 3783 1401 3870 c)

205 3894 388 3975 impetretis,
426 3893 530 3956 humili
561 3893 785 3976 supplicacione
820 3896 1024 3977 postulantes,
1064 3900 1096 3959 ut
1128 3895 1193 3958 eius
1224 3893 1400 3956 admiranda

204 4001 344 4083 potencia
374 4002 425 4064 det
450 4022 506 4084 per
537 4002 671 4083 graciam
700 4023 769 4065 esse
797 4002 1070 4086 fortissimaque
1098 4007 1167 4065 sunt
1195 4001 1314 4083 fragilia
1344 4021 1400 4083 per

205 4115 359 4180 naturam,
389 4109 573 4172 debilitatem
595 4117 727 4173 nostram
750 4117 781 4174 et
803 4111 913 4174 robore
935 4113 1040 4176 fulciat
1056 4117 1086 4175 et
1102 4111 1211 4174 virtute
1228 4109 1399 4191 perfundat,

207 4219 317 4301 detque
335 4219 380 4280 sic
396 4218 483 4281 nobis
499 4221 658 4302 prosequi,
683 4220 762 4303 quod
777 4219 950 4302 inpotencia
967 4227 1069 4285 nostre
1086 4219 1215 4284 eredidit
1231 4224 1263 4282 et
1278 4217 1399 4282 humili-

205 4328 259 4390 tati
276 4327 435 4397 commisit,
453 4336 600 4410 quatenus
616 4327 647 4389 in
663 4327 758 4408 glorie
776 4348 830 4389 sue
846 4335 1039 4409 augmentum
1061 4334 1197 4393 transeat
1219 4333 1250 4391 et
1270 4327 1396 4409 populus

206 4434 388 4496 christianus
412 4453 468 4515 per
491 4455 546 4497 nos
569 4454 645 4516 pace
678 4440 709 4496 et
732 4435 947 4517 tranquillitate
971 4436 1110 4518 proficiat
1140 4443 1171 4500 et
1194 4437 1315 4500 tandem
1339 4435 1399 4495 illis

207 4563 242 4605 ac
259 4542 346 4606 nobis
364 4549 467 4606 eterne
486 4543 628 4607 claritatis
647 4544 747 4605 radius
764 4544 923 4608 illucescat
940 4544 994 4629 β).

296 4723 328 4790 a)
344 4721 394 4775 dir.
407 4723 476 4776 seblt
487 4723 516 4775 V.
531 4752 565 4761 -
578 4721 608 4789 d)
625 4721 671 4774 vic.
686 4720 752 4773 fehlt
764 4720 794 4775 V.
813 4750 838 4762 -
857 4722 889 4789 c)
903 4724 1035 4793 suffragiis
1049 4723 1077 4778 V.
1144 4733 1146 4738 '
