3209 5392
1287 502 1364 581 293

166 678 326 763 populum,
355 678 452 743 virum
468 678 635 743 secundum
658 697 713 743 cor
734 662 870 742 nostrum
887 680 917 743 in
933 682 1101 766 apostolica
1116 682 1190 746 sede
1207 681 1367 765 disposuit,

167 788 219 871 qui
246 786 472 870 predecessoris
500 788 548 851 sui
576 786 775 852 sanctissimis
805 787 846 874 a)
872 788 1039 853 inherendo
1068 790 1221 874 vestigiis,
1256 797 1369 856 cuncta

166 894 277 959 debeat
305 915 515 960 consummare
542 894 673 959 feliciter
702 916 757 980 per
784 897 913 960 eundem
940 898 1189 978 predecessorem
1208 898 1370 964 salubriter

167 1003 317 1070 inchoata.
351 1006 444 1069 Porro
469 1024 538 1069 cum
561 1004 723 1087 generacio
749 1005 846 1069 omnis
862 1012 1031 1090 pretereat,
1055 1008 1257 1089 generacione
1274 1009 1370 1071 altera

168 1113 266 1177 denuo
283 1113 507 1197 subsequente,
532 1119 612 1176 terra
636 1119 736 1177 tamen
760 1119 823 1177 stat
838 1113 955 1177 stabilis
971 1116 1003 1177 in
1020 1119 1156 1179 eternum
1168 1117 1212 1203 ¹):
1237 1114 1369 1180 ecclesia

168 1223 284 1286 scilicet
312 1223 352 1303 b)
379 1224 434 1287 Dei
463 1223 522 1287 vivi
551 1223 582 1286 in
608 1223 672 1287 suis
700 1223 826 1305 agendis
855 1228 886 1286 et
908 1224 1153 1288 ordinacionibus
1181 1225 1369 1307 agendorum

169 1339 286 1396 matura
318 1332 541 1396 deliberacione
573 1333 727 1401 decoctis,
767 1332 948 1404 immobilis,
986 1340 1075 1418 prout
1109 1354 1233 1416 operum
1266 1335 1369 1399 docuit

172 1441 340 1513 evidencia,
358 1448 542 1524 perseverat.

260 1552 387 1633 Propter
413 1552 495 1635 qnod
522 1540 695 1615 beatissime
724 1557 825 1634 pater,
854 1552 893 1614 de
921 1551 1008 1614 cuius
1037 1553 1196 1617 creacione
1224 1554 1368 1618 divinitus

172 1659 309 1723 ordinata
322 1657 360 1743 c)
368 1660 475 1723 revixit
488 1661 607 1724 omnino
621 1659 746 1742 spiritus
759 1665 873 1730 noster,
886 1660 1017 1744 tripudio
1024 1646 1164 1725 ‘inefabili
1177 1662 1370 1733 fecundatus,

170 1768 202 1832 in
217 1768 316 1831 sinum
331 1775 432 1831 vestre
444 1769 547 1851 gracie
564 1769 710 1851 colligite,
734 1787 910 1852 quesumus,
933 1767 1026 1831 filium
1042 1769 1237 1852 singularem,
1260 1771 1371 1835 restris

172 1884 203 1943 et
225 1879 328 1942 matris
353 1879 485 1942 ecclesie
501 1877 702 1961 beneplacitis
719 1877 887 1960 pariturum
903 1879 935 1941 in
952 1879 1032 1941 omni
1049 1880 1174 1961 spiritus
1191 1881 1372 1965 promptitu-

172 1988 242 2051 dine
270 1993 301 2051 et
328 1988 465 2056 fervore,
493 2006 569 2071 opus
598 1986 653 2049 Dei
681 1985 814 2068 benigne
842 1984 1035 2071 perficientes
1058 1988 1089 2050 in
1106 1987 1193 2051 nobis
1210 2010 1246 2052 en
1261 1988 1373 2053 tradita

172 2096 258 2160 vobis
295 2096 427 2182 desuper
459 2102 620 2179 potestate.
663 2095 874 2159 verisimiliter
907 2095 1029 2179 quidem
1057 2117 1117 2160 non
1145 2096 1285 2161 arbitrari
1314 2117 1373 2161 non

172 2225 350 2290 possumus,
373 2205 454 2290 quod
476 2211 537 2268 tam
560 2205 654 2269 ardue
670 2205 715 2268 rei
732 2204 956 2268 consummacio
978 2211 1079 2269 vestre
1096 2207 1136 2269 sit
1152 2206 1260 2271 celitus
1277 2206 1373 2290 glorie

173 2319 344 2386 reservata,
366 2320 399 2377 ut
415 2316 445 2377 in
463 2314 585 2377 dextera
601 2318 702 2377 restra
725 2312 863 2396 proficiat
887 2319 917 2377 et
939 2315 970 2376 in
993 2319 1093 2378 actum
1115 2315 1268 2386 deducat,
1291 2313 1373 2399 qnod

177 2442 284 2487 manns
307 2421 451 2487 Altissimi
480 2422 691 2505 potencialiter
719 2442 792 2504 erga
820 2427 952 2486 nostram
980 2422 1216 2486 imbecillitatem
1241 2423 1374 2486 creditur

174 2532 336 2596 inchoasse
345 2533 384 2619 2).

263 2641 345 2705 Ecce
357 2640 451 2724 igitur
462 2639 667 2704 venerabilem
683 2641 780 2704 virum
793 2641 830 2704 N.
847 2640 1073 2728 episcopum),
1090 2641 1176 2706 vobis
1193 2647 1224 2706 et
1240 2643 1373 2707 Romane

174 2753 305 2816 ecclesie
327 2750 486 2821 devotum,
508 2750 546 2814 ad
569 2750 767 2814 beatitudinis
793 2757 895 2815 vestre
917 2752 1012 2836 pedes
1037 2749 1218 2815 fiducialiter
1234 2752 1373 2817 duximus

176 2860 398 2932 destinandum,
412 2859 540 2943 supplici
553 2859 719 2923 devocione
731 2865 881 2942 petentes,
895 2866 928 2925 nt
942 2860 979 2930 ei,
992 2861 1024 2923 in
1037 2879 1125 2943 quem
1137 2862 1374 2925 transfundimus

175 2971 279 3035 intima
307 2969 408 3034 cordis
437 2970 549 3039 nostri,
583 2969 717 3033 anditum
749 2968 878 3052 prebere
904 2968 1076 3033 benivolum
1108 2976 1139 3034 et
1171 2972 1201 3034 in
1234 2970 1373 3035 omnibus

175 3081 287 3145 nostris
322 3079 448 3162 agendis
482 3078 627 3142 adbibere
655 3077 744 3142 iidem
772 3078 926 3142 credulam
959 3077 1123 3161 dignemini
1161 3078 1241 3142 sicut
1273 3077 1372 3148 nobis,

176 3189 372 3253 cxaudicione
387 3188 519 3271 gratuita
535 3186 739 3252 favorabiliter
756 3186 973 3272 subsequente.

270 3388 304 3460 a)
325 3387 499 3443 sanctissimis
516 3405 558 3441 em
575 3387 665 3441 Raude
686 3387 715 3441 V.
733 3416 762 3426 -
779 3386 812 3456 b)
833 3386 948 3441 ecclesia
969 3386 1100 3460 siquidem
1114 3387 1143 3441 v.
1159 3417 1191 3427 —
1206 3388 1239 3457 e)
1254 3384 1389 3443 ordinate·

177 3496 218 3535 em
232 3479 324 3535 Rande
337 3478 366 3532 ll.

178 3651 505 3666 ψ*

205 3774 229 3831 1)
246 3772 403 3818 Ecclesiastee
415 3771 438 3824 1,
450 3769 474 3815 li

203 3850 227 3913 2)
246 3855 288 3901 llis
306 3853 503 3910 Kaiserlriinnng
523 3849 631 3898 aucerre
651 3849 683 3894 ist
700 3848 820 3908 gusteint,
847 3848 885 3894 die
905 3847 966 3894 naeb
985 3847 1029 3894 der
1047 3847 1086 3895 bei
1106 3847 1149 3892 der
1169 3849 1378 3894 zusammenlnnft

242 3936 350 3983 aucerre
362 3936 405 3981 nit
416 3936 509 3994 Gregnr
520 3934 550 3980 Χ.
568 3945 597 3977 ιιι
610 3933 733 3978 musanus
750 3929 803 3990 (lo.
816 3930 924 3977 October
937 3928 1013 3991 12⁷5)
1031 3929 1182 3988 getrofenen
1196 3929 1376 3989 Verabrednog‚

243 4016 366 4078 Pflngsten
380 4016 442 4062 12⁷6
454 4017 521 4061 bitte
532 4012 670 4061 stettfinden
681 4013 767 4059 selles.

204 4097 230 4161 ⁸)
247 4100 351 4147 Gerbert
361 4099 401 4145 bet
416 4097 468 4145 bier
486 4096 560 4158 (nach
577 4096 721 4142 demendas
737 4094 780 4140 des
791 4095 864 4140 Abies
876 4094 995 4141 Selii-fed:
1008 4093 1104 4139 Wiener
1116 4092 1220 4138 llofbibi.
1232 4094 1274 4138 Jns
1287 4092 1332 4139 eir.
1345 4093 1377 4138 76

242 4181 308 4239 jeus·
314 4179 392 4242 9351)
404 4180 584 4226 unedricllicbs
604 4177 728 4224 ilenricmn
741 4176 892 4223 basiliensem
905 4177 1052 4235 episcopum,
1063 4175 1110 4221 und
1122 4175 1165 4220 der
1176 4174 1307 4228 donabere,
1325 4173 1379 4220 dees

241 4264 331 4312 liudolf
347 4266 429 4311 diesen
447 4265 529 4310 seinen
546 4262 681 4308 verirenten
698 4259 807 4314 Frennd,
824 4260 868 4306 der
885 4261 944 4308 erich
963 4260 986 4306 io
1003 4260 1126 4305 bausanne
1142 4269 1252 4317 angegen
1264 4256 1310 4302 und
1321 4260 1378 4303 cort

241 4359 287 4393 von
299 4348 394 4407 Greger
411 4347 438 4392 X.
456 4357 508 4390 zum
525 4344 624 4389 Bisebef
636 4341 743 4403 gewcibt
761 4343 860 4388 worden
877 4353 941 4396 war,
961 4354 989 4386 ιιι
1005 4340 1045 4387 die
1064 4339 1135 4387 cnrie
1146 4340 1294 4395 abor-dueta,
1312 4337 1377 4382 stent

242 4429 320 4476 nicbte
333 4430 463 4489 entgegen.
486 4427 566 4486 vergi.
579 4427 658 4484 kopp,
671 4427 689 4480 l,
703 4424 758 4478 1³³,
771 4425 835 4470 dnm.
848 4425 870 4471 7.
