3209 5392
269 504 347 574 328

267 674 391 730 virescat,
417 675 655 740 Veruntameoest,
669 676 742 746 quod
754 676 821 747 ipse,
832 693 874 731 me
889 677 915 730 in
933 674 1026 729 vestris
1040 673 1162 730 serviciis
1176 675 1320 735 existente,
1340 673 1365 726 in
1377 685 1446 744 prae·

269 766 395 820 iudicium
408 766 537 820 ecelesiae
552 783 627 822 meae
640 784 671 822 ac
685 771 775 822 contra
789 766 873 837 ipsius
886 767 1027 838 privilegia
1045 769 1074 821 et
1092 766 1151 820 iura
1168 765 1288 837 publica,
1309 763 1374 836 erigi
1390 759 1448 816 iecit

270 862 387 912 castrum
406 857 554 926 quoddam,
574 859 647 929 quod
667 858 717 913 nisi
736 858 827 912 forsan
851 858 908 928 ipse
928 859 995 913 viam
1015 857 1159 929 aequitatis
1173 862 1199 911 et
1212 857 1279 911 iuris
1292 857 1402 927 eligens,
1421 852 1449 905 ah

270 947 365 1002 iniuria
378 946 530 1002 huiusmodi
548 952 600 1002 1111
619 949 736 1002 indebita
752 955 778 1003 et
791 949 904 1003 violenta
924 948 1073 1010 destiterit,
1092 947 1285 1002 malivolentiae
1302 944 1451 1001 inductivum

272 1054 333 1092 esse
345 1038 454 1108 poterit,
468 1040 496 1091 et
507 1038 568 1108 plus
581 1055 660 1109 quam
672 1039 797 1110 expediet
809 1039 970 1093 nutritivum.
995 1037 1139 1093 Caeterum
1152 1038 1218 1092 licet
1230 1038 1255 1091 in
1269 1036 1386 1107 partibus
1398 1034 1449 1088 istis

271 1145 322 1200 pro
335 1126 482 1201 dirigendis
494 1128 616 1200 vestigiis
634 1129 745 1192 vestris,
763 1130 916 1202 vacuisque
929 1130 1057 1200 parandis
1070 1130 1259 1202 processibus,
1281 1143 1380 1183 moram
1393 1141 1453 1178 nunc

272 1235 359 1289 usque
377 1218 495 1273 duxerim
512 1218 732 1290 protrahendam,
751 1237 817 1275 ecce
835 1221 861 1275 iu
879 1224 978 1276 terram
996 1237 1079 1276 meam
1098 1220 1124 1275 in
1137 1220 1245 1275 instanti
1257 1217 1348 1274 redire
1360 1217 1457 1277 festino,

273 1312 304 1362 ut
322 1309 356 1363 ad
375 1310 500 1378 obsequia
518 1314 606 1365 vestra
624 1309 786 1379 paratiorem
805 1313 833 1366 et
850 1311 1043 1383 promptiorem
1063 1327 1104 1366 me
1124 1310 1239 1365 reddere
1258 1310 1375 1371 valeam,
1394 1305 1459 1362 iuxta

274 1398 382 1454 lemene
396 1398 556 1453 desiderium
570 1400 660 1454 cordis
673 1401 731 1456 mei.

366 1490 404 1544 lst
422 1506 470 1545 vor
491 1490 551 1544 dem
570 1491 689 1561 Reginus
708 1490 755 1546 des
773 1492 888 1563 Krieges
902 1508 990 1564 gagen
1004 1491 1104 1548 Otahar
1117 1491 1193 1546 1276
1205 1491 1267 1547 Juui
1280 1490 1326 1546 21.
1339 1491 1392 1546 111
1404 1489 1464 1542 nach

277 1580 335 1634 dem
347 1579 512 1652 lleichstage
524 1599 558 1636 au
573 1582 717 1654 Augsburg
730 1581 801 1637 1271
815 1583 866 1637 ltlei
880 1583 923 1637 15.
935 1583 1117 1653 geschrieoen.

851 1809 915 1880 29.

656 1986 796 2067 Princeps
812 1986 875 2064 regi
891 1985 1098 2049 Romanarum.

835 2144 926 2198 1277?

283 2285 335 2339 Eia
360 2287 443 2340 Foirat
472 2286 544 2341 bittet
566 2286 659 2341 ceineas
684 2287 783 2359 111119,
812 2287 861 2342 mit
885 2290 944 2343 dem
969 2287 1115 2342 Auadruclr
1139 2288 1189 2342 der
1214 2287 1321 2342 111111
1344 2285 1412 2342 ather
1434 2285 1476 2340 die
1581 2244 1582 2291 i

284 2376 467 2448 Bewditipunp
488 2376 577 2432 seim
598 2377 713 2445 deinde,
736 2395 779 2433 um
801 2377 901 2433 111111
921 2376 1104 2435 Ν1111111111
1126 2379 1182 2433 aad
1200 2379 1272 2432 stelit
1289 2376 1348 2434 nich
1369 2375 1423 2432 ilem
1435 2392 1478 2429 cur

803 2469 962 2542 Veafttpunp.

378 2610 460 2666 Gerb.
474 2611 501 2673 3,
514 2612 540 2666 2.

378 2758 515 2822 Necesse
550 2765 598 2824 est
623 2760 838 2826 inconcussum
865 2761 930 2825 fore
958 2761 1075 2824 virtutis
1104 2760 1203 2824 divine
1237 2760 1421 2843 promissum
1456 2763 1485 2820 et

291 2866 387 2929 omnis
404 2868 546 2949 potencia
562 2867 600 2930 11
622 2867 766 2933 nichilum
788 2870 1021 2954 1111111111),
1044 2888 1102 2953 que
1127 2875 1233 2934 contra
1255 2875 1360 2934 nutum
1376 2866 1482 2932 summi

289 2978 435 3061 principis
464 2980 752 3067 concionatore).
787 2981 941 3063 Scriptum
969 2987 1017 3044 est
1045 2980 1124 3044 enim
1146 2981 1303 3064 quitquam
1324 2979 1487 3061 malignum

292 3088 847 3172 11111111111111111111111111,
876 3109 944 3153 cum
973 3090 1088 3153 sederit
1109 3108 1202 3171 super
1228 3089 1343 3152 sedern.
1375 3088 1417 3151 Et
1444 3090 1488 3149 est

293 3195 416 3279 spiritus
437 3196 494 3259 Dei
517 3197 569 3281 qui
590 3198 737 3281 loquitur,
761 3205 865 3263 contra
889 3218 978 3282 quem
995 3199 1133 3262 attollere
1156 3202 1270 3262 trustra
1292 3197 1389 3261 omnis
1406 3215 1487 3260 arro·

294 3301 402 3384 gaucia
422 3301 641 3385 comprobatur.
669 3304 844 3369 Audivimus
868 3306 1032 3370 iustissime
1053 3326 1116 3377 rex,
1139 3304 1285 3388 quosdam
1302 3303 1332 3366 in
1348 3302 1488 3366 rebellio·

295 3412 341 3474 nia
370 3411 527 3476 audaciam
549 3419 654 3477 contra
677 3414 866 3479 maiestatem
888 3415 1003 3497 regiam
1030 3415 1270 3497 presumpsisse,
1305 3420 1336 3477 et
1365 3417 1488 3475 conatos

179 3520 391 3584 cousuluisse
414 3521 480 3584 sedi
503 3522 623 3586 iusticie
645 3522 810 3587 adversari.
844 3522 926 3606 Quos
950 3524 1131 3588 excellencia
1154 3530 1256 3588 vestra
1272 3520 1490 3604 triumphaliter

299 3629 468 3712 superando
496 3629 629 3712 subegit,
656 3631 695 3694 11
722 3633 843 3714 planum
871 3632 988 3696 sedavit
1015 3631 1112 3695 obicis
1140 3651 1292 3714 asperum,
1320 3631 1395 3694 fecit
1417 3629 1488 3692 dure

299 3742 398 3806 mollia
414 3761 451 3804 ao
466 3741 593 3804 hostiles
609 3742 760 3804 elaciones
777 3761 890 3805 cornua
908 3741 1025 3805 stabilia
1042 3763 1102 3806 non
1117 3741 1241 3805 habere.
1268 3742 1368 3823 Super
1384 3739 1490 3824 quibus

302 3851 393 3915 corda
423 3856 527 3921 nostra
558 3850 717 3934 conceptis
749 3851 869 3933 gaudiis
907 3851 1106 3933 adimplentur
1138 3856 1169 3914 et
1200 3871 1260 3913 non
1293 3849 1434 3913 desinunt
1463 3847 1492 3908 in

302 3960 447 4024 felicitate
464 3960 549 4041 regia
565 3960 709 4024 reflorere
724 3959 923 4043 tripudiorum
946 3960 1118 4024 recentibus
1143 3960 1338 4024 ornamentis.
1371 3960 1426 4022 llio
1448 3960 1494 4019 est

304 4072 383 4135 enim
403 4072 566 4153 precipuus
587 4071 696 4135 mentis
719 4077 823 4136 nostre
846 4073 954 4144 ardor,
983 4071 1041 4134 hec
1063 4075 1166 4134 nostra
1189 4069 1292 4132 intima
1320 4068 1435 4138 votiva,
1463 4070 1494 4129 ut

304 4178 472 4243 sublimitas
484 4184 597 4249 vestra,
610 4182 821 4263 cunctissepta
833 4180 1001 4263 prosperis,
1012 4178 1206 4242 incrementis
1220 4178 1351 4241 assiduis
1364 4176 1494 4240 conden-

304 4292 398 4351 setur.
421 4288 532 4352 Verum
549 4289 618 4371 quia
635 4288 789 4351 efficacius
807 4289 960 4353 declarata
976 4289 1042 4370 plus
1059 4288 1160 4351 valent
1187 4293 1218 4350 et
1243 4286 1338 4350 locius
1354 4283 1494 4370 principis

305 4396 437 4477 gloriosa
465 4397 600 4459 asser-cio
628 4397 789 4470 subintrat,
817 4397 902 4479 regie
929 4396 1080 4460 maiestati
1108 4396 1257 4460 attencius
1286 4396 1495 4478 supplicamus,

307 4512 453 4589 quatenus
470 4505 508 4569 de
524 4506 633 4570 vestris
649 4506 856 4590 processibus,
873 4505 982 4590 quihus
995 4505 1190 4588 providencia
1200 4501 1303 4568 'divina
1316 4505 1496 4588 subpeditat,

400 4706 434 4772 a)
451 4707 616 4761 convertitur
627 4708 654 4760 Z.
673 4737 698 4746 -
717 4707 749 4777 d)
764 4710 952 4777 congrassatur
966 4708 992 4759 Ζ.
