3209 5392
256 446 350 568 333

255 685 321 729 333
344 666 459 740 eidem,
486 666 568 750 quod
590 686 647 731 neo
669 668 709 732 ad
723 666 896 731 mundatum
912 667 995 745 sedis
1018 669 1201 751 apostolice,
1229 691 1286 734 nec
1313 662 1457 753 pretextu

181 860 185 867 ἢ
255 775 410 839 sentencie
437 775 484 840 uel
512 756 665 859 precepti,
694 795 713 839 a
741 794 919 859 quocunque
946 775 1099 841 hominum
1119 778 1311 860 proferendi,
1340 779 1456 862 aliquid

252 884 434 955 laceremus,
452 884 532 967 quod
548 904 566 948 3
583 904 639 948 333
654 882 810 967 proposito
828 882 966 956 distaret,
985 903 1043 968 quo
1066 890 1172 949 sancte
1195 885 1261 950 sedi
1284 888 1453 968 apostolice

254 999 285 1056 et
298 994 429 1055 Romano
446 993 571 1075 imperio
588 998 728 1075 proterve
746 992 892 1056 resistere
909 991 1100 1075 disponebat,
1128 1014 1189 1057 non
1205 994 1300 1058 solum
1316 1014 1334 1058 a
1350 994 1453 1067 nobis,

253 1121 357 1165 verum
385 1102 481 1165 eciam
509 1100 548 1164 ab
576 1100 771 1165 interioribus
806 1101 1034 1185 quibuscunque
1062 1101 1186 1184 prelatis
1216 1103 1340 1185 exigens
1368 1109 1454 1166 metu

182 1246 184 1249 .
252 1209 381 1273 terribili
409 1209 513 1273 illicita
541 1209 717 1273 iuramenta.
756 1208 853 1274 Nobis
882 1215 981 1274 autem
1009 1211 1186 1275 nolentibus
1211 1209 1362 1294 inquinari
1388 1211 1452 1275 hoc

253 1319 386 1391 scelere,
414 1318 568 1382 servitutis
584 1318 687 1400 iugum
704 1338 844 1400 asperum
860 1318 1018 1400 imposuit,
1048 1318 1143 1382 delixa
1166 1326 1267 1385 mente
1283 1320 1453 1402 disponens

252 1427 460 1491 innocencium
491 1433 624 1492 nostram
662 1427 819 1512 exquisitis
857 1428 988 1509 perdere
1018 1429 1186 1491 tortoribus
1218 1436 1249 1493 et
1280 1429 1453 1500 tormentis,

253 1534 400 1598 ecclesias
417 1541 548 1607 nostras,
566 1533 705 1598 civitates
723 1540 753 1597 et
771 1539 872 1598 333133
888 1555 906 1598 3
922 1535 1125 1600 fundamentis
1148 1535 1282 1599 subverti
1300 1535 1453 1620 disposuit

251 1662 307 1727 per
322 1643 462 1707 incendia
485 1649 516 1707 et
537 1644 667 1727 rapinas.
701 1643 739 1707 Et
763 1643 898 1726 quamvis
921 1645 1066 1707 melorum
1080 1651 1233 1709 tantorum
1249 1646 1385 1709 cumulus
1411 1644 1452 1708 ad
1509 1673 1513 1679 ·

251 1734 618 1816 3333333333313133
640 1751 813 1825 sufficeret,
840 1773 877 1814 ex
903 1752 962 1815 hec
983 1758 1084 1816 13333
1105 1754 1265 1818 tormidine
1295 1754 1369 1817 13311
1392 1774 1450 1817 333

249 1878 373 1942 prorsus
390 1859 542 1923 exanimes
558 1859 600 1946 a)
617 1880 670 1923 rex
696 1859 871 1942 predictus,
899 1860 981 1943 quod
1009 1879 1078 1923 cum
1103 1862 1240 1944 tyrannis
1269 1867 1300 1926 et
1321 1861 1450 1945 regibus

251 1964 446 2032 Tartarorum
482 1968 553 2032 fedo
592 1967 749 2032 societatis
780 1968 886 2032 federe
919 1990 953 2031 se
985 1969 1139 2032 coniunxit
1160 1969 1197 2055 1).
1235 1971 1297 2033 Has
1329 1977 1452 2034 nostras

250 2077 388 2141 miserias
405 2076 577 2141 3113133133
595 2076 778 2141 christianus
793 2077 950 2159 princeps,
975 2077 1124 2140 dominus
1140 2086 1245 2142 noster
1262 2079 1450 2161 liudolphus,

250 2187 449 2250 Romanorum
464 2207 518 2250 rex
532 2185 759 2258 serenissimus,
775 2184 914 2258 audiens,
932 2190 963 2249 et
975 2186 1151 2269 frequenter
1162 2187 1325 2249 exaudiens
1338 2206 1450 2269 preces

254 2300 385 2367 nostras,
399 2300 586 2377 congregata
597 2295 776 2360 fortitudine
789 2295 941 2358 exercitus
957 2293 1107 2366 militaris,
1120 2293 1158 2358 ab
1172 2293 1282 2359 ultimis
1294 2295 1450 2359 11333313

250 2402 359 2466 finibus
389 2409 489 2487 333133
515 2403 625 2473 33311,
653 2404 743 2485 longa
764 2408 913 2467 terrarum
941 2401 1045 2485 spacia
1073 2407 1105 2466 et
1132 2402 1269 2466 diversas
1297 2404 1451 2468 transiens

251 2514 406 2585 naciones,
423 2512 504 2575 31333
521 2512 632 2575 133133
648 2518 822 2576 sanctorum
835 2511 965 2574 omnium
978 2511 1099 2576 intravit
1113 2510 1396 2576 districtushustrie
1406 2511 1450 2599 2),

250 2643 309 2684 non
338 2620 502 2683 formidans
518 2626 671 2702 prerupta
694 2619 851 2683 cacumina
873 2620 1040 2692 3333133,
1069 2639 1129 2683 333
1151 2619 1318 2683 abhorrens
1339 2620 1451 2684 intem·

133 2748 176 2786 33.
185 2748 240 2790 333.
250 2729 366 2811 perlem
381 2728 526 2810 temporis
542 2728 701 2810 hyemalis,
718 2748 775 2791 uec
793 2729 934 2792 deferens
951 2729 1019 2793 altis
1036 2727 1155 2792 nivibus
1177 2729 1278 2811 gelide
1302 2728 1448 2812 regionis.

250 2837 412 2922 Postquam
439 2836 625 2920 principatus
653 2838 773 2900 Austrie
803 2844 834 2901 31
864 2837 964 2921 Styrie
993 2837 1088 2920 signis
1116 2837 1293 2902 victricibus
1326 2837 1448 2901 sortiter

249 2946 460 3029 triumphavit,
489 2947 641 3011 civitatem
665 2948 882 3020 Winnensem,
911 2947 992 3012 inter
1018 2947 1092 3011 31133
1115 2946 1251 3030 parcium
1280 2953 1450 3011 nostrarum

250 3056 402 3141 optimam,
413 3075 500 3140 quam
513 3057 612 3120 adhuc
624 3057 828 3120 rexBohemie
841 3057 871 3120 in
885 3077 938 3119 sue
951 3057 1047 3121 tenuit
1055 3061 1217 3138 potestate,
1226 3057 1349 3138 copioso
1358 3056 1451 3121 cinxit

250 3165 384 3229 exercitu
395 3164 442 3252 8),
466 3164 591 3228 navibus
609 3165 840 3238 nichilominus,
862 3171 1006 3248 apparatu
1022 3165 1132 3228 bellico
1148 3163 1275 3228 mirifice
1292 3165 1451 3236 ordinatis,

249 3272 357 3358 quibus
373 3273 466 3337 latum
482 3272 613 3336 Danubii
628 3274 740 3336 flumen
756 3272 886 3336 transire
908 3273 1073 3356 disposuit,
1103 3279 1136 3336 ut
1157 3273 1327 3356 predictum
1344 3292 1450 3356 regern

241 3381 404 3455 bohemie,
421 3381 481 3446 iam
498 3382 536 3445 de
552 3382 624 3464 luge
640 3382 774 3464 presidio
792 3382 995 3465 cogitantem,
1018 3381 1048 3444 in
1072 3382 1165 3446 corde
1181 3382 1336 3455 Bohemie,
1360 3382 1450 3445 velud

248 3493 409 3573 profugum
425 3498 600 3574 occuparet.
633 3490 742 3554 Dictus
759 3511 832 3554 vero
848 3491 1049 3553 Bohemorum
1065 3511 1129 3562 rex,
1151 3510 1224 3553 sano
1249 3490 1370 3574 quidem
1394 3491 1451 3553 sed

249 3599 335 3663 tardo
352 3601 448 3664 fretus
466 3598 602 3671 consilio,
619 3618 784 3682 paucorum
801 3599 919 3663 dierum
934 3604 1059 3681 treugas
1075 3598 1172 3680 petiit,
1184 3598 1296 3680 petitas
1310 3597 1449 3662 obtinuit

248 3709 329 3772 13113
346 3729 421 3793 ques
438 3709 476 3772 ad
492 3708 621 3791 predicti
638 3707 750 3772 domini
767 3708 862 3772 nostri
878 3707 994 3774 Redolfi
1007 3708 1089 3772 venit
1101 3706 1267 3772 exercitum
1284 3713 1315 3771 et
1326 3705 1451 3781 ibidem,

341 3891 375 3960 3)
390 3890 523 3945 examines
539 3888 567 3941 ll.

273 4151 297 4210 1)
316 4152 347 4196 13
374 4150 465 4195 Winter
485 4151 528 4194 des
550 4150 633 4195 Jahres
657 4144 762 4209 musto
783 4147 849 4192 batte
872 4146 914 4192 der
937 4143 1353 4205 11331133131113131313131333311
1371 4142 1453 4187 dieses

313 4246 342 4278 un
355 4233 486 4292 Gregorii.
498 4233 616 4277 berichtet
628 4230 717 4291 (vergi.
726 4230 787 4276 oben
799 4230 823 4274 S.
836 4229 882 4274 308
890 4240 930 4274 no.
942 4226 985 4288 11)
999 4228 1044 4272 und
1056 4227 1210 4286 (1331113133
1222 4224 1453 4272 1131311331331113-

314 4315 420 4369 weisung
438 4315 539 4360 3313133
556 4326 602 4360 von
620 4314 708 4360 013133
724 4313 871 4372 ausgeirbten
889 4311 969 4358 Druck
991 4310 1164 4372 gescbriebsus
1190 4310 1328 4354 3333133133
1349 4307 1447 4360 erimus,
1518 4347 1520 4350 ⁴
1542 4332 1550 4343 ·

314 4399 340 4443 31
350 4397 483 4444 immobiles
493 4396 645 4455 persistemus
657 4397 733 4442 donec
743 4395 852 4440 eumdum
861 4406 932 4452 super
948 4404 992 4440 uos
1003 4392 1067 4454 regis
1076 4393 1174 4446 esteroi,
1192 4404 1236 4448 per
1252 4391 1359 4437 Vestru·
1376 4388 1449 4434 mini-

314 4482 414 4525 sterium
432 4480 559 4524 videamus.
577 4479 694 4525 Bodmunn
712 4490 766 4537 png.
785 4477 823 4522 1³.

276 4560 299 4620 ²)
317 4561 400 4607 1113333
417 4562 500 4606 batum
519 4559 550 4605 ist
566 4573 685 4618 ungeusu,
702 4563 762 4607 denn
780 4561 856 4607 sebon
873 4571 908 4605 am
932 4557 971 4605 10.
989 4557 1095 4605 October
1112 4553 1365 4603 mocissenorum
1382 4551 1441 4598 Line

315 4643 372 4702 Reg.
391 4643 449 4688 llud.
469 4656 507 4687 no.
531 4642 584 4688 176.
675 4691 678 4696 Ι

277 4724 299 4785 1)
318 4725 361 4771 Die
377 4725 526 4784 Belagerung
543 4725 635 4783 bagnum
652 4738 687 4770 arn
708 4725 743 4771 18.
763 4724 877 4770 October.
896 4722 1069 4783 1133113313.
1089 4723 1144 4768 280.
