3209 5392
713 891 779 961 36,

477 1067 645 1132 dordinclis
660 1066 693 1132 11.
710 1068 907 1130 bononorum
923 1067 996 1147 rogi.

698 1224 779 1279 1273.

136 1371 187 1426 llio
203 1369 334 1425 Cardiuol
350 1368 448 1430 aanor
459 1371 518 1426 dem
531 1371 635 1443 Kduipe
646 1368 751 1441 liudolf
765 1367 842 1425 00100
854 1369 960 1424 Frende
978 1369 1044 1424 11100
1057 1369 1152 1423 descen
1165 1363 1338 1438 Kouipcaoobl
1424 1431 1426 1435 ,

137 1479 188 1515 aue
205 1463 263 1516 und
274 1462 373 1527 ,tendet
390 1460 444 1517 abur
461 1481 494 1517 zu
513 1463 613 1518 diesem
626 1462 737 1517 Zweclce
748 1462 806 1516 und
817 1479 875 1516 zum
889 1459 1004 1517 Zciobcu
1017 1459 1106 1514 oeiuer
1125 1454 1334 1529 Willfdbriplccit

646 1551 721 1606 einen
735 1553 827 1605 Buten.

234 1686 398 1761 Gerbertl,
411 1695 438 1749 9.

228 1840 427 1905 sublimitatis
445 1846 546 1905 vestre
563 1842 695 1922 gloriosa
718 1841 871 1922 promocio
896 1840 934 1904 ad
957 1839 1055 1905 tocius
1073 1842 1167 1914 orbis,
1183 1837 1332 1923 imperiali

136 1949 245 2014 lumine
262 1948 362 2013 orbati
378 1949 507 2022 diucius,
525 1947 705 2021 claritatem,
723 1949 761 2012 ad
777 1953 884 2012 sancte
900 1950 1005 2013 matris
1019 1950 1150 2015 ecclesie
1162 1966 1337 2033 propugna-

136 2061 237 2123 culum
265 2063 297 2121 et
318 2059 474 2131 levamen,
502 2058 540 2121 ad
569 2058 733 2121 christiane
761 2057 832 2121 fidei
859 2061 1115 2142 propagacionem
1144 2066 1175 2124 et
1202 2059 1338 2141 gloriam,

136 2167 244 2231 divinis
261 2166 404 2249 auspiciis
417 2173 590 2249 procurata,
604 2185 693 2249 quam
706 2166 766 2230 cito
779 2166 873 2230 michi
886 2167 1016 2232 innotuit
1026 2168 1180 2233 relacione
1193 2168 1338 2238 veridica,

134 2283 218 2342 tanta
235 2295 289 2340 cor
312 2295 411 2338 meum
433 2275 534 2339 leticie
552 2276 708 2339 suavitate
730 2275 883 2358 pertudit,
913 2278 992 2360 quod
1015 2278 1111 2360 ipsam
1134 2297 1192 2342 nec
1214 2275 1338 2341 calamis

134 2405 257 2470 possum
274 2384 423 2458 scribere,
439 2406 497 2449 nec
514 2385 615 2449 verbis
631 2385 765 2469 plenarie
783 2387 951 2459 declarare,
968 2407 1036 2450 cum
1050 2407 1085 2449 ex
1101 2387 1161 2451 boc
1177 2386 1337 2450 manifesto

135 2494 327 2577 collegerim,
357 2493 545 2576 quodpater
567 2493 855 2566 misericordiarum,
886 2513 978 2576 super
1006 2492 1199 2558 desolacione
1230 2492 1335 2577 populi

134 2601 291 2666 christiani
326 2601 430 2665 oculos
457 2601 579 2682 pictatis
596 2602 755 2684 aperiens,
781 2601 870 2666 finem
893 2601 1045 2665 intestinis
1074 2601 1251 2674 discordiis,
1279 2619 1337 2683 quc

135 2709 310 2793 specialiter
336 2710 416 2773 10100
442 2709 560 2774 viscera
588 2711 712 2774 Romani
741 2711 859 2793 imperii
889 2710 1005 2774 diucius
1038 2714 1232 2783 exarserunt,
1264 2707 1338 2773 uelit

136 2821 303 2904 imponere,
320 2823 351 2881 01
374 2838 429 2901 per
450 2824 551 2882 vestre
575 2838 696 2901 semper
716 2818 852 2882 victricis
874 2819 1014 2901 potencie
1042 2818 1200 2883 brachium
1224 2817 1339 2881 mundo

134 2947 252 3012 pacem,
269 2945 326 3009 que
343 2927 444 2990 multis
460 2933 542 2991 retro
558 2926 744 3010 temporibus
760 2928 947 2998 exulaverat,
965 2928 1127 2991 seminare.
1145 2927 1185 2992 Et
1197 2926 1337 3010 quoniam

137 3038 175 3101 ad
198 3034 452 3119 comprobandam
481 3041 658 3118 conceptam
682 3035 720 3097 de
742 3041 844 3098 vestra
873 3035 1057 3099 exaltacione
1080 3035 1229 3108 loticiam,
1257 3035 1337 3098 iuxta

137 3145 239 3209 cordis
256 3144 315 3208 mei
333 3143 537 3216 desidorium,
562 3143 654 3208 certis
672 3143 773 3206 causis
789 3143 1036 3225 prohibentibus,
1052 3163 1112 3209 non
1127 3162 1249 3225 possum
1265 3163 1336 3226 per-

141 3253 284 3318 sonaliter
306 3271 499 3335 comparere,
527 3252 632 3316 virum·
646 3251 803 3334 providum
825 3257 857 3315 et
879 3252 959 3316 omni
980 3251 1104 3316 racione
1131 3250 1337 3334 multipliciter

138 3361 197 3427 lide
215 3362 354 3444 dignum,
382 3361 421 3424 ad
437 3366 569 3424 vostram
585 3359 654 3423 duxi
671 3360 882 3424 celsitudinem
898 3360 1105 3442 dirigendum,
1132 3362 1184 3445 qui
1199 3362 1338 3443 suppleat

137 3471 168 3533 in
185 3471 378 3551 expressione
395 3468 497 3551 gaudii
513 3468 572 3530 moi
589 3468 808 3551 quodammodo
825 3468 921 3532 vicem
939 3489 1054 3542 meam,
1083 3475 1114 3533 ct
1135 3489 1183 3532 me
1201 3456 1337 3533 donuina-

139 3577 220 3642 cioni
235 3582 348 3649 vestre,
369 3576 441 3640 licet
457 3576 625 3649 absentem,
647 3577 878 3659 presencialiter
892 3584 1029 3660 paratum
1051 3579 1089 3641 ad
1105 3583 1205 3642 vestra
1222 3576 1337 3659 regalia

137 3686 263 3769 imperia
279 3692 481 3770 representet.

234 3886 350 3938 Gerbcrt
362 3885 519 3946 0000011001,
538 3882 587 3937 der
599 3882 674 3937 Brief
684 3884 723 3937 sci
736 3900 794 3936 vom
808 3885 981 3938 Patriarchen
994 3884 1124 3939 Raimund
1139 3902 1190 3938 von
1202 3883 1333 3955 Aquilcja.

138 3975 177 4027 Da
190 3974 232 4027 iob
241 3974 343 4044 jedoob
356 3975 445 4029 101011ιο
457 3973 535 4027 licina
549 3972 756 4028 binreicbonden
769 3975 983 4046 Anbaltspnnlrto
998 3975 1082 4038 liudo,
1097 3993 1127 4030 so
1148 3975 1214 4030 babo
1234 3975 1277 4028 ich
1291 3976 1334 4029 dio

138 4063 164 4116 in
178 4064 640 4136 0000000·Ηο001001001110ος01111010
654 4065 857 4135 lnballoangabe
871 4066 1043 4121 boibebnlteo.
