<?xml version="1.0" encoding="UTF-8"?>
<!DOCTYPE html PUBLIC "-//W3C//DTD XHTML 1.0 Transitional//EN"
    "http://www.w3.org/TR/xhtml1/DTD/xhtml1-transitional.dtd">
<html xmlns="http://www.w3.org/1999/xhtml" xml:lang="en" lang="en">
 <head>
  <title>
</title>
<meta http-equiv="Content-Type" content="text/html;charset=utf-8" />
  <meta name='ocr-system' content='tesseract 3.04.00' />
  <meta name='ocr-capabilities' content='ocr_page ocr_carea ocr_par ocr_line ocrx_word'/>
</head>
<body>
  <div class='ocr_page' id='page_1' title='image "./fontesrerumaust00unkngoog_0052.png"; bbox 0 0 3209 5392; ppageno 0'>
   <div class='ocr_carea' id='block_1_1' title="bbox 1276 528 1327 600">
    <p class='ocr_par' dir='ltr' id='par_1_1' title="bbox 1276 528 1327 600">
     <span class='ocr_line' id='line_1_1' title="bbox 1276 528 1327 600; baseline 0.02 -1"><span class='ocrx_word' id='word_1_1' title='bbox 1276 528 1327 600; x_wconf 74' lang='lat'>25</span> 
     </span>
    </p>
   </div>
   <div class='ocr_carea' id='block_1_2' title="bbox 130 702 1449 1552">
    <p class='ocr_par' dir='ltr' id='par_1_2' title="bbox 130 702 1449 1552">
     <span class='ocr_line' id='line_1_2' title="bbox 134 702 1329 788; baseline 0.001 -23"><span class='ocrx_word' id='word_1_2' title='bbox 134 703 258 788; x_wconf 78' lang='lat' dir='ltr'>depende</span> <span class='ocrx_word' id='word_1_3' title='bbox 275 702 414 767; x_wconf 87' lang='lat' dir='ltr'>dicuntur</span> <span class='ocrx_word' id='word_1_4' title='bbox 430 726 466 769; x_wconf 92' lang='lat' dir='ltr'>eo</span> <span class='ocrx_word' id='word_1_5' title='bbox 484 706 564 787; x_wconf 91' lang='lat' dir='ltr'>quod</span> <span class='ocrx_word' id='word_1_6' title='bbox 580 711 718 787; x_wconf 86' lang='lat' dir='ltr'>oporteat</span> <span class='ocrx_word' id='word_1_7' title='bbox 734 726 786 768; x_wconf 91' lang='lat' dir='ltr'>eas</span> <span class='ocrx_word' id='word_1_8' title='bbox 803 704 864 785; x_wconf 90' lang='lat' dir='ltr'>legi</span> <span class='ocrx_word' id='word_1_9' title='bbox 882 702 1002 766; x_wconf 91' lang='lat' dir='ltr'>domino</span> <span class='ocrx_word' id='word_1_10' title='bbox 1019 720 1106 783; x_wconf 88' lang='lat' dir='ltr'>pape.</span> <span class='ocrx_word' id='word_1_11' title='bbox 1131 702 1177 764; x_wconf 89' lang='lat' dir='ltr'>De</span> <span class='ocrx_word' id='word_1_12' title='bbox 1195 722 1329 766; x_wconf 87' lang='lat' dir='ltr'>commu-</span> 
     </span>
     <span class='ocr_line' id='line_1_3' title="bbox 133 808 1330 896; baseline 0.004 -26"><span class='ocrx_word' id='word_1_13' title='bbox 133 809 213 871; x_wconf 86' lang='lat' dir='ltr'>nibus</span> <span class='ocrx_word' id='word_1_14' title='bbox 229 816 259 873; x_wconf 90' lang='lat' dir='ltr'>et</span> <span class='ocrx_word' id='word_1_15' title='bbox 275 811 461 893; x_wconf 77' lang='lat' dir='ltr'>simplicibus</span> <span class='ocrx_word' id='word_1_16' title='bbox 478 814 607 877; x_wconf 91' lang='lat' dir='ltr'>habetur</span> <span class='ocrx_word' id='word_1_17' title='bbox 625 814 729 896; x_wconf 88' lang='lat' dir='ltr'>regula</span> <span class='ocrx_word' id='word_1_18' title='bbox 746 812 910 895; x_wconf 87' lang='lat' dir='ltr'>generalis,</span> <span class='ocrx_word' id='word_1_19' title='bbox 926 809 1006 893; x_wconf 89' lang='lat' dir='ltr'>quod</span> <span class='ocrx_word' id='word_1_20' title='bbox 1024 808 1089 872; x_wconf 89' lang='lat' dir='ltr'>dari</span> <span class='ocrx_word' id='word_1_21' title='bbox 1105 817 1234 890; x_wconf 79' lang='lat' dir='ltr'><strong>possunt</strong></span> <span class='ocrx_word' id='word_1_22' title='bbox 1248 812 1295 874; x_wconf 82' lang='lat' dir='ltr'>vel</span> <span class='ocrx_word' id='word_1_23' title='bbox 1312 833 1330 875; x_wconf 89' lang='lat' dir='ltr'>a</span> 
     </span>
     <span class='ocr_line' id='line_1_4' title="bbox 135 918 1327 1005; baseline 0.004 -26"><span class='ocrx_word' id='word_1_24' title='bbox 135 918 243 982; x_wconf 88' lang='lat' dir='ltr'>notario</span> <span class='ocrx_word' id='word_1_25' title='bbox 259 919 308 982; x_wconf 86' lang='lat' dir='ltr'>vel</span> <span class='ocrx_word' id='word_1_26' title='bbox 324 940 342 983; x_wconf 89' lang='lat' dir='ltr'>a</span> <span class='ocrx_word' id='word_1_27' title='bbox 358 918 397 1005; x_wconf 67' lang='grc' dir='ltr'>ο)</span> <span class='ocrx_word' id='word_1_28' title='bbox 414 922 607 994; x_wconf 88' lang='lat' dir='ltr'>cancellario,</span> <span class='ocrx_word' id='word_1_29' title='bbox 624 943 661 985; x_wconf 93' lang='lat' dir='ltr'>eo</span> <span class='ocrx_word' id='word_1_30' title='bbox 678 922 759 1005; x_wconf 87' lang='lat' dir='ltr'>quod</span> <span class='ocrx_word' id='word_1_31' title='bbox 775 927 891 984; x_wconf 89' lang='lat' dir='ltr'>tantum</span> <span class='ocrx_word' id='word_1_32' title='bbox 908 920 1079 982; x_wconf 77' lang='lat' dir='ltr'>contineant</span> <span class='ocrx_word' id='word_1_33' title='bbox 1094 918 1141 980; x_wconf 91' lang='lat' dir='ltr'>ius</span> <span class='ocrx_word' id='word_1_34' title='bbox 1159 939 1327 984; x_wconf 89' lang='lat' dir='ltr'>commune.</span> 
     </span>
     <span class='ocr_line' id='line_1_5' title="bbox 132 1025 1449 1110; baseline 0.006 -23"><span class='ocrx_word' id='word_1_35' title='bbox 132 1025 162 1087; x_wconf 93' lang='lat' dir='ltr'>ln</span> <span class='ocrx_word' id='word_1_36' title='bbox 176 1025 231 1088; x_wconf 91' lang='lat' dir='ltr'>hiis</span> <span class='ocrx_word' id='word_1_37' title='bbox 247 1027 427 1110; x_wconf 80' lang='lat' dir='ltr'>relinquitur</span> <span class='ocrx_word' id='word_1_38' title='bbox 448 1029 557 1092; x_wconf 91' lang='lat' dir='ltr'>iudicis</span> <span class='ocrx_word' id='word_1_39' title='bbox 577 1030 701 1093; x_wconf 88' lang='lat' dir='ltr'>discreti</span> <span class='ocrx_word' id='word_1_40' title='bbox 717 1028 855 1100; x_wconf 88' lang='lat' dir='ltr'>arbitrio,</span> <span class='ocrx_word' id='word_1_41' title='bbox 877 1047 966 1110; x_wconf 88' lang='lat' dir='ltr'>quam</span> <span class='ocrx_word' id='word_1_42' title='bbox 981 1045 1090 1108; x_wconf 90' lang='lat' dir='ltr'>penam</span> <span class='ocrx_word' id='word_1_43' title='bbox 1105 1026 1177 1090; x_wconf 86' lang='lat' dir='ltr'>velit</span> <span class='ocrx_word' id='word_1_44' title='bbox 1193 1027 1331 1110; x_wconf 85' lang='lat' dir='ltr'>infligere</span> <span class='ocrx_word' id='word_1_45' title='bbox 1342 1055 1386 1094; x_wconf 80' lang='lat' dir='ltr'>ru.</span> <span class='ocrx_word' id='word_1_46' title='bbox 1397 1055 1421 1094; x_wconf 78' lang='grc' dir='ltr'>ιι</span> <span class='ocrx_word' id='word_1_47' title='bbox 1431 1069 1449 1095; x_wconf 65' lang='lat'>0.</span> 
     </span>
     <span class='ocr_line' id='line_1_6' title="bbox 135 1134 1331 1215; baseline 0.003 -18"><span class='ocrx_word' id='word_1_48' title='bbox 135 1136 309 1209; x_wconf 81' lang='lat' dir='ltr'>contumaci,</span> <span class='ocrx_word' id='word_1_49' title='bbox 327 1156 415 1200; x_wconf 90' lang='lat' dir='ltr'>unam</span> <span class='ocrx_word' id='word_1_50' title='bbox 430 1137 573 1201; x_wconf 90' lang='lat' dir='ltr'>videlicet</span> <span class='ocrx_word' id='word_1_51' title='bbox 588 1159 625 1200; x_wconf 84' lang='lat' dir='ltr'>ex</span> <span class='ocrx_word' id='word_1_52' title='bbox 640 1137 755 1210; x_wconf 88' lang='lat' dir='ltr'>tribus,</span> <span class='ocrx_word' id='word_1_53' title='bbox 779 1137 849 1200; x_wconf 90' lang='lat' dir='ltr'>dum</span> <span class='ocrx_word' id='word_1_54' title='bbox 872 1135 951 1199; x_wconf 87' lang='lat' dir='ltr'>enirn</span> <span class='ocrx_word' id='word_1_55' title='bbox 974 1134 1086 1197; x_wconf 92' lang='lat' dir='ltr'>dicitur</span> <span class='ocrx_word' id='word_1_56' title='bbox 1100 1153 1156 1215; x_wconf 91' lang='lat' dir='ltr'>per</span> <span class='ocrx_word' id='word_1_57' title='bbox 1171 1154 1331 1201; x_wconf 90' lang='lat' dir='ltr'>censuram</span> 
     </span>
     <span class='ocr_line' id='line_1_7' title="bbox 133 1243 1391 1328; baseline 0.005 -23"><span class='ocrx_word' id='word_1_58' title='bbox 133 1245 369 1308; x_wconf 90' lang='lat' dir='ltr'>ecclesiasticam</span> <span class='ocrx_word' id='word_1_59' title='bbox 383 1246 561 1328; x_wconf 76' lang='lat' dir='ltr'>intelligitur</span> <span class='ocrx_word' id='word_1_60' title='bbox 581 1247 785 1319; x_wconf 88' lang='lat' dir='ltr'>interdictum,</span> <span class='ocrx_word' id='word_1_61' title='bbox 809 1243 1083 1310; x_wconf 71' lang='lat' dir='ltr'>elcommunicacio</span> <span class='ocrx_word' id='word_1_62' title='bbox 1102 1248 1132 1306; x_wconf 85' lang='lat' dir='ltr'>et</span> <span class='ocrx_word' id='word_1_63' title='bbox 1155 1248 1325 1327; x_wconf 88' lang='lat' dir='ltr'>suspensio.</span> <span class='ocrx_word' id='word_1_64' title='bbox 1389 1277 1391 1280; x_wconf 47' lang='lat'><strong>⁴</strong></span> 
     </span>
     <span class='ocr_line' id='line_1_8' title="bbox 135 1353 1328 1438; baseline 0.003 -20"><span class='ocrx_word' id='word_1_65' title='bbox 135 1355 191 1418; x_wconf 86' lang='lat' dir='ltr'>Sed</span> <span class='ocrx_word' id='word_1_66' title='bbox 206 1375 276 1418; x_wconf 90' lang='lat' dir='ltr'>cum</span> <span class='ocrx_word' id='word_1_67' title='bbox 292 1355 418 1419; x_wconf 91' lang='lat' dir='ltr'>arduum</span> <span class='ocrx_word' id='word_1_68' title='bbox 435 1361 482 1419; x_wconf 85' lang='lat' dir='ltr'>est</span> <span class='ocrx_word' id='word_1_69' title='bbox 498 1358 669 1437; x_wconf 89' lang='lat' dir='ltr'>negocium,</span> <span class='ocrx_word' id='word_1_70' title='bbox 687 1356 815 1438; x_wconf 82' lang='lat' dir='ltr'>legende</span> <span class='ocrx_word' id='word_1_71' title='bbox 830 1362 900 1419; x_wconf 86' lang='lat' dir='ltr'>sunt</span> <span class='ocrx_word' id='word_1_72' title='bbox 913 1354 1032 1418; x_wconf 90' lang='lat' dir='ltr'>domino</span> <span class='ocrx_word' id='word_1_73' title='bbox 1045 1371 1122 1434; x_wconf 91' lang='lat' dir='ltr'>pape</span> <span class='ocrx_word' id='word_1_74' title='bbox 1134 1353 1231 1428; x_wconf 85' lang='lat' dir='ltr'>litere,</span> <span class='ocrx_word' id='word_1_75' title='bbox 1249 1365 1280 1420; x_wconf 94' lang='lat' dir='ltr'>et</span> <span class='ocrx_word' id='word_1_76' title='bbox 1301 1360 1328 1421; x_wconf 89' lang='lat' dir='ltr'>si</span> 
     </span>
     <span class='ocr_line' id='line_1_9' title="bbox 130 1460 1246 1552; baseline 0 -25"><span class='ocrx_word' id='word_1_77' title='bbox 130 1485 183 1528; x_wconf 94' lang='lat' dir='ltr'>non</span> <span class='ocrx_word' id='word_1_78' title='bbox 197 1463 340 1545; x_wconf 83' lang='lat' dir='ltr'>leguntur</span> <span class='ocrx_word' id='word_1_79' title='bbox 355 1464 394 1535; x_wconf 93' lang='lat' dir='ltr'>ei,</span> <span class='ocrx_word' id='word_1_80' title='bbox 411 1465 497 1547; x_wconf 88' lang='lat' dir='ltr'>quasi</span> <span class='ocrx_word' id='word_1_81' title='bbox 513 1484 568 1546; x_wconf 91' lang='lat' dir='ltr'>per</span> <span class='ocrx_word' id='word_1_82' title='bbox 584 1465 809 1547; x_wconf 73' lang='lat' dir='ltr'>surreptionem</span> <span class='ocrx_word' id='word_1_83' title='bbox 826 1465 949 1528; x_wconf 89' lang='lat' dir='ltr'>obtente</span> <span class='ocrx_word' id='word_1_84' title='bbox 966 1482 1025 1525; x_wconf 90' lang='lat' dir='ltr'>non</span> <span class='ocrx_word' id='word_1_85' title='bbox 1041 1460 1181 1525; x_wconf 86' lang='lat' dir='ltr'>valebunt</span> <span class='ocrx_word' id='word_1_86' title='bbox 1196 1461 1246 1552; x_wconf 76' lang='lat' dir='ltr'>l).</span> 
     </span>
    </p>
   </div>
   <div class='ocr_carea' id='block_1_3' title="bbox 212 1756 1238 1841">
    <p class='ocr_par' dir='ltr' id='par_1_3' title="bbox 212 1756 1238 1841">
     <span class='ocr_line' id='line_1_10' title="bbox 212 1756 1238 1841; baseline -0.001 -21"><span class='ocrx_word' id='word_1_87' title='bbox 212 1756 387 1841; x_wconf 78' lang='lat' dir='ltr'>llxenrplunr</span> <span class='ocrx_word' id='word_1_88' title='bbox 403 1756 523 1841; x_wconf 72' lang='lat' dir='ltr'>papalis</span> <span class='ocrx_word' id='word_1_89' title='bbox 540 1757 756 1821; x_wconf 79' lang='lat' dir='ltr'>commissionis</span> <span class='ocrx_word' id='word_1_90' title='bbox 778 1758 810 1820; x_wconf 90' lang='lat' dir='ltr'>ln</span> <span class='ocrx_word' id='word_1_91' title='bbox 827 1775 919 1822; x_wconf 73' lang='lat' dir='ltr'>cusa</span> <span class='ocrx_word' id='word_1_92' title='bbox 935 1758 1087 1840; x_wconf 80' lang='lat' dir='ltr'>splrltuall</span> <span class='ocrx_word' id='word_1_93' title='bbox 1103 1757 1238 1837; x_wconf 76' lang='lat' dir='ltr'>legende.</span> 
     </span>
    </p>
   </div>
   <div class='ocr_carea' id='block_1_4' title="bbox 126 1951 1394 3456">
    <p class='ocr_par' dir='ltr' id='par_1_4' title="bbox 126 1951 1394 3456">
     <span class='ocr_line' id='line_1_11' title="bbox 211 1951 1322 2036; baseline -0.001 -21"><span class='ocrx_word' id='word_1_94' title='bbox 211 1953 380 2035; x_wconf 85' lang='lat' dir='ltr'>Gregorius</span> <span class='ocrx_word' id='word_1_95' title='bbox 398 1953 559 2035; x_wconf 91' lang='lat' dir='ltr'>episcopus</span> <span class='ocrx_word' id='word_1_96' title='bbox 577 1953 616 2036; x_wconf 71' lang='grc' dir='ltr'>ο]</span> <span class='ocrx_word' id='word_1_97' title='bbox 632 1973 737 2015; x_wconf 85' lang='lat' dir='ltr'>servus</span> <span class='ocrx_word' id='word_1_98' title='bbox 761 1974 915 2016; x_wconf 89' lang='lat' dir='ltr'>servorum</span> <span class='ocrx_word' id='word_1_99' title='bbox 932 1954 987 2015; x_wconf 88' lang='lat' dir='ltr'>Dei</span> <span class='ocrx_word' id='word_1_100' title='bbox 1011 1954 1131 2017; x_wconf 92' lang='lat' dir='ltr'>dilectis</span> <span class='ocrx_word' id='word_1_101' title='bbox 1153 1954 1184 2015; x_wconf 91' lang='lat' dir='ltr'>iu</span> <span class='ocrx_word' id='word_1_102' title='bbox 1201 1951 1322 2015; x_wconf 85' lang='lat' dir='ltr'>Christo</span> 
     </span>
     <span class='ocr_line' id='line_1_12' title="bbox 129 2061 1327 2146; baseline -0.001 -23"><span class='ocrx_word' id='word_1_103' title='bbox 129 2061 266 2125; x_wconf 87' lang='lat' dir='ltr'>iratribus</span> <span class='ocrx_word' id='word_1_104' title='bbox 284 2062 542 2144; x_wconf 84' lang='lat' dir='ltr'>Magdeburgensi</span> <span class='ocrx_word' id='word_1_105' title='bbox 565 2069 595 2126; x_wconf 93' lang='lat' dir='ltr'>et</span> <span class='ocrx_word' id='word_1_106' title='bbox 611 2063 783 2127; x_wconf 85' lang='lat' dir='ltr'>Coloniensi</span> <span class='ocrx_word' id='word_1_107' title='bbox 800 2063 1048 2146; x_wconf 80' lang='lat' dir='ltr'>archiepiscopis,</span> <span class='ocrx_word' id='word_1_108' title='bbox 1062 2062 1211 2125; x_wconf 87' lang='lat' dir='ltr'>iudicibus</span> <span class='ocrx_word' id='word_1_109' title='bbox 1223 2081 1241 2124; x_wconf 91' lang='lat' dir='ltr'>a</span> <span class='ocrx_word' id='word_1_110' title='bbox 1254 2061 1327 2123; x_wconf 91' lang='lat' dir='ltr'>sede</span> 
     </span>
     <span class='ocr_line' id='line_1_13' title="bbox 128 2154 1328 2253; baseline 0.001 -21"><span class='ocrx_word' id='word_1_111' title='bbox 128 2170 287 2251; x_wconf 87' lang='lat' dir='ltr'>apostolica</span> <span class='ocrx_word' id='word_1_112' title='bbox 312 2170 476 2252; x_wconf 84' lang='lat' dir='ltr'>delegatis,</span> <span class='ocrx_word' id='word_1_113' title='bbox 496 2154 630 2234; x_wconf 32' lang='lat' dir='ltr'>‘salutem</span> <span class='ocrx_word' id='word_1_114' title='bbox 662 2177 692 2234; x_wconf 89' lang='lat' dir='ltr'>et</span> <span class='ocrx_word' id='word_1_115' title='bbox 728 2172 924 2253; x_wconf 91' lang='lat' dir='ltr'>apostolicam</span> <span class='ocrx_word' id='word_1_116' title='bbox 955 2171 1205 2234; x_wconf 92' lang='lat' dir='ltr'>benedictionem.</span> <span class='ocrx_word' id='word_1_117' title='bbox 1245 2171 1328 2233; x_wconf 91' lang='lat' dir='ltr'>Bone</span> 
     </span>
     <span class='ocr_line' id='line_1_14' title="bbox 128 2268 1328 2363; baseline 0.002 -22"><span class='ocrx_word' id='word_1_118' title='bbox 128 2281 268 2344; x_wconf 90' lang='lat' dir='ltr'>memorie</span> <span class='ocrx_word' id='word_1_119' title='bbox 290 2268 329 2342; x_wconf 89' lang='lat' dir='ltr'>N.</span> <span class='ocrx_word' id='word_1_120' title='bbox 348 2280 457 2344; x_wconf 90' lang='lat' dir='ltr'>dilecto</span> <span class='ocrx_word' id='word_1_121' title='bbox 474 2281 628 2363; x_wconf 87' lang='lat' dir='ltr'>Mysnensi</span> <span class='ocrx_word' id='word_1_122' title='bbox 646 2281 788 2363; x_wconf 91' lang='lat' dir='ltr'>episcopo</span> <span class='ocrx_word' id='word_1_123' title='bbox 805 2281 882 2345; x_wconf 90' lang='lat' dir='ltr'>viam</span> <span class='ocrx_word' id='word_1_124' title='bbox 899 2282 1037 2343; x_wconf 85' lang='lat' dir='ltr'>universe</span> <span class='ocrx_word' id='word_1_125' title='bbox 1054 2280 1153 2343; x_wconf 90' lang='lat' dir='ltr'>carnis</span> <span class='ocrx_word' id='word_1_126' title='bbox 1176 2282 1328 2361; x_wconf 88' lang='lat' dir='ltr'>ingresso,</span> 
     </span>
     <span class='ocr_line' id='line_1_15' title="bbox 129 2387 1328 2471; baseline 0.003 -22"><span class='ocrx_word' id='word_1_127' title='bbox 129 2388 224 2452; x_wconf 90' lang='lat' dir='ltr'>dilecti</span> <span class='ocrx_word' id='word_1_128' title='bbox 252 2387 325 2461; x_wconf 87' lang='lat' dir='ltr'>filii,</span> <span class='ocrx_word' id='word_1_129' title='bbox 347 2389 516 2471; x_wconf 82' lang='lat' dir='ltr'>Mysnensis</span> <span class='ocrx_word' id='word_1_130' title='bbox 541 2390 672 2452; x_wconf 91' lang='lat' dir='ltr'>ecclesie</span> <span class='ocrx_word' id='word_1_131' title='bbox 694 2390 844 2461; x_wconf 90' lang='lat' dir='ltr'>canonici,</span> <span class='ocrx_word' id='word_1_132' title='bbox 873 2390 951 2452; x_wconf 88' lang='lat' dir='ltr'>siout</span> <span class='ocrx_word' id='word_1_133' title='bbox 966 2390 1168 2471; x_wconf 87' lang='lat' dir='ltr'>percepimus,</span> <span class='ocrx_word' id='word_1_134' title='bbox 1192 2391 1328 2452; x_wconf 91' lang='lat' dir='ltr'>inunum</span> 
     </span>
     <span class='ocr_line' id='line_1_16' title="bbox 130 2496 1327 2580; baseline 0.003 -22"><span class='ocrx_word' id='word_1_135' title='bbox 130 2499 341 2562; x_wconf 82' lang='lat' dir='ltr'>convenientes</span> <span class='ocrx_word' id='word_1_136' title='bbox 375 2497 412 2559; x_wconf 91' lang='lat' dir='ltr'>de</span> <span class='ocrx_word' id='word_1_137' title='bbox 449 2498 541 2561; x_wconf 82' lang='lat' dir='ltr'>futuri</span> <span class='ocrx_word' id='word_1_138' title='bbox 579 2496 730 2579; x_wconf 86' lang='lat' dir='ltr'>pontilicis</span> <span class='ocrx_word' id='word_1_139' title='bbox 770 2498 918 2562; x_wconf 89' lang='lat' dir='ltr'>electione</span> <span class='ocrx_word' id='word_1_140' title='bbox 956 2499 1130 2570; x_wconf 87' lang='lat' dir='ltr'>tractaturi,</span> <span class='ocrx_word' id='word_1_141' title='bbox 1168 2498 1327 2580; x_wconf 84' lang='lat' dir='ltr'>prehabito</span> 
     </span>
     <span class='ocr_line' id='line_1_17' title="bbox 130 2607 1327 2690; baseline 0.003 -22"><span class='ocrx_word' id='word_1_142' title='bbox 130 2607 260 2690; x_wconf 84' lang='lat' dir='ltr'>diligenti</span> <span class='ocrx_word' id='word_1_143' title='bbox 291 2607 418 2672; x_wconf 90' lang='lat' dir='ltr'>consilio</span> <span class='ocrx_word' id='word_1_144' title='bbox 437 2613 477 2679; x_wconf 91' lang='lat' dir='ltr'>et,</span> <span class='ocrx_word' id='word_1_145' title='bbox 494 2608 573 2670; x_wconf 88' lang='lat' dir='ltr'>sieut</span> <span class='ocrx_word' id='word_1_146' title='bbox 600 2608 692 2670; x_wconf 91' lang='lat' dir='ltr'>moris</span> <span class='ocrx_word' id='word_1_147' title='bbox 716 2613 772 2679; x_wconf 85' lang='lat' dir='ltr'>est,</span> <span class='ocrx_word' id='word_1_148' title='bbox 796 2608 919 2690; x_wconf 91' lang='lat' dir='ltr'>spiritus</span> <span class='ocrx_word' id='word_1_149' title='bbox 937 2608 1035 2671; x_wconf 91' lang='lat' dir='ltr'>sancti</span> <span class='ocrx_word' id='word_1_150' title='bbox 1057 2609 1161 2689; x_wconf 90' lang='lat' dir='ltr'>gracia</span> <span class='ocrx_word' id='word_1_151' title='bbox 1177 2608 1327 2680; x_wconf 89' lang='lat' dir='ltr'>invocata,</span> 
     </span>
     <span class='ocr_line' id='line_1_18' title="bbox 130 2715 1329 2801; baseline 0.002 -24"><span class='ocrx_word' id='word_1_152' title='bbox 130 2715 266 2782; x_wconf 88' lang='lat' dir='ltr'>dilectum</span> <span class='ocrx_word' id='word_1_153' title='bbox 289 2715 382 2779; x_wconf 88' lang='lat' dir='ltr'>filium</span> <span class='ocrx_word' id='word_1_154' title='bbox 404 2721 539 2779; x_wconf 91' lang='lat' dir='ltr'>nostrum</span> <span class='ocrx_word' id='word_1_155' title='bbox 555 2715 604 2787; x_wconf 87' lang='lat' dir='ltr'>N.‚</span> <span class='ocrx_word' id='word_1_156' title='bbox 628 2721 782 2778; x_wconf 90' lang='lat' dir='ltr'>cantorem</span> <span class='ocrx_word' id='word_1_157' title='bbox 798 2716 840 2801; x_wconf 82' lang='lat' dir='ltr'>d)</span> <span class='ocrx_word' id='word_1_158' title='bbox 862 2716 984 2778; x_wconf 89' lang='lat' dir='ltr'>maioris</span> <span class='ocrx_word' id='word_1_159' title='bbox 1009 2716 1139 2779; x_wconf 88' lang='lat' dir='ltr'>ecclesie</span> <span class='ocrx_word' id='word_1_160' title='bbox 1156 2717 1187 2778; x_wconf 93' lang='lat' dir='ltr'>in</span> <span class='ocrx_word' id='word_1_161' title='bbox 1203 2717 1329 2798; x_wconf 86' lang='lat' dir='ltr'>Magdo-</span> 
     </span>
     <span class='ocr_line' id='line_1_19' title="bbox 129 2811 1335 2911; baseline 0 -23"><span class='ocrx_word' id='word_1_162' title='bbox 129 2825 231 2899; x_wconf 90' lang='lat' dir='ltr'>burch,</span> <span class='ocrx_word' id='word_1_163' title='bbox 261 2826 489 2907; x_wconf 65' lang='lat' dir='ltr'>rhomumque,</span> <span class='ocrx_word' id='word_1_164' title='bbox 512 2825 592 2887; x_wconf 91' lang='lat' dir='ltr'>sicut</span> <span class='ocrx_word' id='word_1_165' title='bbox 608 2831 757 2896; x_wconf 86' lang='lat' dir='ltr'>asserunt,</span> <span class='ocrx_word' id='word_1_166' title='bbox 773 2825 929 2906; x_wconf 90' lang='lat' dir='ltr'>providum</span> <span class='ocrx_word' id='word_1_167' title='bbox 947 2834 977 2888; x_wconf 91' lang='lat' dir='ltr'>et</span> <span class='ocrx_word' id='word_1_168' title='bbox 1001 2826 1164 2890; x_wconf 91' lang='lat' dir='ltr'>discretum</span> <span class='ocrx_word' id='word_1_169' title='bbox 1188 2833 1277 2911; x_wconf 89' lang='lat' dir='ltr'>atque</span> <span class='ocrx_word' id='word_1_170' title='bbox 1299 2811 1335 2889; x_wconf 81' lang='grc' dir='ltr'>ἰιι</span> 
     </span>
     <span class='ocr_line' id='line_1_20' title="bbox 128 2932 1329 3017; baseline 0.001 -20"><span class='ocrx_word' id='word_1_171' title='bbox 128 2934 339 3017; x_wconf 85' lang='lat' dir='ltr'>temporalibus</span> <span class='ocrx_word' id='word_1_172' title='bbox 366 2939 396 2996; x_wconf 93' lang='lat' dir='ltr'>et</span> <span class='ocrx_word' id='word_1_173' title='bbox 420 2932 622 3014; x_wconf 86' lang='lat' dir='ltr'>spiritualibus</span> <span class='ocrx_word' id='word_1_174' title='bbox 640 2932 903 3015; x_wconf 90' lang='lat' dir='ltr'>circumspectum,</span> <span class='ocrx_word' id='word_1_175' title='bbox 921 2935 1114 2998; x_wconf 86' lang='lat' dir='ltr'>concorditer</span> <span class='ocrx_word' id='word_1_176' title='bbox 1138 2942 1169 2999; x_wconf 90' lang='lat' dir='ltr'>et</span> <span class='ocrx_word' id='word_1_177' title='bbox 1184 2937 1329 2999; x_wconf 87' lang='lat' dir='ltr'>canonice</span> 
     </span>
     <span class='ocr_line' id='line_1_21' title="bbox 130 3041 1329 3133; baseline 0.003 -27"><span class='ocrx_word' id='word_1_178' title='bbox 130 3044 160 3107; x_wconf 91' lang='lat' dir='ltr'>in</span> <span class='ocrx_word' id='word_1_179' title='bbox 184 3051 339 3126; x_wconf 90' lang='lat' dir='ltr'>pastorem</span> <span class='ocrx_word' id='word_1_180' title='bbox 366 3041 425 3105; x_wconf 91' lang='lat' dir='ltr'>sibi</span> <span class='ocrx_word' id='word_1_181' title='bbox 453 3048 484 3105; x_wconf 93' lang='lat' dir='ltr'>et</span> <span class='ocrx_word' id='word_1_182' title='bbox 508 3042 681 3133; x_wconf 88' lang='lat' dir='ltr'>episcopum</span> <span class='ocrx_word' id='word_1_183' title='bbox 706 3043 878 3124; x_wconf 84' lang='lat' dir='ltr'>elegerunt,</span> <span class='ocrx_word' id='word_1_184' title='bbox 902 3043 990 3106; x_wconf 91' lang='lat' dir='ltr'>nobis</span> <span class='ocrx_word' id='word_1_185' title='bbox 1012 3063 1067 3125; x_wconf 91' lang='lat' dir='ltr'>per</span> <span class='ocrx_word' id='word_1_186' title='bbox 1082 3045 1223 3109; x_wconf 85' lang='lat' dir='ltr'>dilectum</span> <span class='ocrx_word' id='word_1_187' title='bbox 1238 3045 1329 3109; x_wconf 89' lang='lat' dir='ltr'>lilium</span> 
     </span>
     <span class='ocr_line' id='line_1_22' title="bbox 128 3149 1394 3237; baseline 0.002 -22"><span class='ocrx_word' id='word_1_188' title='bbox 128 3154 302 3236; x_wconf 87' lang='lat' dir='ltr'>magistrum</span> <span class='ocrx_word' id='word_1_189' title='bbox 333 3151 387 3214; x_wconf 83' lang='lat' dir='ltr'>eh.</span> <span class='ocrx_word' id='word_1_190' title='bbox 406 3198 413 3213; x_wconf 92' lang='lat'><strong>.</strong></span> <span class='ocrx_word' id='word_1_191' title='bbox 433 3200 439 3213; x_wconf 93' lang='lat'><strong>.</strong></span> <span class='ocrx_word' id='word_1_192' title='bbox 459 3199 466 3212; x_wconf 92' lang='lat'><strong>.</strong></span> <span class='ocrx_word' id='word_1_193' title='bbox 487 3150 523 3237; x_wconf 81' lang='lat' dir='ltr'>e)</span> <span class='ocrx_word' id='word_1_194' title='bbox 558 3150 736 3214; x_wconf 86' lang='lat' dir='ltr'>canonicum</span> <span class='ocrx_word' id='word_1_195' title='bbox 775 3149 1028 3232; x_wconf 87' lang='lat' dir='ltr'>Madburgensem</span> <span class='ocrx_word' id='word_1_196' title='bbox 1067 3159 1097 3216; x_wconf 90' lang='lat' dir='ltr'>et</span> <span class='ocrx_word' id='word_1_197' title='bbox 1133 3154 1228 3217; x_wconf 87' lang='lat' dir='ltr'>literis</span> <span class='ocrx_word' id='word_1_198' title='bbox 1265 3157 1327 3218; x_wconf 91' lang='lat' dir='ltr'>suis</span> <span class='ocrx_word' id='word_1_199' title='bbox 1389 3158 1394 3165; x_wconf 88' lang='lat'>&#39;</span> 
     </span>
     <span class='ocr_line' id='line_1_23' title="bbox 126 3260 1328 3344; baseline -0.001 -17"><span class='ocrx_word' id='word_1_200' title='bbox 126 3264 277 3328; x_wconf 90' lang='lat' dir='ltr'>humiliter</span> <span class='ocrx_word' id='word_1_201' title='bbox 292 3261 508 3344; x_wconf 88' lang='lat' dir='ltr'>supplicantes,</span> <span class='ocrx_word' id='word_1_202' title='bbox 537 3267 570 3324; x_wconf 89' lang='lat' dir='ltr'>ut</span> <span class='ocrx_word' id='word_1_203' title='bbox 596 3260 767 3323; x_wconf 92' lang='lat' dir='ltr'>huiusmodi</span> <span class='ocrx_word' id='word_1_204' title='bbox 784 3260 963 3325; x_wconf 90' lang='lat' dir='ltr'>electionem</span> <span class='ocrx_word' id='word_1_205' title='bbox 981 3260 1157 3326; x_wconf 87' lang='lat' dir='ltr'>confirmare</span> <span class='ocrx_word' id='word_1_206' title='bbox 1180 3264 1217 3327; x_wconf 91' lang='lat' dir='ltr'>de</span> <span class='ocrx_word' id='word_1_207' title='bbox 1240 3265 1328 3328; x_wconf 72' lang='lat' dir='ltr'>beni·v</span> 
     </span>
     <span class='ocr_line' id='line_1_24' title="bbox 129 3369 1329 3456; baseline 0.002 -22"><span class='ocrx_word' id='word_1_208' title='bbox 129 3373 238 3454; x_wconf 86' lang='lat' dir='ltr'>gnitate</span> <span class='ocrx_word' id='word_1_209' title='bbox 255 3371 340 3434; x_wconf 88' lang='lat' dir='ltr'>sedis</span> <span class='ocrx_word' id='word_1_210' title='bbox 358 3370 525 3451; x_wconf 91' lang='lat' dir='ltr'>apostolice</span> <span class='ocrx_word' id='word_1_211' title='bbox 542 3370 743 3451; x_wconf 88' lang='lat' dir='ltr'>dignaremur.</span> <span class='ocrx_word' id='word_1_212' title='bbox 758 3369 847 3431; x_wconf 84' lang='lat' dir='ltr'>Licet</span> <span class='ocrx_word' id='word_1_213' title='bbox 863 3375 962 3432; x_wconf 90' lang='lat' dir='ltr'>autem</span> <span class='ocrx_word' id='word_1_214' title='bbox 986 3370 1064 3432; x_wconf 91' lang='lat' dir='ltr'>idem</span> <span class='ocrx_word' id='word_1_215' title='bbox 1088 3373 1214 3435; x_wconf 86' lang='lat' dir='ltr'>nuncius</span> <span class='ocrx_word' id='word_1_216' title='bbox 1238 3394 1329 3456; x_wconf 89' lang='lat' dir='ltr'>super</span> 
     </span>
    </p>
   </div>
   <div class='ocr_carea' id='block_1_5' title="bbox 12 3477 1328 3559">
    <p class='ocr_par' dir='ltr' id='par_1_5' title="bbox 12 3477 1328 3559">
     <span class='ocr_line' id='line_1_25' title="bbox 12 3477 1328 3559; baseline 0 -14"><span class='ocrx_word' id='word_1_217' title='bbox 12 3482 13 3487; x_wconf 71' lang='grc'>’</span> <span class='ocrx_word' id='word_1_218' title='bbox 128 3483 182 3545; x_wconf 89' lang='lat' dir='ltr'>hoc</span> <span class='ocrx_word' id='word_1_219' title='bbox 198 3480 330 3546; x_wconf 91' lang='lat' dir='ltr'>sollicite</span> <span class='ocrx_word' id='word_1_220' title='bbox 347 3479 490 3542; x_wconf 89' lang='lat' dir='ltr'>institerit</span> <span class='ocrx_word' id='word_1_221' title='bbox 506 3484 537 3541; x_wconf 93' lang='lat' dir='ltr'>et</span> <span class='ocrx_word' id='word_1_222' title='bbox 552 3477 725 3559; x_wconf 89' lang='lat' dir='ltr'>prudenter,</span> <span class='ocrx_word' id='word_1_223' title='bbox 739 3483 770 3540; x_wconf 90' lang='lat' dir='ltr'>et</span> <span class='ocrx_word' id='word_1_224' title='bbox 781 3497 837 3540; x_wconf 92' lang='lat' dir='ltr'>nos</span> <span class='ocrx_word' id='word_1_225' title='bbox 849 3478 1015 3559; x_wconf 90' lang='lat' dir='ltr'>provisioni</span> <span class='ocrx_word' id='word_1_226' title='bbox 1031 3480 1167 3559; x_wconf 88' lang='lat' dir='ltr'>predicte</span> <span class='ocrx_word' id='word_1_227' title='bbox 1185 3483 1328 3557; x_wconf 86' lang='lat' dir='ltr'>ecclesie,</span> 
     </span>
    </p>
   </div>
   <div class='ocr_carea' id='block_1_6' title="bbox 130 3586 1328 4426">
    <p class='ocr_par' dir='ltr' id='par_1_6' title="bbox 130 3586 1328 4426">
     <span class='ocr_line' id='line_1_26' title="bbox 130 3586 1325 3677; baseline 0.002 -22"><span class='ocrx_word' id='word_1_228' title='bbox 130 3598 269 3677; x_wconf 90' lang='lat' dir='ltr'>quantum</span> <span class='ocrx_word' id='word_1_229' title='bbox 286 3608 353 3651; x_wconf 89' lang='lat' dir='ltr'>cum</span> <span class='ocrx_word' id='word_1_230' title='bbox 369 3587 433 3651; x_wconf 91' lang='lat' dir='ltr'>Deo</span> <span class='ocrx_word' id='word_1_231' title='bbox 456 3607 635 3669; x_wconf 92' lang='lat' dir='ltr'>possumus,</span> <span class='ocrx_word' id='word_1_232' title='bbox 652 3586 859 3657; x_wconf 87' lang='lat' dir='ltr'>intendamus,</span> <span class='ocrx_word' id='word_1_233' title='bbox 877 3586 945 3668; x_wconf 91' lang='lat' dir='ltr'>quia</span> <span class='ocrx_word' id='word_1_234' title='bbox 962 3592 1062 3650; x_wconf 91' lang='lat' dir='ltr'>tamen</span> <span class='ocrx_word' id='word_1_235' title='bbox 1077 3608 1133 3670; x_wconf 90' lang='lat' dir='ltr'>per</span> <span class='ocrx_word' id='word_1_236' title='bbox 1149 3591 1275 3654; x_wconf 90' lang='lat' dir='ltr'>eundem</span> <span class='ocrx_word' id='word_1_237' title='bbox 1292 3594 1325 3657; x_wconf 83' lang='lat' dir='ltr'>C.</span> 
     </span>
     <span class='ocr_line' id='line_1_27' title="bbox 130 3682 1328 3784; baseline 0 -19"><span class='ocrx_word' id='word_1_238' title='bbox 130 3702 278 3771; x_wconf 91' lang='lat' dir='ltr'>nuncium,</span> <span class='ocrx_word' id='word_1_239' title='bbox 300 3698 459 3780; x_wconf 90' lang='lat' dir='ltr'>presertim</span> <span class='ocrx_word' id='word_1_240' title='bbox 483 3694 612 3781; x_wconf 81' lang='lat' dir='ltr'>f)&#39;cum</span> <span class='ocrx_word' id='word_1_241' title='bbox 636 3695 716 3758; x_wconf 94' lang='lat' dir='ltr'>solus</span> <span class='ocrx_word' id='word_1_242' title='bbox 739 3700 839 3767; x_wconf 91' lang='lat' dir='ltr'>esset,</span> <span class='ocrx_word' id='word_1_243' title='bbox 861 3695 948 3776; x_wconf 92' lang='lat' dir='ltr'>plene</span> <span class='ocrx_word' id='word_1_244' title='bbox 971 3682 1197 3778; x_wconf 88' lang='lat' dir='ltr'>apprehendere</span> <span class='ocrx_word' id='word_1_245' title='bbox 1221 3702 1328 3784; x_wconf 88' lang='lat' dir='ltr'>nequi-</span> 
     </span>
     <span class='ocr_line' id='line_1_28' title="bbox 130 3803 1326 3895; baseline 0.002 -22"><span class='ocrx_word' id='word_1_246' title='bbox 130 3831 190 3874; x_wconf 90' lang='lat' dir='ltr'>mus</span> <span class='ocrx_word' id='word_1_247' title='bbox 203 3808 245 3895; x_wconf 72' lang='lat' dir='ltr'>s)</span> <span class='ocrx_word' id='word_1_248' title='bbox 264 3808 438 3878; x_wconf 87' lang='lat' dir='ltr'>veritatem,</span> <span class='ocrx_word' id='word_1_249' title='bbox 467 3805 602 3868; x_wconf 91' lang='lat' dir='ltr'>nolentes</span> <span class='ocrx_word' id='word_1_250' title='bbox 630 3809 663 3866; x_wconf 91' lang='lat' dir='ltr'>ut</span> <span class='ocrx_word' id='word_1_251' title='bbox 689 3803 802 3886; x_wconf 86' lang='lat' dir='ltr'>aliquid</span> <span class='ocrx_word' id='word_1_252' title='bbox 819 3803 856 3865; x_wconf 90' lang='lat' dir='ltr'>de</span> <span class='ocrx_word' id='word_1_253' title='bbox 881 3804 1124 3885; x_wconf 88' lang='lat' dir='ltr'>contingentibus</span> <span class='ocrx_word' id='word_1_254' title='bbox 1142 3807 1326 3886; x_wconf 88' lang='lat' dir='ltr'>obmittatur,</span> 
     </span>
     <span class='ocr_line' id='line_1_29' title="bbox 131 3912 1327 3999; baseline 0.003 -17"><span class='ocrx_word' id='word_1_255' title='bbox 131 3918 309 3983; x_wconf 90' lang='lat' dir='ltr'>discrecioni</span> <span class='ocrx_word' id='word_1_256' title='bbox 327 3923 427 3979; x_wconf 85' lang='lat' dir='ltr'>vestre</span> <span class='ocrx_word' id='word_1_257' title='bbox 439 3935 494 3997; x_wconf 88' lang='lat' dir='ltr'>per</span> <span class='ocrx_word' id='word_1_258' title='bbox 505 3914 671 3996; x_wconf 90' lang='lat' dir='ltr'>apostolica</span> <span class='ocrx_word' id='word_1_259' title='bbox 687 3912 801 3994; x_wconf 89' lang='lat' dir='ltr'>scripta</span> <span class='ocrx_word' id='word_1_260' title='bbox 816 3912 1002 3986; x_wconf 90' lang='lat' dir='ltr'>mandamus,</span> <span class='ocrx_word' id='word_1_261' title='bbox 1020 3921 1167 3999; x_wconf 87' lang='lat' dir='ltr'>quatenus</span> <span class='ocrx_word' id='word_1_262' title='bbox 1185 3918 1222 3982; x_wconf 95' lang='lat' dir='ltr'>de</span> <span class='ocrx_word' id='word_1_263' title='bbox 1238 3922 1327 3986; x_wconf 93' lang='lat' dir='ltr'>modo</span> 
     </span>
     <span class='ocr_line' id='line_1_30' title="bbox 131 4021 1326 4112; baseline 0 -18"><span class='ocrx_word' id='word_1_264' title='bbox 131 4028 284 4094; x_wconf 88' lang='lat' dir='ltr'>electionis</span> <span class='ocrx_word' id='word_1_265' title='bbox 302 4031 333 4088; x_wconf 90' lang='lat' dir='ltr'>et</span> <span class='ocrx_word' id='word_1_266' title='bbox 348 4024 455 4088; x_wconf 92' lang='lat' dir='ltr'>studiis</span> <span class='ocrx_word' id='word_1_267' title='bbox 470 4024 651 4105; x_wconf 90' lang='lat' dir='ltr'>eligencium</span> <span class='ocrx_word' id='word_1_268' title='bbox 664 4028 694 4085; x_wconf 92' lang='lat' dir='ltr'>et</span> <span class='ocrx_word' id='word_1_269' title='bbox 707 4022 796 4084; x_wconf 90' lang='lat' dir='ltr'>electi</span> <span class='ocrx_word' id='word_1_270' title='bbox 808 4021 923 4085; x_wconf 88' lang='lat' dir='ltr'>meritis</span> <span class='ocrx_word' id='word_1_271' title='bbox 937 4022 1116 4103; x_wconf 90' lang='lat' dir='ltr'>diligencius</span> <span class='ocrx_word' id='word_1_272' title='bbox 1129 4027 1326 4112; x_wconf 91' lang='lat' dir='ltr'>inquirentes,</span> 
     </span>
     <span class='ocr_line' id='line_1_31' title="bbox 132 4130 1327 4215; baseline 0.002 -13"><span class='ocrx_word' id='word_1_273' title='bbox 132 4141 157 4202; x_wconf 90' lang='lat' dir='ltr'>si</span> <span class='ocrx_word' id='word_1_274' title='bbox 172 4138 317 4204; x_wconf 86' lang='lat' dir='ltr'>canonice</span> <span class='ocrx_word' id='word_1_275' title='bbox 334 4133 460 4197; x_wconf 91' lang='lat' dir='ltr'>eandem</span> <span class='ocrx_word' id='word_1_276' title='bbox 474 4133 651 4196; x_wconf 91' lang='lat' dir='ltr'>electionem</span> <span class='ocrx_word' id='word_1_277' title='bbox 669 4131 706 4194; x_wconf 91' lang='lat' dir='ltr'>de</span> <span class='ocrx_word' id='word_1_278' title='bbox 722 4150 854 4213; x_wconf 89' lang='lat' dir='ltr'>persona</span> <span class='ocrx_word' id='word_1_279' title='bbox 866 4130 982 4212; x_wconf 82' lang='lat' dir='ltr'>ydonea</span> <span class='ocrx_word' id='word_1_280' title='bbox 995 4133 1170 4199; x_wconf 86' lang='lat' dir='ltr'>inveneritis</span> <span class='ocrx_word' id='word_1_281' title='bbox 1182 4138 1327 4215; x_wconf 90' lang='lat' dir='ltr'>habitam,</span> 
     </span>
     <span class='ocr_line' id='line_1_32' title="bbox 132 4240 1327 4332; baseline 0.003 -20"><span class='ocrx_word' id='word_1_282' title='bbox 132 4250 224 4332; x_wconf 86' lang='lat' dir='ltr'>ipsam</span> <span class='ocrx_word' id='word_1_283' title='bbox 239 4248 306 4310; x_wconf 91' lang='lat' dir='ltr'>sine</span> <span class='ocrx_word' id='word_1_284' title='bbox 322 4244 395 4308; x_wconf 92' lang='lat' dir='ltr'>iuris</span> <span class='ocrx_word' id='word_1_285' title='bbox 414 4242 513 4325; x_wconf 90' lang='lat' dir='ltr'>aliquo</span> <span class='ocrx_word' id='word_1_286' title='bbox 529 4240 715 4323; x_wconf 90' lang='lat' dir='ltr'>preiudicio,</span> <span class='ocrx_word' id='word_1_287' title='bbox 738 4240 918 4304; x_wconf 89' lang='lat' dir='ltr'>auctoritate</span> <span class='ocrx_word' id='word_1_288' title='bbox 942 4243 1108 4323; x_wconf 90' lang='lat' dir='ltr'>apostolica</span> <span class='ocrx_word' id='word_1_289' title='bbox 1133 4246 1327 4326; x_wconf 88' lang='lat' dir='ltr'>confirmetis,</span> 
     </span>
     <span class='ocr_line' id='line_1_33' title="bbox 134 4347 1327 4426; baseline 0.001 -2"><span class='ocrx_word' id='word_1_290' title='bbox 134 4366 161 4423; x_wconf 89' lang='lat' dir='ltr'>et</span> <span class='ocrx_word' id='word_1_291' title='bbox 175 4359 272 4424; x_wconf 90' lang='lat' dir='ltr'>eidem</span> <span class='ocrx_word' id='word_1_292' title='bbox 294 4376 312 4418; x_wconf 91' lang='lat' dir='ltr'>a</span> <span class='ocrx_word' id='word_1_293' title='bbox 335 4353 397 4415; x_wconf 93' lang='lat' dir='ltr'>suis</span> <span class='ocrx_word' id='word_1_294' title='bbox 420 4350 548 4415; x_wconf 89' lang='lat' dir='ltr'>subditis</span> <span class='ocrx_word' id='word_1_295' title='bbox 565 4349 685 4412; x_wconf 82' lang='lat' dir='ltr'>faciatis</span> <span class='ocrx_word' id='word_1_296' title='bbox 703 4347 912 4412; x_wconf 89' lang='lat' dir='ltr'>obedienciam</span> <span class='ocrx_word' id='word_1_297' title='bbox 928 4355 959 4412; x_wconf 93' lang='lat' dir='ltr'>et</span> <span class='ocrx_word' id='word_1_298' title='bbox 974 4353 1178 4417; x_wconf 88' lang='lat' dir='ltr'>reverenciam</span> <span class='ocrx_word' id='word_1_299' title='bbox 1196 4356 1327 4426; x_wconf 89' lang='lat' dir='ltr'>debitam</span> 
     </span>
    </p>
   </div>
   <div class='ocr_carea' id='block_1_7' title="bbox 136 4531 1327 4803">
    <p class='ocr_par' dir='ltr' id='par_1_7' title="bbox 136 4531 1327 4803">
     <span class='ocr_line' id='line_1_34' title="bbox 202 4531 1326 4632; baseline -0.012 -14"><span class='ocrx_word' id='word_1_300' title='bbox 202 4564 235 4632; x_wconf 75' lang='lat' dir='ltr'>a)</span> <span class='ocrx_word' id='word_1_301' title='bbox 252 4563 292 4615; x_wconf 71' lang='lat' dir='ltr'>vu</span> <span class='ocrx_word' id='word_1_302' title='bbox 311 4579 327 4614; x_wconf 68' lang='lat' dir='ltr'><strong>a</strong></span> <span class='ocrx_word' id='word_1_303' title='bbox 349 4560 417 4614; x_wconf 68' lang='lat' dir='ltr'>fasc</span> <span class='ocrx_word' id='word_1_304' title='bbox 434 4557 464 4611; x_wconf 88' lang='lat' dir='ltr'>v.</span> <span class='ocrx_word' id='word_1_305' title='bbox 483 4587 509 4596; x_wconf 87' lang='lat'><em>-</em></span> <span class='ocrx_word' id='word_1_306' title='bbox 526 4556 558 4625; x_wconf 85' lang='lat' dir='ltr'>u)</span> <span class='ocrx_word' id='word_1_307' title='bbox 581 4556 669 4609; x_wconf 70' lang='lat' dir='ltr'>virent</span> <span class='ocrx_word' id='word_1_308' title='bbox 688 4553 716 4607; x_wconf 88' lang='lat' dir='ltr'>z.</span> <span class='ocrx_word' id='word_1_309' title='bbox 733 4584 762 4593; x_wconf 92' lang='lat'><em>-</em></span> <span class='ocrx_word' id='word_1_310' title='bbox 778 4555 811 4623; x_wconf 69' lang='grc' dir='ltr'>ο)</span> <span class='ocrx_word' id='word_1_311' title='bbox 832 4570 875 4624; x_wconf 65' lang='lat' dir='ltr'>op.</span> <span class='ocrx_word' id='word_1_312' title='bbox 897 4554 964 4609; x_wconf 69' lang='lat' dir='ltr'>reon</span> <span class='ocrx_word' id='word_1_313' title='bbox 992 4557 1019 4609; x_wconf 86' lang='lat' dir='ltr'>z.</span> <span class='ocrx_word' id='word_1_314' title='bbox 1033 4586 1066 4611; x_wconf 82' lang='grc'>,-</span> <span class='ocrx_word' id='word_1_315' title='bbox 1083 4559 1118 4627; x_wconf 78' lang='lat' dir='ltr'>a)</span> <span class='ocrx_word' id='word_1_316' title='bbox 1140 4531 1277 4616; x_wconf 71' lang='lat' dir='ltr'>castores</span> <span class='ocrx_word' id='word_1_317' title='bbox 1292 4594 1326 4604; x_wconf 76' lang='grc'>-</span> 
     </span>
     <span class='ocr_line' id='line_1_35' title="bbox 136 4645 1327 4727; baseline -0.008 -20"><span class='ocrx_word' id='word_1_318' title='bbox 136 4651 313 4724; x_wconf 79' lang='lat' dir='ltr'>lingdeburch</span> <span class='ocrx_word' id='word_1_319' title='bbox 327 4651 397 4707; x_wconf 83' lang='lat' dir='ltr'>loblt</span> <span class='ocrx_word' id='word_1_320' title='bbox 414 4650 446 4707; x_wconf 85' lang='lat' dir='ltr'>V.</span> <span class='ocrx_word' id='word_1_321' title='bbox 457 4661 495 4688; x_wconf 78' lang='lat'>‘—</span> <span class='ocrx_word' id='word_1_322' title='bbox 508 4647 540 4718; x_wconf 87' lang='lat' dir='ltr'>e)</span> <span class='ocrx_word' id='word_1_323' title='bbox 554 4648 602 4703; x_wconf 83' lang='lat' dir='ltr'>ch.</span> <span class='ocrx_word' id='word_1_324' title='bbox 620 4647 687 4702; x_wconf 83' lang='lat' dir='ltr'>febll</span> <span class='ocrx_word' id='word_1_325' title='bbox 707 4647 734 4701; x_wconf 79' lang='lat' dir='ltr'>Z.</span> <span class='ocrx_word' id='word_1_326' title='bbox 745 4675 778 4685; x_wconf 96' lang='lat'><em>-</em></span> <span class='ocrx_word' id='word_1_327' title='bbox 791 4645 822 4717; x_wconf 80' lang='lat' dir='ltr'>f)</span> <span class='ocrx_word' id='word_1_328' title='bbox 835 4662 913 4701; x_wconf 88' lang='lat' dir='ltr'>nuuc.</span> <span class='ocrx_word' id='word_1_329' title='bbox 927 4663 1000 4718; x_wconf 89' lang='lat' dir='ltr'>pres.</span> <span class='ocrx_word' id='word_1_330' title='bbox 1014 4649 1081 4702; x_wconf 85' lang='lat' dir='ltr'>fehlt</span> <span class='ocrx_word' id='word_1_331' title='bbox 1094 4650 1121 4704; x_wconf 88' lang='lat' dir='ltr'>Z.</span> <span class='ocrx_word' id='word_1_332' title='bbox 1135 4682 1167 4690; x_wconf 86' lang='lat'><em>-</em></span> <span class='ocrx_word' id='word_1_333' title='bbox 1177 4652 1213 4724; x_wconf 76' lang='lat' dir='ltr'>p)</span> <span class='ocrx_word' id='word_1_334' title='bbox 1229 4656 1327 4727; x_wconf 72' lang='lat' dir='ltr'>nequi.</span> 
     </span>
     <span class='ocr_line' id='line_1_36' title="bbox 136 4743 251 4803; baseline 0.009 -4"><span class='ocrx_word' id='word_1_335' title='bbox 136 4743 211 4800; x_wconf 74' lang='lat' dir='ltr'>umus</span> <span class='ocrx_word' id='word_1_336' title='bbox 224 4746 251 4803; x_wconf 79' lang='grc' dir='ltr'>Ζ.</span> 
     </span>
    </p>
   </div>
   <div class='ocr_carea' id='block_1_8' title="bbox 0 0 1624 5392">
    <p class='ocr_par' dir='ltr' id='par_1_8' title="bbox 0 0 1624 5392">
     <span class='ocr_line' id='line_1_37' title="bbox 0 0 1624 5392; baseline 0 0"><span class='ocrx_word' id='word_1_337' title='bbox 0 0 1624 5392; x_wconf 95' lang='lat' dir='ltr'> </span> 
     </span>
    </p>
   </div>
  </div>
 </body>
</html>
