3209 5392
284 539 360 609 278

283 711 370 774 nobis
394 711 510 779 existit,
538 710 655 772 babere
679 710 821 772 velimus:
850 710 929 773 inter
952 729 1006 771 nos
1029 707 1107 770 bano
1130 713 1229 770 tameo
1246 708 1286 794 a)
1311 715 1340 771 et
1361 727 1469 770 memo·

281 824 379 882 ratum
395 838 498 900 regem
515 818 706 888 Castelle,
723 817 773 901 qui
789 819 868 880 forte
886 817 1081 899 quorundam,
1097 813 1299 878 verisimiliter
1315 816 1469 885 eredimus,

283 946 340 1009 que
368 946 439 998 sua,
468 945 527 988 non
556 945 615 1008 que
638 925 773 987 veritatis
805 930 892 995 sunt,
921 923 1115 1005 querencium
1142 909 1396 1004 persuasionibus
1423 941 1472 984 ae-

283 1036 460 1116 quiescens,
494 1039 599 1096 contra
627 1052 681 1095 nos
705 1033 895 1098 occasionem
920 1031 1136 1093 discordiarum
1158 1031 1278 1093 videtur
1309 1032 1471 1113 exquirere,
1527 1057 1536 1082 ι

283 1141 409 1204 stabiliri
437 1140 563 1204 solidius
591 1147 674 1204 tanto
703 1140 930 1203 desideraucius
963 1139 1148 1220 appetimus,
1181 1144 1291 1220 quanto
1319 1136 1473 1208 intensiori

281 1250 341 1312 hoc
356 1255 457 1312 vestra
472 1250 637 1330 paternitas
655 1249 830 1311 desiderare
857 1249 975 1310 videtur
1002 1247 1121 1309 affectu.
1155 1246 1221 1308 Nec
1243 1252 1283 1332 b)
1312 1246 1476 1308 ducatus

220 1339 225 1348 x
286 1358 445 1429 Suevie,
478 1377 567 1440 quem
589 1356 737 1419 residem
765 1356 802 1418 ad
825 1376 859 1418 se
888 1375 923 1417 ex
952 1354 1147 1417 successione
1174 1359 1309 1416 matema
1337 1358 1474 1434 spectare

283 1466 394 1528 asserit
421 1466 465 1551 ¹),
503 1464 562 1546 ipsi
594 1466 673 1527 iuste
705 1465 919 1528 communionis
953 1469 1058 1526 contra
1089 1483 1144 1526 nos
1176 1463 1332 1525 materiam
1364 1461 1475 1543 poterit

282 1576 461 1638 ministrare.
496 1574 568 1635 Cum
597 1573 675 1634 enim
703 1593 738 1634 ex
762 1574 914 1635 commissi
937 1572 1025 1634 nobis'
1047 1572 1203 1652 regiminis
1228 1570 1329 1632 debito
1353 1571 1475 1632 aliorum

283 1692 440 1747 teneamur
466 1682 590 1744 iniurias
617 1682 804 1762 propellere,
834 1681 980 1763 quomodo
1009 1701 1068 1742 non
1093 1699 1230 1741 essemus
1254 1678 1352 1760 parati
1370 1697 1387 1739 a
1402 1676 1476 1740 tanti

282 1790 428 1873 principis
456 1789 572 1854 iniuriis
601 1789 774 1852 abstinere?
812 1789 845 1853 Si
874 1789 995 1871 quidem
1026 1789 1105 1851 idem
1134 1788 1260 1849 ducatus
1292 1786 1330 1848 ad
1364 1807 1418 1852 uos
1448 1789 1477 1846 et

282 1898 439 1979 imperium
456 1918 517 1960 uon
539 1902 707 1979 spectaret,
736 1897 761 1957 si
783 1917 843 1958 non
864 1897 908 1957 rei
933 1896 1029 1957 aliene
1048 1894 1273 1958 conscienciam
1287 1892 1481 1965 haberemus,

282 2026 387 2068 revera
405 2005 463 2086 ipsi
485 2004 569 2085 regi,
599 2004 693 2066 eciam
716 2024 775 2065 non
797 2003 936 2072 instanti,
966 2003 1094 2065 eundum
1109 2002 1277 2064 liberaliter
1291 1999 1475 2063 offerremus.

284 2114 318 2178 si
343 2119 443 2176 tamen
465 2134 517 2175 rex
540 2113 713 2194 sepedictus
731 2112 885 2173 incudem
903 2111 1013 2172 ducatu
1029 2111 1074 2172 ius
1092 2110 1212 2192 aliquod
1230 2099 1287 2171 sibi
1306 2113 1477 2191 competere

283 2220 486 2284 verisimiliter
512 2220 678 2300 putaverit,
708 2219 787 2300 quod
816 2240 875 2280 non
903 2217 1071 2287 credimus,
1101 2222 1131 2279 et
1158 2217 1255 2297 parati
1280 2217 1393 2279 erimus
1416 2217 1478 2277 sine

283 2329 459 2392 difficultate
491 2328 624 2410 qualibet
656 2326 795 2389 exhibere
828 2318 903 2398 sibi,
947 2326 1026 2409 quod
1067 2326 1140 2388 ordo
1173 2326 1305 2407 postulat
1336 2315 1477 2388 racionis.

284 2437 475 2518 Quapropter
488 2441 575 2516 pater
591 2435 755 2497 reverende
773 2454 881 2496 causas
897 2433 1098 2497 racionabiles
1122 2440 1151 2496 et
1174 2434 1349 2515 legittimus,
1374 2455 1478 2517 supra·

247 2627 249 2634 ,
283 2546 364 2608 dicto
377 2543 480 2607 abbati
497 2543 658 2624 expositas,
675 2543 844 2624 peripsum
862 2546 892 2604 et
904 2542 999 2604 virum
1014 2542 1231 2611 honorabilem,
1248 2543 1374 2604 fratrem
1390 2543 1426 2603 N.
1438 2541 1479 2626 2),

283 2653 384 2715 cordis
406 2650 503 2713 nostri
526 2652 738 2721 secretarium,
767 2649 953 2712 sufficienter
975 2649 1013 2712 de
1036 2650 1264 2713 condicionibus
1291 2656 1320 2713 et
1349 2651 1478 2720 iuribus,

286 2760 375 2822 nobis
394 2759 506 2839 inipso
524 2758 634 2821 ducatu
658 2760 808 2822 Swevie
837 2757 1093 2840 competentibus,
1125 2758 1318 2829 informatos,
1350 2779 1418 2820 mox
1444 2759 1481 2820 ad

268 2868 486 2955 ‚beatitudinis
510 2874 610 2932 vestre
632 2869 726 2949 pedes
750 2869 906 2949 dirigimus
928 2866 1101 2953 paternitati
1124 2872 1224 2929 vestre
1246 2867 1365 2949 planius
1388 2866 1483 2950 expri-

288 2977 422 3040 mendas.

862 3217 924 3286 67.

704 3375 869 3456 imperator
884 3374 1064 3455 potrlurobe.

828 3497 946 3585 rarae.

290 3676 378 3748 Koniq
390 3676 495 3745 liudolf
510 3676 618 3746 forden
636 3678 691 3729 den
704 3674 880 3730 Putriurcleen
893 3674 1027 3729 demand
1042 3691 1092 3728 von
1105 3673 1230 3744 Aquileja
1249 3672 1314 3744 auf,
1334 3672 1390 3728 idm
1401 3689 1485 3744 qeqen

292 3767 367 3821 scine
393 3766 494 3821 deinde
521 3766 652 3820 Bec'etond
676 3785 709 3818 oc
736 3765 833 3819 leieten
857 3766 912 3818 und
936 3763 1089 3835 veropricbt
1121 3763 1175 3818 idm
1200 3764 1285 3834 dufer
1315 3762 1385 3817 aeoli
1411 3762 1483 3816 aciae

786 3857 994 3925 Ueteretdtzuuy.

383 4001 507 4082 Quantis
530 4000 726 4084 qualibusque
749 3997 979 4063 tribulacionem
997 3999 1110 4061 malleis
1128 4019 1165 4060 ex
1182 3999 1302 4061 delectu
1335 3993 1482 4078 imperiali

293 4112 368 4173 solio
389 4109 571 4192 presidentis
587 4108 698 4170 Christi
720 4107 848 4189 populus
871 4107 902 4168 in
919 4106 1151 4169 subculcacione
1168 4103 1376 4168 ecclesiastice
1393 4103 1485 4165 liber-

385 4272 418 4341 a)
432 4271 501 4324 benc
514 4277 601 4324 tamen
615 4286 655 4322 am
668 4269 759 4322 Raude
774 4269 803 4321 V.
821 4296 850 4308 -
867 4267 898 4336 b)
913 4270 941 4320 ut
955 4268 983 4322 V.

321 4558 344 4617 ¹)
364 4561 388 4603 S.
402 4559 463 4603 oben
476 4573 499 4616 p.
514 4560 568 4611 113,
582 4561 645 4603 bum.
661 4563 682 4603 1.

320 4640 343 4700 ²)
362 4640 463 4685 Gerbert
483 4641 529 4682 und
550 4641 664 4697 Herrgott
685 4638 829 4695 Genealogie
850 4635 873 4689 2,
893 4635 917 4688 2,
938 4633 993 4688 451,
1020 4633 1094 4678 balian
1122 4635 1146 4678 Η,
1180 4634 1290 4678 Gemeiut
1310 4633 1341 4676 iet
1352 4632 1413 4675 ohne
1424 4630 1483 4673 allen

360 4719 456 4764 Zweilel
468 4719 578 4763 Heinrich
592 4733 636 4763 von
649 4720 711 4773 lsny‚
724 4718 842 4762 nacbmnls
854 4717 952 4760 Biscbol'
962 4729 1006 4760 rou
1019 4716 1095 4758 anel.
