3209 5392
284 520 362 589 274

283 692 365 754 Sane
382 708 449 768 cum
465 687 618 750 lohannes
635 684 761 745 honeste
777 682 838 744 vite
855 700 1028 763 morumque
1052 681 1188 744 claritate
1209 681 1369 761 refulgeat,
1383 685 1468 761 prout

284 798 322 861 ad
337 795 432 859 nostri
449 793 585 857 culminis
602 789 789 853 audienciam
811 789 940 851 celebris
957 789 1036 854 fame
1060 788 1211 868 preconiis
1224 794 1271 850 cst
1283 787 1468 869 perductum,

282 926 337 968 nos
363 908 486 985 propter
513 902 571 963 hoc
604 898 731 961 eundem
763 896 925 978 singularis
956 895 1165 959 benivolenoie
1196 896 1299 975 gracia
1331 896 1469 978 prosequi

283 1013 495 1093 disponentes,
530 1009 629 1089 ipsum
657 1007 687 1067 in
715 1011 850 1068 nostrum
877 1003 1064 1085 capellanum
1089 1002 1221 1066 libenter
1251 1008 1282 1064 et
1312 1003 1471 1068 liberaliter

282 1120 418 1184 duximus
437 1115 664 1179 admittendum.
698 1114 737 1176 Et
754 1112 824 1194 quia
842 1111 954 1173 debent
969 1111 1157 1174 immunitate
1173 1111 1273 1174 fulciri
1296 1129 1373 1193 quos
1389 1111 1470 1191 regie
1527 1108 1532 1114 ’

283 1225 492 1291 familiaritatis
520 1225 606 1286 lavor
639 1222 783 1290 illustrat,
814 1219 1041 1284 universitatem
1072 1224 1202 1282 vestram
1233 1218 1414 1301 requirimus
1444 1224 1473 1279 ct

282 1354 442 1416 rogamus,
464 1337 612 1414 quatenus
636 1349 721 1398 eum,
743 1334 885 1409 tanquam
907 1327 1094 1408 capellanum
1118 1327 1307 1389 carissimum
1328 1325 1473 1388 habentes

283 1465 337 1526 pro
354 1447 457 1507 nostra
472 1438 648 1504 reverencia
670 1438 925 1506 commendatum,
954 1436 985 1498 in
1008 1436 1124 1498 cunctis
1146 1436 1210 1498 suis
1232 1433 1361 1515 agendis
1379 1433 1475 1495 eidem

282 1550 519 1617 benivolenciam
536 1566 699 1628 congruam
716 1546 894 1627 inpendatis.

373 1691 534 1761 Vergleiche
548 1690 650 1743 Stobbe
664 1707 706 1742 no.
720 1686 763 1741 28.

843 1876 906 1946 63.
967 1881 975 1887 ’

630 2051 826 2113 bononorum
844 2069 895 2112 rex
914 2050 1127 2113 cardinalibus.

733 2211 813 2264 1275.
827 2212 894 2264 uach
909 2211 1007 2264 Osteru
1020 2228 1044 2264 c.

286 2364 317 2414 K.
336 2360 442 2430 liudolf
455 2360 537 2412 doubt
555 2360 607 2411 den
627 2357 792 2411 cardinales
809 2356 859 2426 fiir
877 2354 937 2408 ibrc
954 2355 1141 2427 chdbanpe‘o
1164 2358 1192 2410 ia
1218 2357 1375 2427 Forderunp
1396 2356 1482 2411 aeiner
1534 2395 1539 2404 .

494 2446 730 2519 Areqdetheitm
742 2449 798 2499 rand
811 2447 920 2501 erbietet
932 2445 991 2500 ciet
1003 2465 1036 2499 zu
1054 2445 1272 2517 Geqendicneten.

378 2593 501 2653 Gerbcrt,
516 2592 541 2652 l,
555 2590 598 2643 30.

380 2736 496 2817 Quante
514 2736 723 2799 sollicitudinis
740 2756 845 2817 opera,
861 2742 972 2818 quante
989 2737 1085 2799 eciam
1102 2739 1274 2817 prestancia
1296 2738 1436 2819 puritatis
1452 2737 1481 2798 in

289 2845 384 2909 nostri
401 2846 596 2926 expedicione
613 2846 733 2925 negocii
746 2865 834 2907 curas
849 2851 966 2907 vestras
983 2845 1180 2907 exercueritis
1197 2846 1255 2906 hiis
1272 2847 1393 2918 diebus,
1410 2845 1480 2907 satis

289 2959 336 3018 est
352 2961 459 3037 patens
484 2961 514 3017 et
537 2954 691 3034 cognitum
713 2953 903 3016 evidentibus
926 2953 1126 3016 documentis.
1159 2954 1246 3017 Nunc
1263 2974 1334 3017 vero
1352 2954 1390 3015 de
1407 2972 1480 3014 novo

287 3063 335 3133 F..
363 3065 427 3126 vire
457 3043 622 3130 industrio,
650 3060 736 3123 nobis
764 3061 894 3123 lideliter
921 3067 1099 3131 enarrante,
1120 3063 1334 3143 cognovimus,
1356 3061 1438 3144 quod
1453 3059 1481 3121 in

289 3172 424 3235 eiusdem
445 3169 639 3252 promocione
661 3169 781 3249 negocii
805 3171 900 3231 virtus
916 3175 1017 3231 vestra
1040 3169 1086 3236 sic
1108 3170 1221 3251 riguit,
1249 3172 1357 3252 sicque
1379 3169 1483 3232 claruit

284 3283 389 3342 'vestm
417 3278 522 3341 eximie
551 3276 674 3339 claritas
702 3275 872 3358 probitatis,
900 3282 934 3339 ut
963 3277 1100 3359 quitquid
1128 3279 1339 3359 prosperitatis
1368 3278 1482 3342 initium

289 3385 396 3449 babuit
412 3387 466 3471 o),
483 3384 621 3467 quitquid
641 3383 731 3446 nobis
754 3384 838 3447 dedit
855 3385 1028 3447 conclusiva
1041 3385 1189 3455 felicitas,
1217 3406 1275 3468 quo
1294 3387 1341 3449 nd
1356 3386 1483 3448 humana

289 3493 439 3576 presidia,
468 3486 677 3574 principaliter
699 3492 809 3553 vestris
834 3493 936 3573 tytulis
960 3492 1136 3555 adscribere
1160 3493 1334 3557 debeamus.
1353 3532 1398 3544 -
1420 3492 1482 3573 Qua

290 3605 395 3686 utique
412 3601 609 3666 collaudanda
627 3600 766 3663 nimirum
781 3606 883 3663 vestre
900 3602 1098 3664 virtuositatis
1114 3604 1256 3684 insignia,
1279 3604 1366 3672 nobis
1383 3606 1482 3684 inpre-

190 3744 219 3771 ο.
261 3742 281 3771 e.
292 3711 440 3775 ciabiliter
456 3710 495 3793 b]
510 3713 696 3791 presentata,
712 3705 816 3770 illabili
831 3707 907 3770 libro
925 3709 1069 3771 memorie
1085 3712 1247 3773 tenacioris
1263 3713 1483 3794 inscripsimus,

293 3826 326 3883 ut
341 3820 371 3881 in
394 3815 667 3899 opportunitatibus
690 3816 798 3878 vestris
823 3817 914 3897 digne
936 3817 1022 3880 vobis
1045 3818 1262 3882 vicissitudinis
1278 3820 1437 3900 repensiva
1453 3817 1483 3878 in

293 3927 379 3991 uberi
396 3925 557 3989 affluencia
580 3929 822 4006 compensentur.
856 3926 910 3989 Sic
934 3928 1012 3987 enirn
1029 3947 1083 3987 nos
1100 3926 1185 3988 vobis
1204 3932 1234 3989 et
1249 3928 1358 3990 vestris
1376 3926 1491 4008 astrin-¹

293 4037 408 4119 gimnus,
432 4033 476 4097 sic
499 4053 553 4095 nos
573 4031 660 4094 vobis
683 4039 713 4094 et
736 4033 779 4094 eis
802 4040 966 4113 perpetuos
985 4033 1194 4100 constituimus
1212 4035 1380 4106 debitores,
1406 4033 1483 4116 quod

293 4147 421 4210 cuncta,
450 4161 508 4223 que
537 4138 622 4201 vobis
650 4158 686 4202 ae
710 4140 784 4221 ipsis
813 4139 935 4203 honoris
965 4146 995 4202 et
1021 4142 1117 4223 glorie
1145 4143 1331 4207 incremento
1361 4160 1483 4206 cessura

294 4248 536 4332 cognoverimus,
553 4267 630 4330 eque
647 4266 768 4330 semper
783 4247 992 4311 benivolencia
1009 4249 1114 4330 gracia
1136 4249 1279 4333 prosequi
1302 4250 1425 4312 velimus
1449 4267 1483 4309 ao

295 4359 458 4420 sinestram
468 4360 698 4437 nostrorumque
711 4375 871 4436 personam
886 4363 1012 4435 tangere
1024 4356 1194 4430 videantur,
1207 4358 1245 4420 ab
1259 4358 1484 4421 amabilivestre

296 4466 467 4529 dilectionis
484 4464 629 4545 applausu
646 4463 725 4526 nullo
742 4484 873 4546 unquam
891 4469 999 4528 eventu
1021 4467 1068 4528 vel
1084 4470 1221 4549 tempore
1239 4467 1419 4550 decerpendi
1436 4465 1481 4550 c).

386 4592 419 4655 a)
433 4591 521 4642 habuit
536 4591 735 4659 unterpunctirt
748 4590 857 4658 V.-b)
874 4588 1053 4660 inprecialiter
1066 4594 1096 4646 V.
1116 4593 1168 4645 und
1182 4594 1291 4662 Z.-c)
1308 4592 1481 4661 discrepando

297 4681 420 4734 Gerbert.
1047 4698 1050 4702 ’
