3209 5392
786 881 849 950 36.

547 1065 625 1145 lupo
641 1065 733 1131 talem
749 1070 870 1127 revecat
886 1066 924 1127 od
940 1066 1079 1146 graciam.

616 1222 696 1277 raso.
709 1224 816 1293 angust
828 1224 872 1276 as.
886 1223 1013 1293 anien.

212 1384 318 1453 Grepor
336 1383 382 1434 IX.
399 1381 520 1450 deprecat
537 1380 603 1435 boob
622 1380 724 1451 erfreul
742 1380 885 1435 Fliedricb
902 1381 937 1435 ΙΙ.
959 1380 1028 1434 norb
1048 1382 1145 1436 descen
1162 1381 1338 1452 Auaadbnonp
1358 1381 1405 1435 mit

209 1473 260 1525 der
273 1470 374 1525 Kircbc
385 1470 441 1524 uod
451 1469 524 1524 biset
538 1470 613 1529 Gott,
636 1487 666 1524 er
682 1476 757 1541 mdpe
776 1472 836 1526 dem
850 1469 1173 1530 Kaisechborrlicbkeit
1186 1470 1277 1525 iader
1292 1469 1407 1541 Tupend

735 1558 878 1613 cmMm

299 1701 438 1762 boebmor,
450 1703 517 1772 Reg.
531 1700 612 1770 Grcg.
627 1700 681 1764 lx,
696 1718 739 1754 no.
752 1701 796 1755 30.

300 1843 334 1907 Si
348 1845 434 1906 Anna
450 1843 619 1907 discessum
635 1842 739 1924 Tobye
755 1841 812 1905 filii·
824 1842 871 1906 sui
887 1859 947 1906 non
962 1843 1132 1915 sustinens,
1154 1843 1304 1926 pacientis
1319 1862 1403 1906 more

210 1949 343 2013 lacrimis
375 1948 536 2021 adluebat,
567 1948 593 2011 si
620 1968 704 2012 more
735 1949 923 2030 impacientis
955 1950 1078 2013 exiliens
1107 1950 1256 2015 circuibat
1281 1949 1403 2015 cottidie

212 2057 280 2124 vias
309 2076 381 2124 suas
408 2075 465 2139 per
479 2057 520 2142 a)
536 2074 612 2138 quas
639 2055 794 2126 remeandi
821 2055 931 2124 fiducia
958 2057 1087 2124 reditum
1114 2059 1201 2126 anxia
1223 2057 1403 2141 expectabat
1412 2077 1520 2121 rasso.

209 2169 241 2232 et
256 2163 379 2232 tandem
399 2164 431 2230 in
452 2164 613 2243 supercilio
641 2163 750 2230 montis
778 2163 906 2236 sedens,
933 2164 997 2230 riso
1020 2163 1079 2230 filio
1102 2164 1140 2226 de
1163 2164 1327 2248 longinquo
1350 2163 1402 2250 b),

208 2271 410 2356 inexplicabili
425 2270 538 2356 gaudio
556 2270 721 2338 exultabat:
748 2275 861 2358 quanto
882 2269 975 2351 igitur
990 2290 1070 2340 nunc
1092 2272 1222 2356 tripudio
1239 2271 1403 2352 hylarescit

206 2384 305 2448 mater
326 2377 474 2452 ccclesia,
505 2396 564 2462 que
592 2377 685 2444 tilium
712 2377 865 2444 excelsum
891 2396 946 2460 pre
973 2377 1096 2464 region
1118 2385 1200 2443 terre
1223 2379 1261 2444 de
1275 2379 1403 2460 regione

207 2484 459 2554 dissimilitudinis
490 2485 599 2566 recipit
629 2484 828 2552 redeuntem?
865 2485 931 2572 quis
963 2486 1062 2552 valeat
1092 2486 1193 2553 verbis
1224 2492 1276 2551 aut
1304 2486 1401 2554 literis

208 2593 372 2676 explicare,
388 2612 456 2660 com
472 2611 532 2656 non
548 2591 743 2660 sithominis,
758 2591 815 2656 sed
831 2610 922 2673 snpra
937 2591 1017 2655 rires
1031 2593 1248 2678 quodammodo
1262 2593 1402 2666 bominis,

205 2700 353 2768 affectum
368 2701 504 2786 perfecte
518 2719 610 2782 posse
628 2697 794 2782 exprimere
811 2718 866 2784 per
883 2698 1043 2767 effectum?
1064 2700 1237 2786 Magnificat
1253 2701 1402 2788 siquidem

206 2809 307 2874 anima
335 2813 439 2874 nostra
461 2806 622 2874 Dominum
649 2812 682 2870 et
708 2805 820 2872 exultet
850 2806 975 2888 spiritus
1006 2814 1110 2874 noster
1136 2809 1168 2872 in
1183 2809 1248 2874 Deo
1279 2809 1401 2876 salutari

205 2922 328 2987 roomo,
357 2916 407 2997 qui
429 2920 460 2980 et
481 2912 734 2994 deprecaoiooem
756 2918 890 2978 nostram
907 2919 937 2979 et
952 2913 1176 2980 misericordias
1193 2935 1264 2982 suas
1280 2936 1298 2978 a
1314 2915 1401 2984 nobis

207 3043 269 3090 uon
285 3022 324 3108 o)
340 3039 500 3094 amovens,
527 3019 612 3090 cordi
636 3025 688 3086 tuo
714 3018 954 3086 misericorditer
973 3021 1148 3104 inspiravit,
1177 3027 1210 3086 ut
1231 3021 1330 3086 anime
1350 3026 1401 3088 tue

206 3132 315 3203 saluti,
344 3128 499 3214 dignitatis
526 3127 633 3192 honori
650 3131 681 3192 et
697 3127 790 3209 quieti
817 3127 978 3194 multorum
1004 3128 1129 3212 provide
1158 3128 1336 3201 consulens,
1362 3129 1402 3194 ad

205 3239 255 3320 pie
282 3237 386 3299 matris
414 3234 561 3317 gremium
589 3232 696 3296 devote
723 3233 858 3304 redires,
902 3251 960 3314 que
988 3232 1019 3294 in
1047 3236 1260 3315 expectacione
1286 3236 1401 3306 reditus

206 3345 251 3407 tui
267 3344 409 3407 maternis
426 3339 584 3404 affectibus
601 3341 737 3404 cruciata
754 3358 827 3421 sepe
842 3357 898 3421 pro
915 3344 966 3401 tua
989 3340 1163 3404 reversione
1192 3361 1247 3407 seu
1275 3363 1403 3409 conver·

206 3453 293 3515 sione
324 3449 393 3513 thos
418 3447 567 3510 oracionis
588 3447 716 3509 Domino
733 3443 910 3530 suppliciter
925 3446 1071 3516 adolevit,
1099 3454 1131 3510 et
1145 3451 1286 3531 ymolavit
1301 3469 1354 3531 pro
1370 3456 1401 3514 te

206 3556 432 3622 lacrimabiliter
458 3553 566 3618 vitulos
593 3552 755 3624 labiorum,
783 3552 943 3617 multorum
969 3552 1097 3617 filiorum
1121 3556 1152 3618 in
1179 3561 1209 3617 te
1236 3558 1402 3638 periculum

206 3664 455 3748 perhorrescens.
487 3660 575 3725 Nunc
608 3663 708 3723 autem
740 3659 811 3741 quia
841 3658 937 3724 maius
970 3664 1017 3722 est
1047 3661 1188 3741 gaudium
1219 3682 1312 3744 super
1341 3683 1400 3727 uno

205 3777 371 3854 peccatore
397 3768 598 3851 penitenciam
625 3771 752 3847 agente,
781 3784 871 3849 quam
898 3784 989 3846 supra
1016 3768 1179 3848 nonaginta
1207 3774 1275 3832 octo
1298 3770 1398 3841 iustis,

206 3882 258 3963 qui
281 3900 315 3942 se
332 3878 493 3941 annunciat
513 3872 684 3957 penitencia
706 3893 765 3935 non
787 3892 894 3953 egere:
924 3873 1034 3934 exultat
1054 3875 1183 3938 ecclesia
1199 3878 1347 3957 generalis
1364 3897 1400 3940 eo

205 3986 288 4070 quod
304 3983 483 4050 tenebrosus
498 3979 604 4052 turbo,
634 3979 684 4062 qui
699 3998 777 4060 pene
794 3979 960 4042 involverat
976 3998 1093 4044 omnem
1109 3987 1238 4055 terram,
1264 3984 1325 4046 luci
1341 4002 1401 4046 non

206 4095 290 4158 cedit
317 4098 436 4174 optate,
463 4091 627 4171 fragorque
654 4087 777 4151 horride
805 4089 1010 4168 tempestatis,
1039 4091 1090 4171 qui
1112 4092 1211 4154 multis
1233 4091 1402 4155 minabatur

206 4201 369 4276 escidium,
380 4198 533 4270 arnone
549 4195 722 4270 serenitatis
737 4194 849 4276 gaudio
866 4194 1047 4266 subsilosoit.
1091 4198 1157 4266 Nos
1171 4198 1263 4280 igitm
1277 4200 1399 4266 bononis

206 4315 237 4374 et
253 4308 358 4380 salutis
370 4312 422 4378 too
433 4305 576 4387 precipue
588 4304 755 4384 profecturo
768 4302 897 4374 sinceris
909 4302 1067 4370 affectibus
1081 4306 1249 4387 cupientes.
1264 4308 1400 4379 absoni

204 4413 445 4481 misericordiam
467 4410 676 4493 imploramus,
704 4413 852 4492 quatenus
877 4410 927 4492 qui
943 4416 973 4473 te
990 4412 1142 4477 revocavit
1158 4415 1322 4490 advitam,
1349 4417 1400 4482 det

296 4629 329 4695 o)
344 4642 393 4696 pro
408 4625 477 4679 l'.—
489 4624 521 4694 b)
539 4622 657 4692 lolioquo
670 4623 701 4677 V.
720 4651 747 4663 ·-
768 4623 799 4688 c)
819 4639 869 4675 noo
902 4624 1151 4693 libergcschrioben.
