3209 5392
1282 482 1358 556 431

169 665 258 724 natus
275 669 322 725 est
342 661 371 726 ei
387 683 495 727 novum
518 664 608 728 lilium
631 686 686 747 pro
711 666 869 739 defuncto,
886 686 1047 751 perquem
1063 663 1209 748 quidquid
1225 657 1363 747 profluvii

169 767 306 850 lugubris
334 770 365 833 in
386 772 533 835 maxillam
557 773 692 835 eiusdem
714 775 819 838 matris
843 775 972 838 ecclesie
995 779 1135 857 eruperat
1161 791 1215 855 pro
1238 771 1363 853 repente

171 877 300 951 sublato,
323 879 527 944 indubitanter
542 890 680 964 speratur
697 884 769 948 dilui
792 890 824 948 et
845 883 990 966 abstergi.
1015 883 1110 947 Nobis
1126 880 1219 964 igitur
1234 876 1363 942 iocunde

171 986 374 1052 scribentibus
396 990 556 1081 iocundius
580 1012 723 1074 agnosce,
747 995 827 1076 quod
849 994 875 1055 V
897 995 962 1057 Kal.
989 993 1028 1080 β)
1052 990 1193 1056 Octobris
1221 988 1252 1051 in
1279 984 1363 1051 curia

169 1095 250 1158 iuxta
274 1095 428 1160 Coloniam
456 1100 632 1164 solemniter
660 1107 864 1184 congregata,
887 1102 1065 1166 karissimus
1088 1101 1119 1162 in
1143 1099 1261 1162 Christo
1285 1095 1363 1158 lilius

171 1209 274 1267 noster
289 1206 342 1273 W.
360 1207 411 1294 p),
428 1227 530 1271 eomes
547 1210 713 1283 Hollandie,
732 1212 882 1276 communi
899 1208 967 1275 vo'to
984 1209 1220 1294 principum,
1243 1204 1304 1289 qui
1327 1203 1364 1266 in

170 1313 1365 1395 electioneCesarisiusbaberenoscuntur,inliomanorumregem,

170 1421 661 1504 applaudentibusceteris
677 1422 1365 1513 principibus,estelectussicutperliteras

170 1532 252 1612 regis
266 1530 402 1596 eiusdem
419 1539 450 1596 et
466 1534 568 1599 dilecti
582 1536 632 1599 tilii
646 1539 739 1601 nostri
759 1538 911 1602 Chunradi
929 1540 960 1603 S.
980 1538 1017 1625 a)
1036 1537 1136 1602 Georii
1154 1536 1188 1622 d)
1205 1533 1365 1598 cardinalis

172 1645 310 1704 constare
332 1641 431 1706 lucide
455 1644 541 1707 nobis
565 1647 654 1729 cepit.
681 1648 772 1710 Porro
789 1652 822 1710 ut
845 1668 936 1730 super
950 1646 1111 1729 gaudium,
1134 1645 1213 1730 quod
1236 1644 1273 1707 de
1295 1663 1366 1726 pro-

171 1771 259 1835 spere
276 1759 363 1835 gesto
381 1757 508 1837 negocio
527 1762 574 1820 est
589 1760 750 1839 agendum,
765 1759 820 1822 tibi
834 1759 924 1824 etiam
938 1761 975 1824 de
988 1779 1119 1844 persona
1131 1759 1220 1822 electi
1233 1755 1365 1841 speciale

171 1862 312 1942 gaudium
328 1864 511 1931 cumuletur:
536 1866 615 1930 idem
631 1889 694 1941 rex,
711 1869 790 1933 sicut
806 1870 943 1952 predicto
960 1869 1112 1933 cardinale
1129 1868 1278 1931 referente
1290 1867 1483 1948 cog-F⁰¹·⁶⁸¹¹·

76 1962 78 1965 ’
173 1972 309 2038 novimus
322 1980 352 2037 et
367 1977 447 2039 fama
463 1976 583 2058 publica
595 1984 790 2061 protestatur,
804 1985 852 2044 est
864 1982 986 2064 quidem
998 1965 1056 2043 tide
1070 1978 1247 2050 catholicus,
1266 1977 1365 2041 animo

173 2082 320 2164 prudens,
336 2083 448 2149 milicia
464 2090 638 2160 strennuus,
654 2088 783 2172 propriis
799 2093 908 2172 potens
930 2089 1055 2161 viribus,
1078 2089 1236 2153 multorum
1253 2086 1366 2169 prinei-

170 2211 241 2274 pum
254 2190 401 2256 affinitate
415 2193 446 2279 ε)
464 2214 629 2266 connexus,
644 2197 799 2261 iuventute
815 2198 960 2270 fervidus,
978 2197 1167 2281 experiencia
1183 2196 1366 2265 moderatus,

171 2305 275 2380 gratus
297 2302 431 2365 moribus
455 2310 485 2368 et
508 2306 611 2387 specie
628 2307 763 2389 corporis
779 2308 809 2369 in
827 2309 921 2371 oculis
938 2309 1067 2371 omnium
1084 2305 1251 2388 graciosus.
1285 2303 1368 2385 Qua-

171 2415 295 2494 propter
317 2431 473 2497 speramus
497 2413 528 2476 in
549 2414 675 2478 Domino
698 2420 728 2479 et
745 2415 775 2479 in
792 2438 846 2480 sue
863 2417 1003 2500 potencia
1020 2415 1196 2486 maiestatis,
1214 2413 1293 2498 quod
1311 2411 1367 2475 sub

171 2518 300 2601 pedibus
318 2521 405 2602 regni
428 2523 575 2594 eiusdem,
598 2531 794 2608 persecutore
818 2525 951 2608 quolibet
966 2525 1111 2589 velociter
1125 2522 1314 2593 conculcato,
1337 2527 1368 2584 et

171 2627 404 2709 malignancium
433 2630 583 2712 capitibus
612 2633 835 2716 conquassatis,
858 2633 934 2697 fides
958 2633 1121 2703 catholica,
1146 2651 1203 2716 pax
1227 2629 1368 2702 ecclesie,

171 2737 370 2820 tranquillitas
388 2738 471 2803 orbis
487 2760 524 2804 ac
539 2739 670 2818 fidelium
688 2748 787 2807 status
805 2742 936 2806 debeant
953 2740 991 2805 ab
1010 2741 1089 2805 omni
1104 2745 1193 2825 parte
1206 2740 1369 2825 peripsum

170 2845 329 2928 magnifice
351 2849 548 2936 repararit).
574 2849 689 2913 Deinde
707 2856 740 2914 ut
757 2852 794 2915 de
812 2851 906 2935 ipsius
923 2851 1010 2931 regni
1028 2848 1234 2931 assumptione
1251 2849 1370 2912 lavora-

170 2954 222 3019 bili
239 2963 269 3019 et
286 2957 433 3039 solempni
451 2959 616 3043 concipias,
634 2967 776 3042 quantum
794 2961 834 3024 sit
857 2961 895 3023 de
920 2961 1016 3043 ipsius
1039 2955 1253 3041 progressibus
1277 2954 1371 3019 confi-

171 3064 314 3136 dendum,
332 3065 470 3129 electioni
488 3069 552 3130 eius
570 3068 689 3132 noveris
705 3069 849 3150 plurimos
873 3068 911 3131 de
934 3067 1121 3150 principibus
1145 3071 1205 3129 tam
1222 3065 1371 3128 ecclesia-

171 3173 257 3237 sticis
274 3194 362 3258 quam
379 3176 537 3239 mundanis
561 3177 761 3260 personaliter
783 3177 923 3249 affuisse,
949 3182 1161 3261 procuratores
1186 3175 1276 3238 etiam
1295 3193 1371 3257 quo-

171 3283 310 3355 rundam,
334 3286 385 3367 qui
403 3285 545 3350 absentes
561 3289 684 3351 fuerunt
701 3310 737 3351 ex
762 3308 853 3351 causa
878 3286 1051 3351 necessaria
1073 3285 1121 3349 vel
1145 3284 1284 3356 honesta,
1307 3286 1369 3368 qui,

175 3393 361 3455 dominorum
386 3413 506 3458 suorum
530 3394 678 3460 habentes
700 3397 788 3482 plena
811 3396 969 3468 mandata,
985 3400 1115 3459 votivum
1133 3416 1187 3479 pro
1204 3393 1262 3457 illis
1278 3395 1372 3457 inter-

172 3520 302 3583 posuere
319 3521 512 3575 consensum,
528 3510 631 3588 preter
654 3505 827 3570 innumeros
851 3504 966 3568 nobiles
990 3509 1020 3567 et
1042 3509 1210 3585 magnates,
1227 3503 1279 3586 qui
1300 3521 1372 3584 pre-

173 3608 254 3673 dicto
280 3609 376 3673 electo
400 3631 467 3674 mox
489 3615 589 3694 capita
613 3612 821 3676 subdiderunt.
848 3614 912 3677 Hec
928 3613 1021 3694 igitur
1038 3612 1086 3674 dic
1104 3616 1134 3674 et
1150 3610 1259 3674 manda
1276 3608 1372 3673 tideli-

172 3718 249 3790 bus,
272 3738 347 3802 quos
371 3720 449 3782 enirn
476 3721 554 3783 nosti
579 3721 616 3784 de
638 3721 697 3784 hiis
725 3721 895 3785 rumoribus
919 3720 1094 3804 gavisuros,
1119 3724 1266 3803 quatenus
1287 3717 1371 3802 ipsos

173 3827 288 3891 babeas
301 3829 403 3911 gaudii
419 3829 462 3892 tui
479 3831 580 3894 socios
597 3836 627 3893 et
643 3832 701 3914 ipsi
719 3831 773 3895 tibi
790 3831 1040 3911 congratulentur
1056 3828 1215 3892 audientes
1228 3832 1369 3911 tanquam

174 3938 220 4001 sui
237 3939 342 4002 solacii
359 3941 468 4002 nuncio
486 3943 516 4002 et
531 3940 666 4024 precoui.

265 4156 299 4224 a)
315 4156 341 4208 8,
354 4156 444 4212 Georii
459 4155 491 4210 ad
505 4157 591 4211 velum
606 4176 710 4212 aureum
730 4157 833 4212 diaconi
851 4157 993 4211 cardinalis
1009 4155 1085 4210 nobis
1096 4151 1217 4210 constitit
1233 4152 1371 4210 manifeste

175 4245 241 4299 Pbil.
254 4245 316 4299 305.

266 4446 464 4515 Vergleicbung
483 4448 530 4500 mit
546 4447 615 4500 Beka
635 4450 675 4501 bei
691 4450 803 4502 Bdbmer
817 4450 916 4503 Fontes
929 4448 955 4507 2,
970 4447 1032 4500 435.
1053 4444 1087 4516 α)
1109 4446 1160 4497 [las
1182 4444 1316 4514 Folgende
1330 4442 1371 4496 bis

175 4537 292 4608 abstergi
306 4537 382 4591 fehlt.
407 4569 440 4577 -
453 4537 488 4608 β)
503 4539 532 4591 V.
546 4539 633 4592 Nonas
648 4540 780 4593 Octobris.
794 4569 831 4579 ·-
843 4539 981 4592 Mathaeus
995 4537 1076 4591 Paris.
1092 4537 1166 4605 giebt
1178 4535 1213 4588 30
1226 4535 1317 4605 Sptbr.
1332 4535 1371 4587 als

176 4627 305 4697 Wabltag.
324 4627 352 4681 S.
372 4629 502 4682 boehmer
523 4629 587 4695 fleg.
606 4631 639 4682 ab
659 4646 682 4682 a.
705 4629 783 4683 1246.
806 4647 834 4700 p.
854 4629 879 4681 3.
899 4659 934 4667 -
952 4629 985 4698 p)
1007 4627 1170 4681 Wilbelmus.
1190 4655 1226 4664 -·
1244 4622 1277 4695 δ)
1298 4624 1369 4678 Petri

176 4717 204 4773 S,
226 4717 334 4795 Georgii
354 4720 386 4772 ad
407 4719 492 4777 velum
512 4737 628 4783 aureum,
647 4737 702 4776 was
721 4720 800 4776 allein
820 4719 917 4788 ricbtig
935 4720 979 4777 ist.
997 4750 1024 4759 -
1044 4720 1068 4789 e)
1084 4716 1321 4793 consanguinitate,
1337 4745 1370 4758 -ν
