3209 5392
763 796 824 868 18.

503 977 667 1059 lnperotor
681 977 749 1041 duct
765 975 880 1039 1111111
894 973 1086 1053 regraclatm.

756 1133 836 1188 1245.

198 1281 302 1336 Kcieer
330 1279 473 1335 Friedrich
500 1281 531 1337 11.
556 1281 668 1353 pelictet
692 1282 750 1334 dem
775 1281 879 1351 Herzog
902 1276 1044 1340 Friedrich
1069 1279 1125 1331 dem
1153 1275 1315 1330 Strcitbcren
1340 1289 1389 1327 con

194 1363 348 1426 deterreret
368 1389 400 1425 11
418 1369 470 1425 itm
488 1390 519 1424 zu
538 1372 663 1424 commen
680 1371 737 1424 und
754 1370 828 1423 accire
840 1367 936 1451 Nicbtc
951 1367 1069 1422 Ger·trud
1081 1367 1137 1419 cred
1149 1367 1193 1422 die
1205 1383 1260 1419 com
1273 1366 1389 1435 Herzoqe

550 1470 700 1533 penanrterr
713 1462 826 1514 detester
838 1460 1033 1531 mitzubra'rrpen.

285 1604 470 1661 unilt-Bran.
484 1605 525 1666 Vl,
539 1604 601 1659 274,
614 1606 717 1661 Meiller
729 1608 794 1677 Reg.
807 1605 973 1676 Babenberg.
987 1619 1029 1656 no.
1043 1602 1105 1657 113.

289 1752 383 1818 Grate
400 1755 490 1818 valde
507 1755 628 1818 culmini
645 1760 748 1818 nostro
765 1759 816 1818 tue
832 1755 933 1818 littere
948 1755 1161 1838 pervenerunt,
1176 1750 1207 1814 11
1223 1748 1332 1835 quibus
1356 1768 1392 1811 ex

191 1879 302 1944 magna
336 1862 516 1926 sinceritate
543 1868 594 1925 tue
621 1861 691 1925 lidei
720 1868 823 1926 nostre
851 1861 1021 1925 celsitudini
1052 1859 1246 1944 persuasisti,
1276 1862 1311 1922 ut
1335 1855 1392 1927 tibi

192 1970 368 2055 ceterisque
399 1972 510 2035 nostris
543 1971 749 2056 principibus,
788 1972 838 2057 qui
869 1971 1014 2035 honorem
1047 1976 1183 2035 nostrum
1214 1974 1244 2032 et
1273 1966 1392 2048 imperii

177 2080 325 2142 ‘sinceris
341 2079 505 2143 affectibus
522 2080 752 2163 amplectuntur,
774 2080 814 2144 ad
836 2080 1024 2145 tractandum
1047 2099 1116 2143 cum
1136 2079 1211 2162 ipsis
1228 2077 1265 2140 de
1280 2076 1392 2139 nostris

193 2187 334 2269 negociis
363 2189 467 2271 apud
503 2188 688 2253 Villacum
720 2190 878 2271 presencie
905 2195 1008 2253 nostre
1040 2188 1155 2271 copiam
1187 2185 1392 2270 preberemus,

192 2296 361 2380 presertim
379 2296 617 2383 comprincipes
634 2297 745 2361 ibidem
762 2297 919 2361 nobiscum
936 2297 1092 2362 commode
1112 2295 1194 2380 loqui
1210 2297 1345 2378 possent,
1363 2298 1394 2355 et

193 2405 337 2469 tractatis
370 2405 485 2468 eisdem
514 2405 650 2488 negociis
677 2425 837 2490 possemus
866 2427 882 2469 e
909 2407 1007 2470 vicino
1040 2404 1226 2470 commodius
1256 2406 1394 2485 repetere

193 2512 423 2578 bombardiam.
454 2513 528 2577 Cum
546 2513 638 2595 igitur
653 2519 736 2578 tuum
759 2515 932 2587 consilium,
956 2514 1035 2599 quod
1057 2534 1132 2596 pura
1153 2512 1286 2577 lides'ex
1302 2510 1393 2574 corde

194 2621 298 2686 edidit
314 2621 453 2706 quodque
471 2620 690 2705 circumspecta
712 2625 793 2688 racio
817 2625 985 2696 comitatur,
1007 2629 1089 2689 tanto
1112 2622 1261 2686 salubrius
1284 2639 1394 2702 appro-

192 2730 306 2793 bemus
329 2737 441 2814 quanto
466 2730 662 2794 sinceriorem
684 2736 796 2795 motum
818 2733 849 2795 iu
872 2731 1056 2796 consulendo
1077 2730 1290 2815 perpendimus
1319 2741 1507 2792 eon-sacre.

195 2837 334 2910 sulentis,
354 2839 424 2923 quia
446 2845 547 2902 tamen
561 2839 688 2924 qualitas
701 2841 746 2903 rei
760 2845 790 2903 et
802 2842 945 2924 temporis
957 2841 1092 2922 aptitudo
1109 2860 1163 2903 nos
1180 2859 1197 2902 a
1212 2818 1393 2905 bombardie

195 2947 334 3030 partibus
357 2949 493 3031 elongari
507 2947 554 3031 ⁸ad
577 2948 736 3011 transitum
758 2950 876 3030 Alpium
898 2952 964 3012 sine
986 2948 1071 3032 gravi
1093 2950 1215 3013 honoris
1244 2951 1339 3015 nostri
1363 2956 1394 3013 et

195 3075 297 3119 rerum
315 3057 472 3141 dispendio
495 3075 553 3119 non
575 3056 736 3139 permittit,
765 3058 924 3140 presertim
954 3078 1023 3121 cum
1039 3057 1170 3122 rebelles
1187 3059 1293 3130 nostri,
1316 3065 1405 3143 quos

197 3166 340 3246 potencie
357 3149 636 3247 nostre'presencia
653 3165 777 3227 cottidie
794 3166 928 3228 concutit
945 3171 975 3229 et
992 3170 1132 3238 exterret,
1148 3187 1203 3250 per
1220 3168 1391 3231 absenciam

197 3277 330 3335 nostram
347 3273 441 3336 robur
456 3278 645 3337 assumerent
661 3274 836 3344 animorum,
853 3294 905 3337 eos
922 3274 953 3336 in
968 3274 1132 3338 rebellione
1146 3296 1201 3338 111
1217 3281 1320 3339 111111
1338 3298 1392 3340 111

197 3380 300 3444 durior
315 3381 481 3463 pertinacia
498 3383 683 3454 confoveret,
700 3401 774 3465 quos
792 3384 888 3445 eciam
905 3383 1005 3445 statim
1022 3384 1103 3446 circa
1116 3385 1267 3446 introitum
1279 3388 1391 3448 mensis

196 3487 270 3551 dulii
288 3490 329 3572 a)
346 3495 416 3552 ante
436 3490 672 3552 maturacionem
690 3496 827 3573 segetum
844 3490 920 3553 vivis
938 3500 968 3553 et
984 3493 1099 3575 asperis
1116 3493 1246 3574 gwerris
1265 3497 1391 3576 aggredi
1447 3514 1452 3523 ·

195 3602 335 3679 potenter
360 3597 559 3668 intendimus,
583 3599 811 3662 commoditates
835 3599 879 3661 eis
902 3600 972 3663 anui
995 3602 1146 3683 presentis
1163 3602 1193 3664 11
1209 3602 1390 3666 victualibus

197 3704 336 3777 ablaturi,
370 3711 403 3769 ut
437 3706 599 3769 earundem
638 3707 896 3771 necessitudinum
927 3710 1054 3791 penuria
1087 3711 1211 3774 coartati
1244 3716 1391 3794 cogantur

196 3815 369 3878 necessario
387 3820 490 3878 nostre
506 3835 540 3878 se
557 3814 696 3879 subicere
713 3816 835 3878 dicioni.

286 3924 462 3985 Mandamus
491 3925 591 4007 itaque
620 3923 674 3986 libi
703 3929 870 4007 quatenus,
901 3933 1055 4009 assumpta
1083 3932 1184 3991 tecum
1207 3935 1296 4012 nepte
1327 3936 1390 4005 111,

196 4032 299 4094 111111
317 4035 460 4095 consorte
477 4037 591 4101 nostra,
608 4031 659 4093 tali
676 4032 742 4095 loco
760 4052 796 4095 ac
813 4035 938 4097 termino
956 4035 1018 4106 1111,
1041 4040 1071 4098 11
1096 4041 1198 4100 nostro
1215 4043 1391 4122 conspectui

195 4144 401 4223 representes,
418 4143 520 4201 tecum
536 4140 700 4222 principes,
716 4160 842 4224 quorum
858 4143 976 4206 nomina
999 4144 1086 4208 nobis
1109 4149 1159 4209 111
1181 4145 1268 4210 111111
1291 4150 1390 4232 expri-

196 4247 329 4319 mebant,
359 4246 475 4329 pariter
502 4246 690 4319 adducendo,
718 4249 829 4333 quibus
852 4251 946 4314 eciam
969 4254 1141 4316 vocacionis
1164 4260 1266 4318 nostre
1288 4255 1389 4322 literas

197 4356 395 4426 destinamus,
413 4376 466 4418 eos
485 4355 697 4439 sollempnitati
712 4362 772 4420 tam
791 4359 963 4444 sollempnis
985 4362 1160 4425 tradicionis
1183 4363 1329 4428 interesse
1355 4389 1390 4430 ex

196 4463 294 4527 animo
314 4466 481 4545 cupientes,
499 4469 532 4526 ut
549 4464 656 4527 deinde
674 4466 712 4529 ad
729 4488 774 4537 11,
792 4488 850 4551 que
867 4470 904 4532 dc
922 4470 1032 4532 nostris
1054 4477 1084 4533 et
1106 4471 1223 4554 imperii
1252 4478 1389 4557 negociis

195 4571 352 4635 tractanda
380 4571 502 4643 luerint,
531 4571 613 4636 iuxta
640 4578 722 4636 tuum
739 4581 769 4638 et
793 4577 918 4641 aliorum
941 4580 1110 4653 consilium,
1134 4603 1266 4665 congruo
1289 4606 1388 4649 rerum

196 4680 300 4743 ordine
316 4680 527 4762 procedamus.
559 4681 627 4745 Dat.
642 4689 700 4746 etc.

286 4807 320 4873 a)
334 4805 404 4858 Junii
417 4806 602 4862 uuirt-uren..
