3209 5392
1196 511 1271 582 149

98 694 160 759 blei
180 694 279 777 pugile
301 713 376 758 nora
403 694 514 777 gaudia
541 694 706 777 prodeunt,
735 695 823 778 signa
846 690 1040 773 triumphalia
1069 690 1278 758 innotescunt,

99 823 149 868 vox
163 803 218 866 fusi
235 800 388 883 sanguinis
405 802 519 865 intonat
541 809 571 866 et
587 804 689 867 inolita
704 802 830 866 martirii
853 801 926 865 tuba
950 799 1077 880 clangit,
1105 802 1189 859 terra
1214 813 1276 856 non

97 911 171 982 silet,
188 910 275 974 sudat
289 909 470 991 aspersione
484 911 610 983 cruoris,
627 917 749 975 resonat
764 911 850 992 regio
866 907 958 971 nobili
979 905 1097 989 predita
1118 902 1273 998 bellatore.
1291 915 1294 926 ‘¹

96 1023 157 1103 lpse
172 1038 300 1101 namque
314 1018 430 1100 gladius
445 1017 599 1100 parricida
613 1020 794 1100 proclamat:
821 1018 899 1093 „bec
915 1020 987 1080 sunt
1000 1019 1086 1077 corte
1100 1031 1187 1075 sacre
1203 1004 1276 1073 fidei

97 1134 173 1193 certa
189 1128 232 1215 a)
243 1127 440 1199 indicie‚'bec
461 1128 560 1209 ipsius
578 1127 696 1209 ydonca
719 1126 907 1198 testimonia,
935 1124 993 1187 bec
1015 1123 1081 1187 eius
1099 1120 1276 1203 dignissima

98 1237 299 1300 munirenta‘.
332 1236 460 1317 Propter
473 1234 532 1298 boc
547 1236 632 1300 letati
649 1241 719 1299 sunt
741 1236 815 1307 coli,
844 1240 875 1298 et
897 1240 979 1297 terra
1000 1232 1124 1296 intanti
1146 1249 1275 1312 percep·
1311 1269 1314 1273 ι

103 1347 179 1410 cicae
202 1343 305 1426 gaudii
328 1344 475 1407 exultavit.
510 1344 641 1407 Grandis
661 1346 748 1408 adest
769 1345 874 1408 matris
896 1342 1028 1405 ecclesie
1049 1360 1142 1403 causa
1162 1338 1274 1411 leticie,

99 1454 179 1517 nula
205 1453 233 1516 ei
260 1452 387 1516 materia
414 1453 606 1517 iocunditatis
624 1454 762 1517 advenit:
783 1453 875 1516 babet
897 1452 994 1524 enim,
1022 1449 1103 1513 unde
1126 1447 1275 1510 canticum
1296 1471 1308 1514 ,·

96 1580 206 1632 uorum,
234 1560 316 1623 uude
332 1560 478 1625 immense
497 1561 593 1624 laudis
609 1581 751 1644 ympnum
766 1561 892 1624 refferat
904 1560 969 1623 Deo
993 1579 1064 1631 suo,
1092 1556 1171 1619 unde
1187 1554 1274 1637 plebs

99 1667 236 1733 lotbolica
263 1669 358 1731 babet
385 1670 467 1752 quod
488 1670 627 1752 plaudat,
655 1671 763 1733 levatis
791 1670 937 1733 altissimo
967 1667 1096 1731 Domino
1125 1664 1274 1736 manibus,

101 1780 204 1843 sonoris
221 1778 328 1842 iubilet
354 1779 482 1842 vocibus
504 1785 539 1842 et*
554 1780 622 1842 letis
645 1779 750 1843 animis
776 1779 970 1851 iocundetur,
998 1777 1091 1841 babet
1112 1775 1277 1838 christiana

99 1888 191 1952 taneio
206 1888 288 1950 unde
306 1887 431 1952 devotas
446 1887 595 1953 conditori
612 1889 751 1953 concinat
767 1889 938 1952 conciones.
960 1888 1006 1951 De
1022 1887 1110 1950 horto
1126 1883 1277 1968 siquidem
1393 1921 1399 1932 ι

99 1997 155 2061 fidoi
169 2020 268 2082 nuper
282 2019 377 2081 super
391 1998 432 2083 a)
448 2017 584 2063 mensam
605 2000 688 2080 regis
712 1999 809 2061 eterni
832 1998 929 2061 dulcis
951 1996 1056 2059 allatos
1080 1999 1128 2057 est
1147 1995 1275 2064 fruetus,

105 2107 231 2172 devince
252 2108 387 2171 ecclesie
407 2110 440 2172 ia
459 2108 576 2190 regium
604 2108 729 2174 calicem
756 2108 885 2171 affluens
911 2107 1033 2170 nouiter
1055 2124 1150 2169 novus
1178 2104 1277 2187 liquor

99 2217 212 2290 folcuin
243 2218 389 2302 pronum
409 2219 558 2281 fecundus
579 2219 692 2301 palmos
715 2217 818 2281 bostili
840 2237 983 2280 mucrone
1008 2215 1147 2278 concisus
1170 2212 1278 2277 babuit

94 2325 148 2406 plus
172 2328 327 2398 humoris,
355 2326 425 2410 quia
454 2328 572 2390 cohesit
592 2326 727 2409 pressius
755 2344 827 2389 vero
854 2326 919 2389 riti.
949 2327 996 2388 De
1012 2325 1050 2413 α)
1068 2324 1175 2387 ordine
1195 2324 1276 2386 enim
1365 2307 1368 2316 ²

97 2435 189 2500 lorido
204 2436 321 2519 prodiit
335 2456 407 2499 rosa
420 2436 544 2509 rubens,
563 2456 624 2520 que
637 2435 791 2518 regalibus
816 2436 915 2500 oblata
937 2434 1151 2517 conspectibus
1174 2432 1276 2496 odoris

95 2544 180 2608 mtolft
196 2546 403 2618 suavitatem
432 2546 469 2608 de
484 2545 590 2608 humili
604 2545 812 2609 ecclesiastica
828 2544 958 2609 frabrica
982 2545 1095 2607 electas
1120 2549 1166 2607 est
1186 2542 1277 2628 lapis9

97 2655 137 2736 pri
152 2655 191 2743 β)
207 2654 359 2718 decenter
373 2654 486 2737 politus
501 2654 638 2735 superins
656 2653 761 2716 edibus
779 2657 826 2716 est
841 2653 982 2716 insertus.
1015 2653 1047 2715 ln
1069 2652 1176 2715 celesti
1199 2673 1276 2737 qom-

97 2777 147 2844 pre
167 2764 289 2828 rosario
314 2764 370 2827 flos
397 2781 538 2835 amenus,
568 2763 782 2827 rubrucclore
806 2763 948 2835 rutilans,
976 2783 1054 2826 nuno
1071 2768 1121 2825 cst
1136 2766 1224 2825 natus
1241 2763 1272 2825 iu

94 2872 189 2937 muodo
216 2878 248 2937 et
277 2872 413 2936 candido
435 2877 607 2935 sanctorum
634 2872 761 2953 collegio
787 2891 897 2934 norum
924 2871 1074 2934 mundieie
1101 2871 1194 2934 lilium
1222 2877 1391 2935 ostanus.

98 2987 222 3044 erortum.
256 2980 481 3045 {indefectam
504 2988 553 3045 est
577 2982 611 3044 in
630 2982 696 3046 celo
718 2981 862 3063 gaudium
883 3000 1039 3061 magnum,
1069 2980 1268 3044 exultantibus

98 3091 214 3155 omnibus
231 3091 348 3155 sanctis
365 3096 397 3153 et
412 3091 650 3173 solempnitatem
665 3090 823 3172 agentibus
836 3091 910 3154 tanti
923 3092 1002 3153 festi.
1019 3092 1101 3153 Sane
1115 3090 1267 3177 beatusp)

105 3245 131 3261 ..
147 3201 182 3268 uo
198 3201 307 3264 ordine
323 3200 364 3263 N,
379 3200 417 3287 d)
429 3201 596 3282 prudenter
605 3201 763 3264 attendens
781 3201 876 3264 dolosi
892 3201 997 3264 mundi
1011 3200 1145 3264 fallacias
1162 3206 1192 3263 et
1208 3200 1269 3264 uite

97 3310 220 3373 semimm
238 3310 359 3392 eligens
372 3310 529 3382 tuciorem,
545 3316 578 3376 ut
594 3330 611 3373 a
626 3311 749 3374 lubricis
771 3311 850 3391 pede
866 3311 978 3374 intacto
995 3309 1087 3373 firmis
1102 3316 1208 3395 posset
1223 3310 1271 3372 in-

16 3441 17 3454 2
95 3416 193 3480 cedere
206 3418 376 3500 gressdms,
388 3418 427 3481 ad
440 3418 541 3481 diviua
553 3418 697 3502 obsequia
713 3419 848 3482 totaliter
861 3439 894 3482 se
912 3420 1068 3492 convertit,
1085 3419 1117 3481 in
1129 3432 1272 3502 ewange-

94 3521 142 3586 licc
154 3526 359 3617 institucionis
368 3527 566 3590 observanoia
581 3532 690 3598 concta
706 3549 761 3591 sua
776 3533 954 3591 convertens
972 3529 1012 3614 o)
1035 3528 1133 3592 studia
1159 3533 1188 3591 et
1204 3528 1273 3591 uni-

97 3648 188 3697 tersus
204 3636 341 3718 dirigens
359 3639 505 3707 actiones,
520 3641 634 3700 rectum
651 3643 681 3702 et
692 3637 822 3701 lucidum
840 3638 944 3701 callem
961 3658 1102 3721 sequens,
1121 3637 1274 3701 salubrem

93 3739 221 3807 videlicet
250 3745 365 3809 ordinis
394 3747 440 3809 sui
464 3747 616 3828 regulam,
651 3747 765 3832 pert)
779 3767 868 3831 quam
889 3748 957 3828 regi
976 3748 1093 3809 valeret
1118 3753 1148 3810 et
1170 3746 1272 3827 dirigi,

94 3845 152 3912 duci
173 3858 204 3915 et
228 3854 332 3917 indues·
359 3855 399 3917 cd
425 3861 575 3938 speratam
601 3856 736 3939 requiem
763 3862 833 3938 post
854 3856 996 3920 laborem.
1028 3856 1144 3938 inqua
1171 3855 1274 3918 multis

94 3959 167 4021 aunis
181 3962 228 4023 vol
243 3980 390 4024 annorum
405 3962 438 4049 ε)
454 3961 568 4045 spacio,
584 3963 679 4027 fultus·
693 3969 814 4027 caterua
830 3964 981 4035 virtutum,
1005 3962 1064 4025 fide
1086 3962 1271 4053 preambula,

94 4085 139 4148 spe
164 4077 296 4144 astante,
326 4072 435 4137 comite
457 4073 605 4148 karitate,
633 4076 680 4137 sio
700 4074 851 4157 prevaluit
872 4081 904 4139 et
923 4073 1054 4156 profecit
1077 4072 1160 4136 circa
1175 4071 1272 4154 ipsius

94 4178 206 4242 mamare
223 4182 432 4246 defensionem
444 4183 529 4257 fidei,
542 4204 597 4266 pro
614 4203 674 4267 qua
688 4189 772 4248 totus
787 4183 928 4256 ardebat,
957 4182 1038 4266 quod
1066 4187 1172 4245 contra
1192 4182 1271 4245 illius

96 4283 167 4351 duos
181 4283 296 4364 hostes,
311 4299 411 4358 monte
428 4293 590 4375 intrepida,
606 4293 794 4376 ferventique
812 4293 919 4375 spiritu
931 4293 1106 4354 continuum
1118 4297 1271 4355 certamen

94 4412 235 4473 exercens,
251 4422 335 4464 suum
351 4401 472 4464 tandem
488 4422 616 4484 agonem
632 4402 787 4473 diutinum,
804 4401 928 4464 victrice
945 4406 1107 4483 superante
1123 4400 1270 4463 martirio,

94 4500 210 4570 feliciter
225 4511 438 4573 consummarit
455 4510 500 4598 ζ).
530 4512 622 4575 Porro
638 4531 676 4574 ne
693 4530 780 4573 sacra
797 4530 918 4572 suorum
942 4518 1062 4574 actuum
1079 4509 1116 4598 ῃ)
1134 4510 1268 4591 exempla

176 4723 208 4789 u)
221 4742 270 4780 von
283 4727 397 4783 anderes
411 4727 483 4780 lland
499 4744 538 4780 am
552 4726 651 4781 Raude.
666 4758 699 4768 -
713 4728 726 4781 b
723 4729 744 4794 )
757 4744 806 4797 pro
821 4730 849 4782 V.
