3209 5392
820 793 854 862 2.

414 967 578 1048 lmperisle
594 969 783 1052 privilegium
800 988 891 1051 super
907 971 1114 1052 recognlclone
1129 969 1241 1036 lellctl.

229 1125 412 1195 Prim'tepa'um,
435 1125 522 1180 durch
540 1126 653 1183 acelaber
675 1129 727 1184 dar
741 1127 964 1199 oufrddreroiscde
976 1132 1082 1202 Neapel
1101 1128 1176 1184 nicht
1197 1129 1267 1184 dloac
1288 1128 1431 1184 wiedcrin

231 1216 343 1270 θηαάεη
368 1214 586 1287 ouchoommea,
617 1218 733 1273 condem
763 1218 833 1274 oucla
865 1219 920 1291 auf
939 1219 998 1275 vior
1022 1217 1108 1274 Jobre
1130 1235 1181 1274 con
1206 1220 1279 1274 olleo
1305 1217 1429 1289 Adgadcn

731 1309 831 1381 defi-eit
842 1310 920 1366 rcird.

316 1452 386 1506 Pelr.
404 1451 439 1506 de
457 1452 513 1508 Vin.
531 1451 557 1514 6,
574 1454 818 1509 bausfflbrliober.
834 1487 865 1496 -
880 1459 904 1512 l.
928 1456 1009 1527 Voigt
1026 1456 1201 1511 Formelbuob
1226 1455 1274 1511 des
1297 1454 1429 1510 llenricns

229 1542 336 1599 ltalicus
350 1561 392 1598 no.
406 1543 423 1597 5
437 1544 593 1600 schlerbalt.

316 1692 424 1757 Nobile
440 1715 516 1777 opus
533 1695 667 1780 sedentis
683 1695 714 1758 in
731 1696 817 1768 solio,
834 1698 1001 1760 clemencia
1017 1698 1184 1770 suadente,
1207 1697 1429 1781 prosequimur,

225 1801 251 1864 si
267 1821 322 1885 per
336 1802 451 1866 lubrica
467 1804 555 1885 culpe
572 1803 767 1868 deliramenta
783 1806 962 1870 cadentibus
979 1807 1018 1869 ad
1034 1805 1219 1871 sublevanda
1236 1807 1277 1890 a)
1294 1805 1432 1868 remedia

225 1911 285 1975 cito
308 1933 341 1975 se
364 1931 469 1975 manus
492 1921 594 1977 nostra
617 1912 774 1984 habilitat,
798 1919 829 1977 et
852 1916 1039 1997 indulgemus
1063 1916 1198 1981 obnoxiis
1221 1915 1339 1978 veniam
1361 1922 1434 1997 post

224 2026 356 2093 reatum,
385 2020 543 2103 pulchrum
559 2022 693 2087 vindicte
709 2043 807 2105 genus
824 2024 1001 2088 estimantes
1017 2025 1196 2109 ignoscere,
1226 2023 1317 2088 etsie
1334 2029 1434 2087 mate·

224 2128 305 2193 rialis
330 2130 423 2212 gladii
447 2131 602 2194 rationare
627 2131 801 2204 licenciam,
832 2138 879 2203 ut,
909 2133 1043 2196 seniendi
1066 2134 1218 2197 voluntate
1248 2133 1428 2216 postposita,

209 2245 426 2321 ¹temperemus
443 2240 592 2304 interdum
610 2241 818 2304 misericordie
841 2242 1033 2305 condimento
1059 2245 1190 2324 rigorem
1208 2241 1340 2313 iusticie,
1359 2243 1430 2305 data

221 2355 254 2419 et
269 2348 371 2411 innata
389 2347 475 2412 uobis
492 2347 530 2410 ab
547 2349 614 2430 ipso
632 2338 803 2430 fragilitatis
817 2350 946 2413 humane
963 2350 1111 2433 principio
1128 2352 1282 2416 voluntate
1299 2352 1428 2436 quadam

222 2456 390 2519 domestica
421 2457 601 2526 miserendi,
629 2463 662 2520 ut
690 2458 760 2521 dum
789 2458 876 2540 primi
904 2459 1038 2541 parentis
1067 2459 1097 2522 in
1119 2466 1260 2541 posteros
1290 2460 1432 2524 derivato

222 2564 397 2628 discrimine
432 2565 464 2629 in
498 2568 664 2631 naturalem
698 2568 919 2650 quodammodo
952 2568 1204 2650 transgressionis
1237 2571 1363 2632 lorinam
1392 2569 1432 2654 b)

222 2675 345 2739 fluxisse
362 2674 587 2756 cognoscimus,
604 2676 813 2758 reparacionis
836 2679 976 2758 graciose
1000 2676 1141 2760 suffragia
1168 2677 1299 2743 libenter
1314 2679 1433 2762 suppli-

43 2766 46 2770 *
104 2782 311 2848 remeabas
334 2784 496 2867 largiamur
517 2785 553 2871 ¹).
586 2785 630 2849 lla
652 2791 778 2868 propter
805 2788 939 2867 presenti
968 2788 1125 2869 privilegio
1155 2786 1272 2851 noverit
1300 2805 1427 2870 presens

224 2899 289 2957 etas
317 2900 348 2958 et
376 2896 476 2958 lutura
499 2896 678 2978 posteritas,
703 2895 880 2979 quodlicet
905 2897 1085 2960 nidversitas
1108 2902 1211 2960 nostra
1239 2897 1428 2980 Neapolis

223 3002 335 3066 dodum
363 3002 410 3067 rel
439 3009 563 3085 propter
587 3003 770 3067 imminentis
788 3005 937 3067 maliciam
960 3005 1104 3089 temporis
1127 3007 1189 3076 rel,
1223 3006 1303 3089 quod
1326 3006 1427 3070 verius

221 3111 390 3184 credimus,
424 3112 462 3175 ad
490 3112 582 3176 falsas
610 3113 825 3195 suggestiones
853 3114 1120 3198 calumpniantium
1148 3116 1328 3187 emulorum,
1363 3115 1428 3177 visa

220 3222 312 3285 luerit
334 3242 351 3285 a
376 3227 479 3287 nostre
502 3219 572 3284 fidei
595 3222 711 3286 semitis
735 3223 876 3287 deviasse
901 3228 948 3293 et,
978 3224 1171 3288 seductorum
1194 3224 1294 3287 verbis
1312 3223 1425 3288 nutrita

220 3330 418 3395 mendacibus
441 3331 472 3394 iu
497 3332 633 3395 eiusdem
658 3333 769 3395 erroris
792 3333 942 3416 caligine,
964 3339 1070 3396 coacta
1086 3334 1194 3415 pocius
1211 3352 1300 3417 quam
1317 3333 1425 3396 volun-

219 3443 306 3512 taria,
338 3440 520 3523 aliquamdiu
552 3442 739 3527 perstitisse,
767 3449 891 3525 propter
918 3443 997 3527 quod
1027 3449 1058 3506 et
1087 3443 1174 3525 culpe
1203 3442 1361 3507 ridebatur
1388 3443 1419 3504 in

221 3550 372 3615 dominum
390 3550 594 3614 commississe
611 3550 801 3632 dispendium
818 3557 849 3615 et
865 3552 1000 3621 infamia,
1022 3551 1060 3614 de
1084 3551 1269 3634 plenitudine
1286 3555 1422 3636 potesla-

219 3659 259 3722 tis
277 3665 379 3723 nostre
397 3659 529 3741 benigne
542 3659 733 3723 decernimus
748 3660 937 3731 abolendam,
955 3661 1137 3742 recipientes
1154 3681 1270 3724 exnunc
1288 3661 1367 3723 sicut
1383 3660 1422 3722 ab

220 3774 309 3833 antea
337 3770 490 3833 civitatem
518 3769 631 3852 ipsam,
666 3771 822 3835 urdversos
851 3776 882 3835 et
910 3771 1044 3853 singulos
1073 3770 1204 3834 civitatis
1227 3770 1362 3832 eiusdem
1391 3770 1422 3832 in

219 3879 339 3960 plenum
367 3878 480 3943 favoris
509 3885 539 3942 et
567 3880 671 3960 gracie
699 3885 802 3944 nostre
831 3882 946 3951 sinum,
975 3880 1071 3944 bonos
1095 3899 1167 3943 usus
1190 3885 1221 3942 et
1238 3877 1421 3963 approbatas

220 3989 467 4054 consuetudines
485 3991 540 4063 eis,
558 3990 668 4074 quibos
684 3989 833 4054 hactenus
850 3993 984 4073 gaudere
1001 3998 1071 4056 sunt
1087 3991 1179 4062 soliti,
1196 3990 1421 4053 confirmantes.

218 4099 258 4163 ut
274 4100 353 4164 sicut
377 4099 415 4164 ad
438 4101 551 4164 cultum
573 4102 641 4165 nori
665 4101 790 4164 dominii
806 4101 974 4173 redierunt,
991 4103 1035 4165 sic
1053 4101 1083 4164 in
1101 4099 1197 4164 oculis
1215 4100 1328 4163 nostris
1345 4119 1421 4164 nove

219 4212 323 4293 gracie
335 4212 466 4275 fructum
479 4231 513 4273 se
525 4211 679 4293 gaudeant
695 4211 859 4284 invenisse,
872 4213 955 4294 ipsos
967 4212 1006 4277 ab
1020 4211 1157 4276 omnibus
1172 4210 1273 4280 datiis,
1285 4210 1421 4273 collectis

220 4327 251 4383 et
278 4317 495 4383 exactionibus
513 4317 754 4405 quibuscumque
782 4340 878 4406 usque
907 4322 946 4385 ad
974 4320 1202 4407 quadriennium
1227 4319 1265 4383 de
1294 4318 1418 4401 speciali
1479 4338 1480 4341 ¹

310 4482 345 4546 o)
360 4482 514 4538 sublevandi
526 4482 554 4536 Z.
568 4512 602 4523 -
616 4482 649 4552 b)
663 4498 782 4540 normam
794 4485 868 4540 Patr.
881 4482 917 4539 do
928 4481 985 4538 Vin.

245 4739 270 4799 ¹)
285 4738 326 4785 bis
338 4738 422 4785 bicbcr
433 4739 609 4797 glcicblautend
621 4738 664 4785 mit
675 4740 778 4787 Gerbert
790 4739 816 4796 3,
828 4740 868 4795 28,
881 4740 971 4786 Stobbc
982 4752 1005 4786 n.
1020 4738 1076 4785 lar.

1007 4825 1028 4864 ὁ
