3209 5392
282 517 357 589 120

269 692 409 755 virtutum
434 693 530 775 gratia
552 691 777 775 prepollentem.
808 691 934 774 Propter
956 689 1037 776 quod
1059 689 1096 753 ad
1121 709 1281 772 personam
1303 695 1384 754 tuam
1401 695 1469 753 tota

269 802 376 865 mentis
393 808 494 865 nostre
510 798 629 890 allectio
647 801 795 883 dirigitur,
813 806 845 864 et
859 801 990 864 assiduis
1007 808 1037 864 te
1054 800 1189 863 brachiis
1208 800 1333 864 materni
1352 799 1466 863 amoris

269 911 469 993 amplectens,
500 910 531 973 in
557 909 616 973 tuis
647 909 791 992 preclaris
821 908 978 992 operibus,
1009 915 1151 994 tanquam
1183 912 1214 972 in
1242 909 1335 974 swavi
1369 909 1466 973 odore

269 1025 434 1083 aromatum
450 1019 615 1083 delectatur
631 1024 661 1080 et
677 1018 894 1102 quodammodo
910 1025 1076 1092 recreatur,
1092 1019 1230 1100 cogitans
1248 1039 1369 1104 semper
1385 1025 1417 1083 et
1434 1019 1468 1083 in

269 1129 369 1194 cordis
384 1129 548 1193 secretario
564 1126 731 1201 revolvens,
748 1128 812 1212 quit
827 1127 868 1214 α)
883 1127 938 1193 tibi
954 1127 1062 1211 gratie,
1080 1129 1143 1214 quit
1158 1129 1269 1193 favoris
1286 1128 1346 1194 lilio
1362 1129 1464 1212 possit

267 1239 430 1323 inpendere
448 1245 506 1303 tam
521 1237 670 1321 precelso,
687 1243 718 1300 et
733 1235 841 1321 quihus
857 1236 1098 1303 honorificentiis
1115 1260 1201 1303 suurn
1217 1244 1327 1304 statum
1343 1240 1466 1322 magni-

268 1346 356 1413 licum
371 1331 468 1414 ualeat
483 1346 639 1429 insignire.
657 1346 737 1418 Sane
754 1345 923 1411 dilectionis
935 1352 987 1411 tue
999 1346 1086 1422 lilios,
1099 1349 1276 1430 magistrum
1287 1350 1461 1424 Arnoldnm,

269 1459 454 1543 capellanum
468 1462 602 1521 cosmum
618 1454 656 1542 b)
673 1462 704 1519 et
725 1456 789 1519 eius
812 1456 912 1521 socios
930 1456 986 1545 a),
1002 1458 1127 1523 nuncios
1149 1463 1234 1538 tuos,
1257 1459 1338 1523 viros
1356 1462 1461 1545 utique

269 1568 430 1633 industrios
445 1574 475 1632 et
487 1567 650 1650 prudentes
663 1571 694 1629 et
706 1565 736 1627 in
752 1566 913 1629 commisso
931 1567 975 1630 eis
992 1567 1120 1650 negocio
1140 1568 1286 1635 sollicitos
1300 1575 1331 1633 et
1343 1569 1464 1645 fideles,

269 1697 343 1763 quos
359 1677 509 1743 adsedem
524 1673 897 1760 apostolicamdestiuasti‚
914 1683 1068 1741 consueta
1079 1677 1268 1762 benignitate
1284 1680 1461 1763 recepimus

270 1796 300 1854 et
313 1810 349 1854 ea
360 1807 419 1873 que
432 1786 523 1850 iidem
539 1784 582 1850 tui
600 1784 700 1848 nuncii
712 1782 768 1871 β),
784 1784 906 1848 honoris
923 1791 1033 1871 tueque
1046 1787 1240 1852 exaltacionis
1257 1789 1366 1853 feruidi
1382 1792 1467 1855 zela·

269 1907 361 1969 tores.
377 1896 463 1964 nobis
479 1918 515 1960 ex
535 1900 619 1979 parte
640 1899 693 1958 tua
715 1899 834 1957 secrete
857 1914 893 1959 ac
913 1896 1033 1979 publice
1050 1898 1232 1972 retulerunt,
1255 1899 1464 1965 intelleximus

128 1989 163 2061 ⁴,
270 2009 438 2096 diligenter.
470 2007 579 2071 Verum
607 2003 676 2087 quia
699 2002 806 2067 eximia
832 2003 969 2070 karitatis
997 2025 1033 2069 ac
1061 2006 1183 2090 pietatis
1213 2029 1322 2092 opera,
1351 2011 1468 2094 quibus

271 2139 390 2204 semper
414 2136 544 2201 persona
571 2125 622 2182 tua
645 2114 722 2178 inter
743 2113 818 2178 alios
840 2113 1009 2180 katholicos
1032 2137 1123 2199 reges
1148 2124 1179 2182 et
1200 2119 1355 2204 principes
1383 2120 1469 2185 orbis

268 2241 349 2298 terre
376 2235 509 2308 refulsit,
536 2252 590 2316 pro
621 2238 652 2295 te
684 2230 763 2316 apud
793 2250 848 2293 nos
879 2234 909 2292 et
932 2229 1095 2294 Romanam
1127 2229 1305 2304 ecclesiam,
1337 2237 1470 2296 matrem

268 2352 365 2418 tuam,
399 2345 503 2409 sedulo
541 2362 578 2406 ac
612 2340 778 2405 ellicaciter
811 2339 1016 2423 interpellant,
1054 2361 1109 2405 nos
1147 2339 1206 2404 hoc
1245 2362 1305 2405 non
1341 2341 1469 2425 indigne

205 2487 209 2495 ·
267 2460 446 2538 pensantes,
477 2452 705 2518 considerantes
738 2451 846 2525 etiarn,
884 2449 964 2535 quod
999 2449 1082 2513 inisti
1113 2469 1234 2532 semper
1266 2450 1469 2515 ecclesiarum

210 2548 213 2553 ⁸
267 2570 381 2629 amator
412 2563 573 2648 precipuus
607 2566 638 2624 et
670 2560 813 2624 defensor
853 2559 1013 2642 singularis
1053 2559 1262 2624 ecclesiastice
1299 2559 1462 2634 libertatis,

267 2674 387 2740 adletha
401 2675 440 2761 c)
470 2672 652 2739 fortissimus
690 2669 841 2735 katholice
875 2667 946 2733 lidei
979 2689 1015 2733 ac
1049 2670 1149 2753 pugil,
1189 2669 1310 2734 iusticie
1349 2670 1464 2753 guber-

267 2792 364 2859 nator,
385 2786 575 2850 attendentes
598 2782 688 2846 etiam
703 2781 756 2869 d),
787 2778 867 2865 quod
904 2779 987 2843 circa
1022 2799 1182 2863 personam
1218 2786 1300 2845 tuam
1327 2780 1464 2846 inclitam

268 2902 298 2960 et
313 2895 472 2968 illustrem,
489 2893 617 2958 electam
633 2890 744 2955 dudum
760 2890 863 2975 utique
880 2888 919 2953 ad
934 2890 1097 2953 Romanum
1114 2890 1232 2954 culmen
1253 2890 1390 2975 imperii,
1425 2891 1465 2955 ad

224 3062 227 3068 ,
266 3006 468 3071 inunctionem
488 3010 520 3068 et
535 3001 765 3067 coronacionem
786 3001 878 3063 etiam
899 3001 959 3064 iam
979 3019 1172 3083 processum,
1200 3007 1335 3065 nostrum
1364 3002 1403 3065 ad
1432 3009 1463 3065 te

265 3117 397 3182 totaliter
412 3115 572 3180 direximus
588 3113 728 3185 animum,
743 3109 827 3182 firmo
844 3109 1036 3174 intendentes
1048 3110 1215 3194 proposito,
1238 3116 1269 3175 et
1284 3099 1460 3178 intencione

266 3227 364 3292 stabili
380 3231 591 3310 permanentes
599 3221 639 3308 e)
647 3222 686 3288 ad
701 3223 744 3285 tui
760 3219 883 3285 honoris
900 3219 1155 3284 culmenlibenter
1163 3240 1336 3304 assurgere,
1349 3228 1462 3308 tueque

264 3335 450 3423 promotioni
465 3335 589 3399 firmiter
610 3339 641 3398 et
662 3332 814 3396 ferventer
834 3329 990 3395 intendere
1013 3349 1049 3393 ac
1071 3331 1111 3393 ad
1131 3351 1219 3397 omne
1242 3329 1354 3396 honum
1378 3339 1462 3399 tuum

266 3448 430 3532 inpendere
447 3466 536 3531 opem
551 3451 582 3509 et
598 3461 719 3527 operam
736 3440 903 3504 efficacem.

355 3558 395 3622 Et
410 3577 483 3621 ecce
496 3555 638 3619 dilectum
648 3551 739 3615 lilium
751 3556 887 3614 nostrum
899 3549 1085 3615 Galtherium
1098 3551 1137 3638 f)
1154 3550 1198 3637 p]
1212 3552 1464 3635 penitenciarium

266 3676 415 3742 nostrum,
446 3667 540 3733 virum
573 3663 675 3747 utique
701 3660 848 3744 religione
871 3659 1082 3744 conspicuum,
1121 3660 1254 3726 moribus
1278 3668 1308 3727 et
1330 3665 1464 3730 scientia

265 3780 429 3865 preditum,
461 3775 608 3859 nobisque
635 3792 691 3834 sue
723 3769 839 3834 meritis
867 3767 1025 3853 probitatis
1054 3776 1230 3853 acceptum,
1261 3771 1314 3835 ad·
1332 3795 1462 3859 regnum

264 3890 415 3956 Alamanie
431 3888 471 3951 ad
485 3888 619 3951 levorem
635 3888 717 3946 tuum
734 3879 907 3963 specialiter
924 3878 1060 3943 duximus
1073 3880 1295 3955 destinandum,
1308 3885 1463 3949 universis

263 4000 391 4085 predicti
408 3995 525 4081 imperii
540 3992 678 4057 fidelibus
694 3990 822 4073 aliisque
838 3989 1040 4072 magnatibus,
1056 3996 1118 4055 tam
1135 3990 1355 4056 ecclesiasticis
1373 4014 1464 4079 quam

263 4109 432 4181 mundanis,
447 4105 502 4171 tibi
519 4097 735 4168 adherentibus
757 4106 788 4163 et
810 4121 871 4163 nou
891 4099 1109 4165 adherentibus
1136 4119 1192 4182 per
1220 4107 1341 4167 nostras
1375 4126 1462 4170 man·

263 4225 370 4287 dantes
389 4220 429 4306 d)
444 4217 548 4281 literas
567 4212 615 4301 ε),
632 4217 666 4277 ut
692 4211 875 4275 adherentes
903 4208 959 4272 tihi
988 4214 1164 4273 constanter
1191 4216 1222 4275 et
1242 4211 1274 4275 iu
1296 4217 1348 4277 tua
1365 4213 1464 4279 tideli-

262 4342 325 4399 tate
357 4337 389 4394 et
416 4323 582 4392 devocione
614 4326 811 4405 permaneant
842 4326 874 4383 et
904 4318 1051 4404 prebeant
1083 4339 1171 4383 ornne
1203 4321 1406 4407 quodcunque
1421 4326 1465 4414 p)

263 4446 399 4529 possunt,
415 4461 532 4524 perse,
549 4435 697 4509 subditos,
714 4430 1001 4514 consanguineoset
1013 4430 1127 4509 amicos
1140 4430 1308 4506 consilium,
1325 4434 1465 4498 auxilium

240 4615 244 4622 .
356 4571 389 4644 a)
404 4571 451 4625 tib:
470 4567 537 4622 lcblt
553 4566 581 4621 Z.
601 4593 635 4604 ·-
655 4562 687 4634 b)
706 4561 872 4633 capellanum
892 4567 1013 4613 cosmum
1031 4556 1099 4613 fehlt
1120 4560 1149 4614 V.
1173 4588 1201 4599 —
1223 4559 1254 4629 c)
1273 4560 1366 4617 adleta
1379 4564 1410 4617 z,
1424 4591 1459 4604 .-

246 4723 249 4730 ,
265 4670 302 4743 d)
311 4668 419 4742 insuper
430 4664 473 4721 fur
485 4651 564 4725 etiam
576 4664 604 4718 Z.
620 4689 650 4702 ·-
666 4660 698 4731 e)
705 4661 888 4730 proponentes
900 4658 928 4712 Z.
943 4657 976 4703 -ὲ
988 4653 1022 4727 f)
1037 4655 1211 4716 Gualtbernm
1224 4652 1466 4728 Z·-9)quoeuu·

264 4788 316 4842 que
330 4776 360 4830 V.
