3209 5392
1228 484 1277 555 29

96 680 217 745 dominus
232 699 308 762 papa
322 678 488 761 Gregorius
504 678 552 742 [Χ.
571 697 704 749 causam,
720 697 778 760 que
791 675 918 736 vertitur
929 669 1008 731 inter
1020 663 1170 729 dominum
1183 658 1226 722 Al.
1245 677 1281 720 ex

95 796 170 873 parte
185 809 240 852 una
257 794 288 851 et
304 788 454 851 dominum
471 786 511 873 a)
527 787 687 869 plebanum
704 787 745 872 d)
763 805 799 846 ex
820 787 906 864 parte
923 779 1028 848 altera,
1051 773 1138 839 nobis
1155 769 1281 834 commi-

96 898 159 961 serit
174 897 377 967 dirimendam,
401 902 432 959 et
447 916 502 960 nos
520 896 557 959 ad
579 915 705 977 presens
721 894 813 956 variis
829 887 966 971 negociis
981 881 1130 967 prepediti
1147 878 1281 942 eiusdem
1369 962 1371 965 Ι

96 1028 176 1070 cause
203 1005 375 1087 cognicioni
398 1026 457 1069 non
484 1006 634 1087 possimus
661 1001 861 1086 personaliter
876 1001 1042 1066 interesse,
1070 994 1166 1075 ipsam
1193 989 1400 1052 vobisut-1³·-

97 1113 325 1195 subdelegmnns
341 1112 517 1176 mandantes
534 1111 713 1176 auctoritate
725 1108 891 1191 apostolica
904 1111 994 1188 atque
1007 1107 1120 1171 nostra,
1134 1103 1281 1181 quatenus

97 1221 217 1303 partibus
234 1221 410 1285 convocatis
428 1227 486 1284 etc.
505 1221 553 1305 e),

174 1331 210 1394 llt
225 1329 266 1414 d)
283 1329 445 1393 notandum
462 1331 488 1390 si
513 1330 649 1392 dominus
668 1348 746 1411 papa
769 1324 953 1391 commiserit
972 1319 1106 1405 pluribus
1133 1314 1283 1379 iudicibus

99 1459 206 1502 causam
237 1458 343 1511 unam,
375 1438 451 1502 alter
481 1438 568 1503 alteri
603 1444 705 1522 potest
736 1435 924 1501 committere
955 1436 1039 1497 vices
1076 1448 1162 1501 suas,
1199 1424 1285 1489 verbi

100 1567 205 1631 grana:

225 1769 377 1838 luo-odo
394 1770 482 1833 iudex
500 1769 655 1849 delegatus
671 1770 767 1851 possit
783 1768 965 1832 committere
982 1766 1061 1828 vices
1078 1779 1158 1826 sues.

179 1928 261 2013 Ost)
277 1928 336 1992 Dei
349 1931 452 2011 gracia
469 1929 599 1992 ecclesie
615 1928 801 1992 Pataviensis
820 1928 978 2020 episcopus
996 1902 1113 1989 dilectis
1126 1923 1156 1984 in
1169 1919 1289 1985 Christo

101 2037 128 2097 l.
156 2037 356 2101 miseracione
394 2038 493 2101 divina
536 2039 689 2121 preposito
729 2044 759 2101 et
794 2039 827 2099 B.
867 2037 981 2099 decano
1022 2033 1153 2097 ecclesie
1193 2029 1290 2092 sancti

103 2144 278 2229 Nycolays)
298 2147 360 2209 suis
386 2146 594 2211 coniudicibus
609 2147 685 2234 n)a
708 2146 781 2209 sede
805 2144 970 2227 apostolica
995 2142 1143 2225 delegatis
1166 2140 1292 2203 salutem

108 2259 133 2316 et
148 2255 292 2317 sinceram
309 2255 340 2318 in
355 2257 482 2320 Domino
499 2255 667 2319 karitatem.
687 2255 864 2337 Cognicioni
881 2274 983 2326 cause,
1000 2274 1058 2337 que
1074 2252 1200 2316 vertitur
1214 2250 1294 2315 inter

108 2361 138 2423 N.
152 2370 279 2445 exparte
293 2384 353 2426 una
367 2370 397 2427 et
409 2365 445 2427 N.
460 2385 495 2427 en
511 2370 596 2447 parte
613 2365 717 2438 altera,
734 2386 792 2427 non
808 2364 943 2427 ualentes
959 2363 996 2425 ad
1008 2381 1134 2445 presens
1146 2362 1295 2423 interesse

110 2471 273 2553 quibusdam
292 2474 429 2555 negociis
457 2472 659 2558 impeditio),
683 2475 713 2536 in
742 2495 777 2536 ea
805 2472 891 2538 uobis
918 2472 1052 2555 plenarie
1086 2470 1298 2536 committimus

110 2579 182 2644 uices
204 2583 324 2646 nostras
342 2583 446 2646 barum
462 2582 633 2647 testimonio
649 2583 814 2646 literarum.

479 2786 635 2851 l'rcctctus
652 2786 689 2849 dc
706 2787 916 2850 cltcclcnibrs.

611 2912 740 2958 orstrnooo
752 2914 789 2958 ιιι.

191 3049 263 3113 Post
278 3053 441 3113 tractatum
459 3048 496 3112 de
513 3048 774 3113 commissionibus
790 3048 951 3112 uidendum
968 3053 1016 3111 est
1030 3048 1069 3111 de
1091 3047 1300 3113 citacionibus.

117 3154 165 3220 nst
178 3157 268 3239 igitur
283 3157 395 3221 citacio
417 3158 534 3241 quando
550 3157 677 3229 indices,
700 3158 738 3222 ad
759 3157 910 3221 iusticiam
926 3158 1036 3221 actoris
1052 3158 1303 3239 prosequendam,

117 3284 162 3329 reo
174 3267 317 3339 scribunt,
331 3273 364 3330 ut
376 3286 477 3331 coram
489 3266 563 3349 ipsis
577 3272 761 3349 compareat,
776 3266 888 3349 profixo
902 3266 959 3330 sibi
972 3267 1098 3330 termino
1112 3269 1305 3349 competenti,

120 3392 169 3455 quo
190 3382 364 3458 compareat
391 3376 501 3439 iudicio
530 3396 633 3440 coram
656 3377 709 3438 eis.
728 3376 827 3440 -Et
850 3376 1005 3441 sciendum
1028 3376 1109 3459 quod
1125 3375 1306 3440 citacionum

120 3482 169 3545 alia
199 3486 311 3567 prima,
350 3484 407 3547 alia
447 3486 598 3558 secunda,
637 3486 695 3549 alia
725 3485 822 3549 tercia
833 3486 868 3571 i)
899 3487 1110 3569 peremptoria.
1148 3488 1181 3550 ln
1212 3487 1307 3569 prima

121 3594 270 3675 requiritur
305 3594 343 3656 de
375 3594 585 3676 solempnitate
617 3594 702 3667 iuris,
735 3595 816 3678 quod
849 3595 888 3658 ad
918 3596 1016 3658 minus
1054 3595 1160 3677 viginti
1193 3595 1307 3658 dierum
1423 3639 1426 3647 ,

123 3698 218 3764 dentur
232 3701 271 3787 ts)
288 3702 409 3765 inducie
426 3725 496 3775 reo,
527 3703 559 3765 in
582 3703 715 3766 secunda
744 3704 897 3776 similiter,
926 3724 984 3787 que
1007 3704 1065 3767 due
1093 3723 1150 3786 per
1168 3703 1307 3776 terciam,

124 3807 227 3874 scilicet
241 3813 486 3893 peremptoriam,
511 3813 737 3876 concluduntur.
754 3813 862 3876 Parum
884 3818 984 3876 autern
1012 3818 1064 3876 aut
1085 3812 1176 3875 nichil
1199 3812 1309 3886 differt,

126 3922 209 3980 utrum
235 3919 293 3983 bec
316 3921 411 3983 tercia
435 3921 561 3993 citacio,
589 3921 620 3983 id
643 3927 689 3984 est
719 3923 938 4004 peremptoria,
967 3923 1019 3984 uni
1047 3927 1077 3984 et
1101 3922 1200 3985 eidem
1223 3922 1310 3985 litere

31 4048 33 4065 ι
126 4026 243 4091 totaliter
255 4031 415 4100 inseratur,
433 4029 591 4092 dummodo
609 4029 773 4092 seeundum
786 4030 959 4112 qualitatem
976 4030 1096 4112 negocii
1122 4037 1152 4094 et
1167 4031 1311 4113 temporis

127 4129 267 4199 breviores
284 4146 335 4201 aut
351 4137 503 4218 longiores
520 4136 640 4200 inducie
658 4138 766 4201 dentur
781 4160 846 4209 reo,
869 4141 909 4201 ita
932 4144 965 4201 ut
987 4159 1044 4201 nec
1061 4159 1163 4202 earum
1179 4140 1313 4205 brevitas

127 4259 199 4305 reum
215 4244 250 4307 de
267 4245 331 4308 iure
355 4252 500 4327 provocet
516 4255 567 4309 aut
583 4246 729 4329 appellet,
751 4268 808 4310 nec
824 4247 977 4329 prolixitas
995 4256 1128 4312 actorem
1142 4250 1174 4335 l)
1191 4251 1314 4316 inducat

208 4411 239 4476 a)
258 4410 326 4461 dom.
347 4408 415 4461 fehlt
438 4408 465 4462 Z.
484 4438 512 4446 -
536 4408 568 4477 d)
588 4409 680 4462 Sancti
701 4411 794 4464 laconi
816 4411 842 4465 Z.
866 4443 895 4451 —
916 4413 948 4481 c)
975 4416 1058 4464 totum
1082 4418 1110 4465 ut
1129 4430 1210 4482 supra
1228 4414 1256 4467 Z.
1280 4444 1308 4453 -

131 4490 161 4557 d)
182 4494 240 4547 ltern
254 4499 281 4551 Z.
301 4527 335 4537 -
358 4498 390 4567 e)
405 4498 446 4551 W.
466 4498 492 4551 Z.
513 4497 545 4568 s)
569 4500 639 4552 Flor.
661 4501 688 4552 Z.
712 4529 746 4539 —
767 4503 803 4572 9)
827 4502 957 4555 iudicibus
979 4502 1006 4554 Z.
1029 4532 1057 4541 -
1079 4500 1113 4570 h)
1136 4505 1198 4573 imp.
1227 4521 1314 4574 prop·

131 4581 195 4638 terea
215 4590 286 4642 vobis
307 4590 496 4645 committimus
517 4591 637 4661 plenarie
651 4591 677 4645 Z.
692 4621 723 4631 ·-
734 4593 761 4662 a)
776 4594 858 4646 tercia
874 4594 941 4648 fehlt
956 4594 984 4645 V.
999 4624 1034 4633 —
1047 4594 1081 4666 lr)
1096 4599 1219 4649 tenentur
1233 4598 1261 4649 V.
1275 4626 1311 4636 -

132 4670 156 4737 l)
167 4681 291 4732 auctorem
305 4681 335 4735 V.
