3209 5392
246 538 327 631 etl

344 722 418 784 Cum
438 742 540 784 omnes
560 720 697 784 homines
714 721 837 803 equales
855 727 961 785 natura
978 719 1134 805 genuerit,
1154 741 1213 784 non
1230 724 1333 783 nature
1349 716 1438 788 nicio,
1512 724 1515 733 '

244 828 298 891 sed
321 828 472 893 hominum
495 827 683 890 deformitate
707 828 874 912 processit,
898 829 978 912 quod
1002 833 1128 912 propter
1148 828 1276 891 allectus
1300 832 1330 891 et
1353 830 1438 889 actus

244 938 358 1008 noxios,
377 936 497 1000 iusticie
513 935 658 1000 limitibus
675 934 895 1010 cohercendos,
912 937 1001 1001 homo
1019 958 1077 1000 non
1092 936 1248 999 hominum
1264 941 1369 998 nature
1386 933 1439 997 sed

244 1044 329 1107 viciis
356 1046 534 1127 preferatur.
576 1034 855 1107 Verumtamen'ad
883 1044 941 1108 hoc
960 1041 1157 1127 proculdubio
1181 1048 1242 1106 tam
1271 1040 1439 1125 precellens

245 1152 376 1216 cilicium
393 1154 475 1217 solus
491 1153 541 1215 ille
554 1157 698 1216 censetur
713 1153 859 1234 ydoneus,
876 1155 958 1216 solus
975 1152 1096 1235 dignus,
1113 1151 1164 1234 qui
1181 1151 1335 1214 subiectos
1343 1150 1440 1233 preire

244 1260 321 1324 sciat
336 1261 442 1325 merito
459 1266 490 1323 et
505 1262 625 1325 virtute.
644 1260 687 1323 llli
706 1261 784 1324 enim
801 1262 957 1344 regiminis
971 1262 1056 1325 locus
1065 1260 1157 1324 dehet
1168 1259 1321 1340 regendus
1329 1259 1439 1328 offerri,

243 1370 329 1432 ouius
345 1369 451 1433 merita
469 1370 535 1431 loco
553 1374 721 1450 congruant
744 1375 774 1431 et
797 1368 904 1432 honori
928 1376 959 1432 et
982 1368 1068 1432 cuius
1090 1366 1207 1431 humeri
1230 1388 1290 1431 non
1307 1367 1369 1429 sint
1385 1364 1438 1429 sub

242 1480 318 1540 tanti
334 1479 419 1542 fasce
431 1477 573 1561 ponderis
591 1472 766 1548 imbecihes,
776 1479 845 1560 quia
862 1478 934 1542 licet
950 1480 1068 1541 culmen
1085 1476 1241 1559 regiminis
1255 1474 1442 1539 asscribatur

241 1585 359 1658 honori,
387 1586 479 1650 habet
506 1593 605 1649 tamen
630 1605 775 1648 annexam
800 1586 900 1648 oneris
918 1592 948 1649 et
963 1585 1089 1667 periculi
1112 1584 1300 1667 gravitatem.
1331 1583 1441 1647 Verum

242 1695 381 1775 quoniam
414 1695 478 1757 sola
508 1694 563 1757 Dei
587 1692 774 1757 sufficiencia
801 1693 875 1757 facit
903 1694 1053 1757 hominem
1082 1693 1112 1755 in
1139 1690 1313 1755 huiusmodi
1342 1688 1440 1755 officio

242 1801 440 1866 sufficientem
458 1809 487 1865 et
505 1801 643 1884 dignum,
667 1801 705 1864 de
722 1809 824 1865 nostra
842 1821 1029 1885 nequaquam
1049 1803 1160 1865 virtute
1184 1797 1307 1869 contisi,
1334 1798 1390 1862 sed
1411 1799 1441 1861 in

242 1908 333 1972 solius
359 1910 458 1973 divine
481 1909 624 1973 honitatis
651 1910 757 1972 auxilio
786 1930 871 1991 spem
899 1916 1065 1992 ponentes,
1087 1907 1316 1971 considerantes
1339 1908 1440 1978 etiam,

241 2018 321 2099 quod
338 2017 480 2081 nobilium
497 2017 670 2101 prudencia,
688 2018 790 2100 populi
807 2019 1000 2088 constancia,
1029 2038 1084 2080 nec
1109 2034 1168 2079 non
1184 2017 1314 2080 omnium
1332 2022 1363 2078 et
1380 2016 1442 2080 sin·

241 2127 377 2209 gulorum
407 2125 537 2189 civitatis
564 2127 671 2188 Bon..
702 2124 859 2188 nobiscum
888 2124 1100 2188 sollicitudinis
1128 2129 1232 2189 nostre
1254 2144 1349 2187 onera
1372 2145 1441 2209 par·

240 2235 358 2297 cientur
375 2240 405 2297 et
421 2234 549 2296 reddant
566 2254 601 2294 ea
619 2234 698 2297 facili
716 2233 893 2296 obediencia
910 2233 1038 2296 leviora:
1064 2253 1150 2304 ecce,
1165 2234 1304 2297 invocato
1322 2234 1441 2297 nomine

239 2343 313 2406 lesu
331 2342 454 2413 Christi,
472 2342 510 2404 de
527 2347 696 2405 nostrorum
713 2339 875 2404 amicorum
898 2342 1089 2423 heneplacito
1113 2346 1143 2404 et
1160 2362 1331 2414 consensu,
1357 2343 1439 2426 regi·

240 2450 328 2514 minis
352 2451 442 2514 vestri
471 2450 558 2513 nobis
587 2449 720 2513 oblatum
747 2449 904 2520 honorem,
933 2448 984 2532 qui
1013 2450 1116 2512 maiori
1140 2449 1239 2512 tocius
1255 2450 1354 2514 Ytalie
1376 2450 1439 2514 viro

240 2558 433 2621 exaltacionis
460 2563 491 2621 et
512 2560 608 2640 glorie
631 2558 755 2620 cederet
778 2557 1033 2639 inaugmentum,
1056 2558 1138 2621 iuxta
1155 2562 1323 2621 vestrarum
1340 2557 1439 2621 conti-

240 2665 377 2729 nenciam
394 2666 548 2730 literarum
564 2666 731 2747 gaudenter
744 2671 773 2729 et
784 2665 929 2748 hylariter
941 2671 1145 2749 acceptamus.
1159 2666 1328 2729 Auxiliante
1336 2667 1439 2751 itaque

236 2774 375 2845 Domino,
399 2775 526 2838 termino
549 2772 661 2856 profixo
684 2772 839 2836 veniemus
862 2772 1019 2854 regiminis
1035 2775 1129 2836 uestri
1146 2773 1259 2836 utinam
1274 2775 1335 2837 leto
1352 2776 1436 2857 prin·

242 2883 333 2964 cipio,
352 2881 432 2944 selici
449 2902 613 2964 progressu
631 2886 660 2942 et
677 2879 737 2943 line
752 2879 894 2943 laudabili
911 2881 1042 2944 honores
1060 2886 1091 2945 et
1108 2901 1197 2944 onera
1215 2880 1354 2945 subituri.

794 3084 858 3155 64.

236 3264 354 3330 illectus
378 3265 415 3327 od
438 3264 564 3327 edictum
587 3265 755 3345 prefectum
777 3264 962 3342 regradetur
983 3263 1020 3325 de
1041 3262 1152 3327 honore
1171 3264 1227 3326 slhl
1246 3263 1383 3345 impense
1403 3283 1437 3327 oc

436 3376 558 3435 excusat
574 3389 621 3447 sc,
640 3372 719 3450 qnod
735 3369 865 3433 otiolum
881 3389 940 3434 nen
956 3375 1058 3453 petest
1074 3374 1240 3452 receptore.

328 3532 404 3595 Cum
421 3530 553 3612 dignitas
570 3534 600 3592 et
617 3529 745 3593 officium
763 3531 936 3611 profecturo
959 3536 1078 3592 ceteros
1101 3529 1133 3591 in
1156 3528 1215 3593 hoc
1238 3530 1341 3594 seculo
1365 3550 1436 3613 prc-

238 3640 328 3703 cellat
343 3640 492 3711 honores,
515 3658 575 3700 non
591 3641 691 3719 potest
707 3658 798 3719 gens,
816 3637 943 3721 populus
961 3642 992 3701 et
1008 3637 1115 3701 civitas
1133 3637 1224 3701 alicui
1240 3638 1304 3701 riro
1322 3639 1436 3703 exalta-

236 3747 332 3811 cionis
355 3752 386 3810 et
408 3745 503 3828 glorie
526 3745 593 3828 plus
617 3748 773 3816 conferre,
803 3766 892 3829 quam
915 3768 950 3809 ex
974 3746 1095 3829 proprie
1119 3744 1284 3809 voluntatis
1311 3744 1435 3809 arbitrio

236 3872 304 3919 eum
321 3856 399 3918 inter·
416 3859 532 3917 ceteros
550 3854 740 3924 discernere,
765 3853 878 3935 eligere
903 3875 939 3918 ac
961 3853 1019 3918 sibi
1043 3875 1213 3937 preponere
1238 3854 1388 3917 dominum
1405 3857 1435 3914 et

235 3971 384 4028 rectorem
407 3970 438 4026 et
460 3983 513 4025 sue
537 3983 570 4023 se
594 3961 733 4024 subicere
756 3962 907 4046 potestati.
949 3963 1012 4025 lloc
1035 3982 1143 4045 nempe
1166 3961 1285 4043 signum
1308 3961 1433 4026 evidens

237 4079 286 4136 est
301 4070 506 4134 indubitabilis
524 4070 710 4133 confidencie
727 4090 763 4132 ac
780 4069 884 4133 intime
902 4069 1072 4134 dilectionis
1090 4070 1230 4153 eligentis
1243 4071 1282 4132 ad
1294 4071 1432 4137 electum,

234 4180 293 4242 hoc
322 4181 416 4242 eciam
446 4179 477 4241 in
500 4181 680 4261 perpetuum
704 4178 785 4240 cedit
814 4179 972 4249 decorem,
1002 4183 1033 4241 et
1056 4179 1150 4241 decus
1174 4198 1233 4241 non
1257 4178 1352 4241 solum
1376 4176 1432 4259 ipsi

235 4288 350 4359 electo,
374 4287 429 4349 sed
453 4287 590 4349 universe
607 4287 637 4348 in
653 4291 807 4368 posterum
824 4285 910 4369 stirpi
928 4287 1001 4350 eius.
1027 4286 1129 4349 Talem
1147 4286 1239 4368 igitur
1255 4306 1323 4348 esse
1340 4283 1432 4348 colla·

231 4402 298 4459 tum
314 4394 401 4457 nohis
418 4414 436 4455 a
454 4394 662 4456 dominacione
679 4399 781 4457 vestra
798 4392 1044 4475 recognoscimus
1062 4400 1093 4457 et
1109 4392 1284 4476 profitemur
1298 4393 1431 4476 graciam

236 4508 267 4567 et
282 4502 439 4571 honorem,
456 4507 487 4563 et
503 4521 539 4563 eo
556 4500 652 4583 magis
666 4501 873 4573 excellentem,
891 4522 950 4585 quo
964 4503 1043 4566 inter
1057 4507 1160 4565 cetera
1173 4501 1275 4567 mundi
1287 4500 1430 4582 regimina

234 4612 328 4674 vestri
350 4610 506 4693 regiminis
539 4611 624 4673 locus
656 4611 752 4674 maius
785 4610 882 4692 glorie
899 4612 1019 4675 culmen
1035 4611 1136 4674 habet.
1161 4612 1207 4675 De
1230 4630 1289 4696 quo
1311 4609 1429 4695 quidem

233 4725 318 4783 tanto
342 4724 373 4780 et
394 4718 447 4781 tali
470 4716 619 4780 beneficio
642 4721 802 4782 ethonore
820 4720 892 4782 licet
909 4719 1016 4800 dignas
1036 4725 1066 4782 et
1082 4740 1171 4804 pares
1189 4719 1360 4802 graciarum
1376 4738 1428 4780 ne-
