3209 5392
1306 506 1380 577 301

280 688 360 751 Sane
385 685 465 749 inter
488 690 609 748 ceteros
633 687 757 750 Romani
781 686 900 769 imperii
925 682 1029 747 fideles
1054 684 1207 767 principes
1236 688 1267 747 et
1290 682 1387 747 nostri

187 796 349 880 precipuos
376 794 563 877 principatus
591 798 722 867 amicos,
755 795 864 878 quibus
893 798 995 857 nostre
1025 793 1165 857 divinitus
1198 792 1284 856 nobis
1317 793 1386 856 date

188 904 328 991 potencie
352 902 533 975 fulciuntur,
561 902 751 968 venerabiles
777 912 808 968 et
831 903 1007 968 karissimos
1033 902 1183 986 principes
1206 907 1326 967 nostros
1345 899 1384 988 α)

189 1013 447 1093 salzburgensem
463 1011 735 1096 archiepiscopum,
753 1013 793 1101 β)
810 1014 1059 1095 Ratisponensem
1078 1017 1108 1076 et
1124 1012 1162 1100 p)
1178 1011 1387 1075 Pataviensem

188 1125 347 1207 episcopos
382 1121 648 1202 recognoscimus,
682 1122 828 1207 ipsosque
858 1127 889 1184 et
917 1141 1019 1186 eorum
1049 1121 1215 1195 ecclesias,
1249 1119 1386 1184 homines

189 1232 327 1298 subditos
355 1236 386 1293 et
413 1229 548 1292 fautores
575 1229 695 1294 habitos
724 1232 770 1293 vel
799 1230 955 1294 habendos
985 1231 1041 1294 sub
1057 1230 1182 1295 Romani
1210 1229 1328 1313 imperii
1357 1235 1388 1293 et

189 1349 292 1408 nostra
319 1340 508 1423 protectione
537 1340 736 1423 suscipimus,
765 1339 903 1404 districte
933 1347 964 1405 et
990 1340 1116 1405 tinniter
1142 1341 1325 1411 inhibentes,
1348 1359 1386 1402 ne

190 1455 347 1539 quisquam
362 1449 527 1522 hominum,
556 1450 763 1535 cuiuscunque
781 1451 967 1514 condicionis
986 1457 1037 1515 aut
1053 1457 1150 1516 status
1167 1450 1286 1521 existat,
1302 1449 1387 1532 ipsos

190 1565 221 1626 in
246 1582 280 1624 se
305 1566 336 1623 et
360 1559 422 1622 suis
446 1559 708 1641 possessionibus,
737 1559 909 1623 hominibus
926 1561 1006 1632 suis,
1034 1560 1202 1624 fautoribus
1218 1561 1264 1623 vel
1281 1559 1387 1622 amicis

191 1693 265 1737 ausu
293 1667 453 1734 temerario
482 1670 642 1732 molestare
670 1677 842 1752 presumat,
871 1676 922 1732 aut
948 1670 1082 1753 ipsorum
1111 1671 1192 1742 iura,
1220 1669 1387 1742 libertates,

190 1778 417 1846 munificencias
435 1777 498 1839 sive
516 1778 648 1858 gracias,
665 1778 730 1841 illas
748 1779 885 1850 manime,
903 1780 1012 1862 quibus
1028 1780 1264 1863 predecessores
1281 1780 1388 1854 nostri,

188 1888 312 1955 Romani
343 1886 461 1968 imperii
494 1886 554 1949 divi
584 1886 754 1969 principes,
793 1896 1008 1952 antecessores
1046 1910 1148 1954 eorum
1187 1896 1217 1954 et
1255 1890 1387 1972 ipsorum

189 1998 336 2065 ecclesias
369 1995 509 2076 largitate
543 1997 629 2077 regia
666 1996 853 2069 ditaverunt,
889 2018 1023 2081 quasque
1052 2005 1158 2063 tenore
1194 2002 1387 2083 presencium

190 2106 423 2173 carrlirmacicne
437 2103 537 2168 debita
550 2105 736 2176 innovamus,
750 2105 863 2169 violare
877 2108 1049 2171 contendat.
1067 2110 1110 2172 Ad
1128 2109 1188 2173 hoe
1204 2110 1388 2174 ministeria-

187 2219 268 2283 libus
294 2223 324 2281 ct
349 2235 451 2279 eorum
476 2214 647 2277 hominibus
672 2215 801 2298 propriis
827 2217 884 2280 sub
908 2218 1071 2299 imperialis
1100 2224 1130 2281 et
1158 2225 1261 2283 nostre
1284 2220 1388 2301 gracie

188 2328 300 2410 regalis
330 2326 454 2389 obtentu
483 2325 665 2406 precipimus
695 2331 725 2387 et
752 2325 945 2397 mandamus,
974 2335 1120 2410 quatenus
1149 2328 1224 2411 ipsis
1246 2336 1388 2412 tanquam

190 2456 292 2501 eorum
308 2435 387 2498 veris
405 2433 533 2497 dominis
549 2439 725 2497 reverenter
754 2434 898 2499 obediant
925 2443 957 2500 et
982 2442 1121 2518 potenter
1152 2438 1307 2509 assistant,
1332 2458 1388 2501 nec

190 2546 228 2611 ad
245 2545 369 2609 aliorum
386 2542 444 2605 nisi
462 2542 499 2604 ad
517 2542 706 2626 imperatoris
723 2543 770 2606 vel
786 2544 871 2625 regis
887 2545 1012 2607 Romani
1029 2545 1158 2608 servicia
1175 2547 1241 2608 sine
1263 2546 1389 2630 speciali

191 2655 375 2719 dominorum
389 2671 510 2714 suorum
522 2651 649 2714 licencia
664 2672 697 2714 se
711 2653 895 2734 coniungere
913 2655 958 2715 vel
971 2655 1138 2719 transl'erre
1155 2675 1189 2719 se
1205 2661 1389 2738 presumant,

190 2786 227 2828 ne
245 2763 376 2827 ecclesie
404 2762 556 2826 bominum
585 2782 707 2825 suorum
736 2761 891 2845 obsequiis
919 2769 1044 2826 careant
1072 2771 1102 2827 et
1128 2764 1235 2846 prelati
1259 2766 1388 2848 predicti

189 2876 291 2939 debito
308 2873 486 2937 fraudentur
500 2872 624 2934 bonore.
658 2871 801 2934 Preterea
818 2872 957 2935 universa
975 2878 1006 2936 ct
1022 2873 1140 2955 singula
1157 2875 1233 2944 iura,
1252 2895 1389 2958 quecun·

190 3005 247 3067 que
266 2981 412 3045 vocabulo
429 2985 622 3051 censeantur,
651 3000 709 3062 que
726 2980 850 3062 prelatis
867 2980 1013 3062 predictis
1031 2988 1061 3046 et
1078 3004 1182 3047 eorum
1199 2985 1340 3048 ecclesiis
1357 2986 1389 3048 in

188 3093 277 3157 terris
293 3091 433 3162 Austris,
461 3090 579 3172 Styrie,
607 3088 763 3152 Karintbie
788 3095 819 3151 et
834 3091 961 3153 Bavarie
979 3099 1143 3174 conpetunt
1159 3093 1190 3155 in
1207 3094 1393 3170 bominibus,

189 3199 445 3286 possessionibus,
470 3198 739 3268 iurisdictionibus,
764 3200 884 3271 castris,
910 3200 1009 3273 bonis,
1026 3202 1125 3265 leodis
1143 3224 1197 3267 seu
1213 3204 1306 3268 rebus
1323 3207 1389 3270 aliis

189 3313 441 3399 quibuscunque,
463 3310 538 3393 ipsis
562 3315 717 3373 eteorum
741 3308 881 3372 ecclesiis
905 3312 1153 3391 recognoscimus
1176 3314 1295 3396 integre
1313 3320 1389 3382 etin

188 3428 301 3493 totum,
334 3429 365 3484 et
391 3418 584 3505 presentibus
613 3418 806 3501 pollicemur,
841 3419 920 3501 quod
949 3419 987 3482 ad
1017 3441 1119 3484 eorum
1147 3428 1329 3505 potestatem
1358 3433 1389 3491 et

189 3533 347 3616 imperium
375 3552 429 3594 seu
459 3528 622 3592 dominium
650 3532 761 3611 quanto
791 3528 886 3591 cicius
914 3531 1080 3612 poterimus
1104 3532 1300 3607 reducemus,
1329 3557 1388 3601 nou

187 3641 326 3705 obstante
344 3639 369 3704 si
387 3639 425 3702 ab
442 3637 591 3722 aliquibus
608 3636 784 3719 potentibus
807 3638 836 3698 vi
859 3639 905 3700 vel
929 3644 1010 3702 metu
1034 3661 1088 3703 seu
1111 3640 1185 3704 alias
1209 3644 1388 3726 apredictis

185 3750 309 3835 prelatis
338 3749 375 3812 de
403 3746 549 3829 predictis
577 3746 664 3809 bonis
689 3767 742 3809 seu
766 3746 1012 3826 possessionibus
1041 3748 1153 3832 aliquid
1181 3751 1309 3833 inprobe
1338 3758 1386 3818 est

187 3866 352 3931 extortum3
381 3878 439 3940 quc
467 3855 581 3917 viribus
610 3874 704 3918 vacua
722 3875 792 3917 esse
810 3855 945 3918 volumus
963 3861 994 3919 et
1010 3857 1117 3921 nullius
1131 3858 1253 3923 babere
1270 3861 1389 3924 roboris

185 3968 364 4033 firmitatem.
382 3967 421 4030 Et
437 3972 470 4030 ut
486 3965 575 4028 animi
594 3965 687 4027 nostri
705 3972 835 4036 metum,
859 3985 916 4047 quo
941 3966 1063 4029 eosdem
1080 3967 1288 4049 amplectimur
1304 3970 1389 4053 prin-

186 4078 288 4163 cipes,
316 4097 366 4141 res
394 4075 533 4159 loquatur
549 4080 579 4138 ct
596 4074 696 4156 operis
714 4074 838 4136 evidens
855 4075 1028 4138 manifestet
1046 4074 1189 4149 effectus,
1217 4079 1388 4143 sentencias

186 4195 216 4252 et
243 4206 425 4270 processus,
443 4203 518 4268 quos
534 4183 624 4246 iidem
641 4183 736 4246 nostri
753 4183 906 4267 principes
923 4185 1068 4247 adversus
1086 4205 1157 4256 eos,
1175 4188 1225 4268 qui
1241 4189 1389 4269 premissa

184 4296 231 4360 vel
248 4297 349 4380 aliqua
364 4294 579 4379 premissorum
596 4292 784 4365 violaverint,
801 4293 859 4355 rite
876 4293 1065 4376 pertulerint,
1087 4300 1168 4357 ratas
1192 4295 1341 4361 habentes
1358 4305 1389 4362 et

183 4413 298 4489 gratas,
320 4406 465 4489 ipsasque
482 4401 569 4465 nobis
592 4403 656 4465 Deo
678 4400 832 4485 propicio,
850 4421 919 4466 cum
937 4402 1051 4467 adhoc
1075 4404 1220 4469 fuerimus
1237 4406 1388 4489 requisiti,

183 4514 285 4599 penali
313 4513 426 4579 iudicio
444 4510 611 4577 efficaciter
626 4530 846 4594 prosequemur
863 4511 907 4599 δ).

277 4642 471 4712 Ergtnzungen
492 4655 540 4693 aus
553 4638 722 4692 monumenta
735 4636 820 4692 Beice
829 4634 885 4701 29⁶,
910 4636 972 4690 olo.
990 4638 1119 4694 audulfus
1132 4641 1181 4694 Dei
1194 4640 1277 4711 gratia
1291 4641 1388 4697 liema-

186 4751 280 4789 nerum
302 4749 348 4789 rex
370 4747 477 4803 semper
501 4731 631 4800 augustus
654 4727 784 4782 universis
806 4733 956 4811 presentes
980 4729 1080 4785 litteras
1103 4732 1263 4804 inspecturis
1275 4733 1392 4802 graciam
