3209 5392
805 636 867 707 29.

605 811 799 874 &marorum
822 829 876 872 rex
900 809 932 873 ll.
956 811 1082 892 prefato.
1193 825 1196 830 ’

246 969 297 1024 Eia
315 966 463 1023 rdmiecher
482 968 568 1039 Konip
581 968 735 1040 (Rrrdolsl)
760 966 848 1022 morht
865 967 922 1023 rein
941 966 1024 1022 flecht
1042 968 1092 1023 der
1112 967 1262 1039 primariae
1275 986 1374 1039 precra
1392 971 1442 1040 fiir

379 1057 436 1111 eine
448 1056 591 1112 aestimate
601 1060 702 1113 Person
713 1058 832 1128 peltend,
846 1057 891 1111 die
903 1074 934 1112 er
946 1060 987 1111 ola
1001 1056 1151 1112 Canonieua
1163 1056 1307 1129 empfiehlt.

338 1204 420 1258 Gerh.
434 1202 459 1267 l,
471 1201 516 1258 46.
530 1204 641 1268 Stohbe,
652 1204 697 1258 81.

335 1348 430 1429 Regio
461 1348 625 1411 maiestatis
658 1348 872 1429 splendescens
905 1346 1052 1410 serenitas
1084 1347 1128 1409 sic
1161 1347 1284 1411 aliorum
1316 1349 1382 1412 iura
1410 1355 1443 1413 ef

246 1452 479 1515 consuetudines
495 1454 626 1533 protegit
642 1457 673 1515 et
688 1458 805 1523 tuetur,
834 1452 913 1533 quod
930 1452 1091 1534 unicuique
1108 1473 1195 1516 suum
1212 1473 1281 1516 esse
1297 1454 1440 1519 tribuitur

246 1565 277 1623 et
292 1566 437 1624 servatur.
457 1558 573 1640 Quanto
590 1562 686 1641 magis
703 1560 770 1642 ipsa
785 1560 871 1640 regia
887 1558 1115 1639 magnificencia
1130 1560 1253 1642 propria
1272 1561 1337 1624 iura
1354 1568 1441 1625 tene-

244 1672 294 1730 tur
315 1667 492 1738 defendere,
519 1685 576 1750 que
599 1667 723 1729 aliorum
746 1666 850 1729 nititur
872 1668 1073 1730 conservare?
1104 1666 1178 1730 Cum
1201 1668 1293 1749 igitur
1316 1670 1440 1753 antiqua

246 1782 276 1838 et
297 1774 462 1856 approbata
485 1775 543 1836 tale
567 1775 614 1837 ius
636 1775 746 1837 uostris
771 1774 1029 1846 antecessoribus,
1052 1775 1129 1836 divis
1154 1775 1385 1857 imperatoribus
1409 1781 1440 1840 et

243 1882 385 1964 regibus,
414 1882 574 1947 contulerit
603 1882 809 1954 cousuetudo,
838 1882 918 1965 quod
952 1882 1068 1963 singule
1095 1902 1224 1964 persone
1252 1884 1283 1948 in
1311 1885 1437 1967 singulis

243 1989 468 2053 kathedralihus
491 1995 521 2052 et
548 1990 614 2052 aliis
632 1990 798 2071 collegiatis
828 1991 966 2053 ecclesiis
995 1990 1040 2052 ad
1065 1990 1271 2071 primarias
1297 2011 1437 2074 preces

241 2098 372 2180 regias
388 2098 483 2179 recipi
500 2097 630 2161 debeant
645 2098 676 2160 in
692 2098 856 2162 canonicos
873 2098 950 2161 etin
966 2097 1087 2168 fratres,
1103 2097 1286 2178 prebendas,
1311 2118 1379 2164 cum
1403 2120 1438 2164 se

242 2206 369 2269 facultas
386 2205 543 2276 obtulerit,
566 2205 719 2287 adepturi:
744 2225 799 2268 nos
817 2204 980 2268 eorundem
995 2203 1246 2285 predecessorum
1268 2213 1438 2272 nostrorum

242 2312 380 2393 vestigiis
397 2312 583 2380 inherentes,
604 2331 657 2393 pro
674 2312 711 2374 N.
730 2312 887 2393 primarias
905 2307 990 2373 vohis
1008 2311 1163 2391 dirigimus
1180 2331 1288 2393 preces
1305 2320 1436 2387 nostras,

242 2424 386 2503 rogantes
411 2438 478 2481 cum
500 2418 580 2480 omni
602 2418 750 2481 instancia
774 2423 805 2481 et
826 2418 947 2490 affectu,
968 2418 1055 2500 regia
1076 2418 1287 2483 nichilominus
1303 2423 1438 2486 auotori-

241 2533 304 2591 tate
327 2526 520 2597 mandantes,
544 2532 710 2608 quatenus,
733 2527 923 2589 considerata
944 2526 1116 2608 ydoneitate
1138 2546 1285 2608 persone,
1309 2529 1438 2593 eundem

241 2635 337 2698 nostri
353 2654 453 2697 amore
469 2635 501 2696 in
517 2639 650 2697 vestrum
674 2633 834 2714 collegium
858 2634 1051 2696 canonicatus
1067 2635 1211 2697 honorem
1226 2636 1362 2718 recipere
1379 2658 1440 2701 non

239 2743 376 2824 negetis,
399 2741 601 2825 prehendam,
626 2742 652 2804 si
674 2760 732 2824 qua
755 2762 834 2805 nunc
859 2748 964 2814 vacat,
988 2742 1033 2804 vel
1057 2744 1275 2825 quamprimum
1296 2745 1382 2808 adid
1399 2766 1432 2809 se

236 2850 377 2913 obtulerit
393 2851 534 2920 facultas,
559 2849 627 2921 sibi,
651 2855 792 2912 cessante
811 2849 973 2913 occasione
997 2848 1141 2931 qualibet,
1164 2851 1311 2923 collaturi,
1334 2852 1435 2916 taliter

235 2958 393 3028 facientes,
416 2963 449 3021 ut
471 2958 541 3020 dum
557 2958 621 3020 iura
637 2958 724 3039 regia
742 2978 801 3020 uon
818 2957 962 3028 minuitis,
985 2957 1119 3038 regalem
1136 2958 1176 3043 o)
1193 2957 1286 3021 libeat
1301 2958 1434 3024 clemen-

237 3068 324 3138 ciam,
339 3065 509 3129 libertafem
525 3070 624 3129 vestre
641 3066 771 3128 ecclesie
785 3085 844 3127 non
855 3065 1001 3136 minuere,
1019 3065 1073 3127 sed
1086 3085 1210 3147 augere,
1228 3086 1284 3129 nec
1297 3072 1435 3149 oporteat

134 3194 141 3202 ·
237 3194 329 3256 super
343 3174 536 3255 promocione
549 3173 678 3255 predicti
694 3174 730 3235 N.
748 3172 859 3235 iterato
876 3171 962 3234 vohis
980 3171 1111 3251 dirigere
1129 3173 1242 3256 scripta
1259 3181 1370 3239 nostra.

797 3486 860 3555 30.

534 3677 536 3679 ’
582 3660 776 3726 homanorum
800 3679 853 3723 ror
877 3658 908 3722 ll.
934 3663 1084 3741 episcopo.

633 3816 712 3871 1274.
726 3818 788 3871 ,luni
802 3835 826 3871 c.
840 3815 1031 3904 (llagcnowc.)

235 3966 266 4017 K.
280 3962 384 4033 liudolf
400 3961 507 4033 fordcrt
528 3961 606 4015 cinca
618 3960 735 4031 Biachof
752 3959 817 4030 aof',
841 3958 895 4029 auf
912 3961 971 4013 dem
984 3957 1140 4030 Refehotupe
1160 3978 1192 4015 zu
1206 3961 1348 4031 Nornterq
1371 3964 1429 4031 (om

608 4052 649 4106 11.
663 4052 729 4106 Noa.
745 4051 840 4119 1274)
854 4069 887 4103 zu
900 4049 1063 4104 eraclae-rhen.

322 4199 413 4252 soom.
426 4217 453 4269 p.
468 4197 529 4250 aaa.

322 4341 367 4404 Ad
394 4343 526 4404 Romane
557 4340 729 4403 monarchie
763 4338 921 4421 dirigenda
952 4339 1101 4401 molimina
1134 4358 1187 4400 sue
1219 4337 1426 4401 misericordie
1485 4356 1486 4359 ’

233 4450 374 4512 unctione
391 4450 431 4535 t)
454 4470 509 4512 nos
537 4468 655 4529 ungens
683 4447 863 4515 altissimus,
890 4444 972 4509 illum
1000 4465 1105 4509 revera
1133 4444 1280 4507 servande
1308 4442 1427 4506 iusticie

321 4647 355 4714 a)
370 4647 488 4717 regalem
503 4663 543 4699 am
556 4645 648 4699 Raude
662 4645 691 4698 V.
711 4676 740 4686 —
756 4644 788 4712 d)
804 4639 928 4724 upctiono
943 4658 982 4696 am
998 4641 1090 4696 Raude
1103 4642 1133 4695 V.
