3209 5392
253 478 331 549 236

252 668 341 730 quo,
366 649 415 711 die
436 650 563 735 locoque
579 653 619 738 a)
636 654 755 736 prefixis
779 656 817 718 ab
842 656 1026 739 omnibus1)
1054 656 1266 718 convenientos
1289 654 1320 716 in
1341 673 1443 723 uuum,

249 761 320 837 post
336 757 442 819 multos
460 765 491 822 et
505 760 605 824 varios
623 762 660 823 de
676 764 768 826 futuri
783 765 867 844 regis
877 763 1032 827 'electione
1048 769 1213 835 tractatus,
1240 762 1362 825 tandem
1386 759 1443 838 sub

252 863 482 927 deliberacionis
500 869 612 948 prolixe
630 870 770 942 consilio,
800 891 888 953 quam
910 872 1030 951 negocii
1047 871 1176 953 qualitas
1194 868 1352 951 exigebat,
1373 869 1446 930 licet

252 975 392 1051 poterant
417 972 448 1034 in
476 975 632 1037 nonnullos
661 977 734 1038 alios
762 978 851 1057 longe
880 977 1098 1060 olariorumque
1126 978 1269 1040 virtutum
1286 975 1325 1059 l)
1341 975 1444 1057 tytulis

252 1078 429 1158 insignitos,
451 1080 602 1163 longeque
615 1083 740 1166 majoris
758 1085 857 1147 meriti
881 1085 1017 1148 claritate
1042 1085 1224 1166 conspicuos
1242 1082 1447 1154 consensisse,

253 1206 308 1248 uos
325 1191 425 1248 tamen
441 1187 480 1249 ad
495 1192 557 1254 tam
573 1189 756 1253 honorabilis
772 1191 895 1255 honoris
912 1192 1069 1272 fastigium
1086 1192 1164 1254 nullo
1181 1211 1305 1273 prorsus
1323 1188 1448 1261 ambitu,

254 1297 331 1356 teste
345 1293 547 1366 consciencia,
561 1296 740 1377 aspirantes,
753 1298 792 1359 ad
804 1299 922 1379 imperii
934 1299 1070 1379 regimen
1083 1304 1251 1369 erexerunt,
1264 1298 1449 1379 aocepcionc

254 1406 357 1464 nostra
372 1402 581 1466 nichilominus
598 1403 757 1484 inportuna
774 1405 923 1468 instancia
940 1406 1099 1487 postulata.

345 1509 408 1570 Nos
424 1508 544 1591 itaque,
570 1510 642 1573 licet
657 1511 755 1573 animo
772 1512 889 1593 trepido
905 1514 1111 1583 revolventes,
1133 1532 1191 1594 que
1209 1517 1240 1574 et
1255 1512 1351 1594 qualis
1367 1516 1452 1573 esset

254 1615 343 1697 hujus
366 1615 465 1678 divine
487 1617 697 1697 disposicionis
720 1620 861 1691 vocacio,
890 1625 992 1702 utpote
1017 1625 1120 1683 nostre
1142 1619 1314 1701 multiplicis
1330 1617 1450 1682 insuffi-

255 1722 370 1784 ciencie
386 1723 423 1805 o)
451 1744 511 1788 non
538 1725 652 1804 ignari,
683 1726 907 1789 formidavimus
936 1727 1143 1790 conscendere
1181 1732 1264 1789 tante
1296 1727 1450 1808 speculam

256 1828 421 1909 dignitatis,
439 1831 567 1912 quodam
584 1833 721 1895 nimirum
738 1835 857 1898 attoniti
873 1842 1003 1899 tremore
1020 1836 1135 1916 pariter
1151 1840 1182 1897 et
1198 1840 1331 1916 stupore.
1364 1835 1396 1897 In
1414 1852 1450 1895 eo
1526 1896 1528 1901 .

256 1943 367 2009 tamen,
384 1938 435 2021 qui
451 1940 510 2002 alto
528 1945 559 2002 et
570 1940 712 2003 ineffabili
730 1963 783 2004 sue
800 1943 926 2006 consilio
939 1943 1067 2006 Deitatis
1082 1943 1275 2006 condiciones
1293 1947 1324 2005 et
1340 1945 1452 2003 statum

256 2045 460 2118 terrestrium,
487 2052 576 2129 prout
592 2048 670 2119 vult,
700 2055 731 2112 et
751 2050 848 2113 variat
870 2056 900 2113 et
922 2051 1067 2122 alternat,
1096 2051 1206 2133 quique
1234 2049 1326 2112 robur
1353 2047 1454 2109 multi-

255 2153 347 2235 plicat
363 2160 393 2215 et
408 2153 648 2218 balbucientibus
666 2158 872 2240 eloquenciam
894 2158 1014 2228 tribuit,
1037 2157 1239 2229 confidentes,
1262 2163 1294 2219 et
1315 2156 1453 2237 spiritum

256 2261 437 2324 fortitudinis
451 2269 656 2335 assumentes;
670 2264 708 2327 ad
721 2264 847 2345 gloriam
860 2271 891 2328 ct
902 2265 1020 2328 laudem
1032 2266 1114 2347 regis
1127 2284 1244 2345 regum,
1259 2263 1296 2325 ob
1309 2282 1453 2328 reveren-

257 2369 335 2432 ciam
362 2375 466 2432 sancte
494 2371 597 2433 matris
629 2371 758 2434 ecclesie
790 2377 821 2434 et
850 2369 1000 2435 katholico
1031 2371 1101 2435 fidei
1132 2374 1357 2442 fulcimentum,
1390 2377 1453 2434 tam

139 2483 183 2527 Μ·
195 2480 246 2525 4⁰⁰·
256 2478 407 2541 laboriose
424 2473 630 2543 sollicitudinis
653 2479 802 2541 exercicio
826 2484 939 2543 ettam
960 2480 1110 2544 honorosa
1134 2500 1206 2542 cure
1228 2479 1387 2560 regimini,
1414 2499 1453 2540 uo

258 2587 338 2671 quod
369 2587 491 2668 superni
523 2587 640 2648 consilii
666 2587 791 2649 altitudo
828 2587 1019 2659 decreverat,
1052 2587 1210 2651 scissionis
1242 2592 1293 2650 aut
1323 2592 1449 2668 rupture

258 2695 429 2777 dispendio
448 2698 640 2774 contmgeret
669 2693 830 2767 infirmari,
869 2695 1052 2759 subiecimus
1092 2696 1234 2758 humeros
1272 2694 1451 2765 imbecilles,

224 2869 228 2874 ,
257 2807 425 2885 sperantes,
442 2801 522 2883 quod
538 2801 624 2863 nobis
640 2807 702 2863 tam
718 2801 775 2863 Dei
791 2822 880 2885 quam
896 2808 1091 2865 sacrosancto
1107 2805 1211 2866 matris
1236 2803 1365 2865 ecclesie
1391 2820 1449 2863 nec

259 2932 318 2974 non
334 2910 499 2992 apostolice
515 2909 618 2991 gracie
634 2908 787 2990 plenitudo
805 2916 895 2992 atque
912 2911 1030 2991 paterni
1046 2910 1139 2973 vestri
1155 2911 1267 2974 favoris
1285 2907 1452 2972 clemencia

258 3020 367 3084 debeat
382 3040 441 3081 non
456 3020 574 3084 deesse.
591 3018 719 3081 lactatis
735 3018 828 3099 igitur
845 3019 1085 3098 cogitacionibus
1102 3022 1215 3082 nostris
1233 3020 1264 3081 in
1288 3039 1342 3094 eo,
1366 3018 1452 3080 cuius

259 3129 384 3210 imperio
400 3127 526 3192 vivimus
542 3127 583 3210 d)
601 3127 677 3190 etin
693 3126 778 3189 vobis
794 3128 927 3190 anchora
944 3128 1010 3209 spei
1027 3133 1129 3190 nostre
1146 3128 1278 3190 totaliter
1294 3127 1455 3198 collocata,

260 3236 427 3299 sanctitatis
443 3242 546 3299 vestre
561 3234 689 3317 pedibus
704 3237 905 3317 provolvimur
922 3237 1118 3317 supplicando
1134 3240 1294 3316 rogantes·
1306 3240 1453 3317 quatenus

259 3344 346 3407 nobis
373 3343 404 3406 in
431 3350 584 3425 assumpto
617 3348 745 3425 negocio
780 3344 818 3406 de
851 3343 1036 3424 benignitate
1069 3350 1212 3406 consueta
1244 3342 1452 3406 favorabiliter

260 3453 439 3534 aspirantes,
456 3452 785 3535 auxiliatricibusapud
801 3452 978 3515 altissimum
993 3452 1100 3515 hostiis
1119 3453 1261 3514 adiuvare
1284 3451 1448 3532 dignemini

261 3579 382 3623 causam
410 3568 558 3632 nostram,
587 3560 675 3622 immo
704 3561 802 3623 tocius
820 3563 857 3647 e)
885 3560 1049 3642 reipublice
1078 3562 1258 3641 specialem,
1286 3566 1318 3622 ut
1345 3559 1376 3622 in
1399 3579 1454 3622 suo

260 3663 449 3751 beneplacito
466 3670 598 3750 dirigens
615 3689 739 3750 gressus
757 3674 887 3739 nostros,
904 3689 959 3749 per
976 3688 1097 3731 suornm
1114 3668 1254 3748 dignetur
1270 3665 1330 3730 nos¹
1342 3667 1454 3729 ducere

261 3777 398 3840 semitam
424 3778 638 3841 mandatorum.
671 3777 712 3839 Ut
738 3777 831 3858 igitur
858 3775 1006 3838 salubrius
1037 3782 1068 3838 et
1094 3775 1211 3838 felicius
1239 3794 1275 3837 ea
1298 3793 1356 3857 que
1386 3780 1457 3836 sunt

260 3885 370 3967 placita
386 3891 416 3947 et
432 3884 562 3947 ecclesie
578 3883 633 3947 sue
649 3889 754 3946 sancte
771 3889 840 3946 sunt
857 3889 959 3963 grata,
983 3882 1101 3964 jugiter
1122 3881 1266 3963 prosequi
1289 3880 1453 3950 valeamus,

260 3998 380 4078 placeat
395 3999 505 4065 vestre,
523 3998 696 4076 quesumus,
712 3993 875 4063 sanctitati,
898 4012 952 4054 nos
975 3991 1136 4072 imperialis
1153 3988 1268 4070 fastigii
1286 3989 1457 4052 diademate

262 4104 429 4187 graciosius
452 4102 607 4183 insignire.
652 4102 715 4164 Nos
744 4102 824 4163 enim
838 4099 970 4182 potentis
1000 4104 1030 4162 et
1057 4098 1185 4161 volentis
1202 4098 1292 4159 animi
1309 4102 1459 4160 armatura

261 4213 465 4295 precingimur
496 4211 534 4274 ad
549 4211 588 4293 s)
613 4229 790 4293 quecunque
823 4209 910 4272 nobis
942 4228 996 4272 vos
1029 4212 1059 4269 et
1090 4206 1176 4267 alma
1197 4209 1294 4267 mater
1327 4204 1459 4267 eeclesia

264 4317 407 4380 duxeritis
422 4318 603 4399 inponenda.

355 4424 390 4492 a)
405 4426 501 4494 dieque
513 4425 575 4478 loco
588 4425 618 4478 V.
632 4455 668 4465 -
681 4425 712 4495 d)
727 4425 850 4478 virtutum
865 4441 904 4476 am
918 4423 1010 4477 Raude
1023 4422 1053 4475 V.
1073 4449 1099 4460 -
1115 4422 1148 4489 c)
1166 4408 1361 4473 insufficiencia
1374 4416 1404 4471 V.
1422 4446 1456 4457 -

264 4516 300 4582 d)
316 4515 424 4569 vivimus
438 4518 486 4569 auf
495 4517 581 4569 Rasur
593 4515 623 4569 V.
638 4545 671 4555 -
686 4517 718 4584 e)
732 4516 816 4569 cicius
830 4516 859 4569 V.
874 4545 909 4554 -
920 4513 952 4584 f)
966 4513 999 4565 ad
1014 4529 1054 4565 am
1068 4512 1160 4565 Rande
1173 4510 1203 4564 V.

475 4635 592 4645 ...-

264 4749 268 4760 ,
292 4699 315 4757 1)
334 4699 372 4741 29.
392 4697 471 4753 Sptbr.
491 4696 561 4741 1273.
580 4696 712 4740 Franhfurt.
731 4696 843 4742 Boelrmer
861 4696 917 4752 fleg.
935 4694 993 4737 uua.
1011 4694 1026 4737 l.
1044 4706 1064 4737 c.
1085 4693 1161 4749 llopp‚
1182 4691 1202 4744 t,
1221 4689 1243 4734 5.
