3209 5392
758 801 821 869 21.

536 957 730 1019 Romanorum
753 976 808 1020 ren
832 956 863 1019 ll.
887 957 1024 1040 prluelpl.

184 1112 234 1168 uos
251 1110 399 1166 romische
410 1110 500 1183 Koniq
521 1112 656 1184 empfiebtt
676 1116 761 1167 einem
774 1115 896 1177 lttroten,
919 1114 963 1168 ein
981 1113 1100 1185 odeln'ges
1115 1117 1248 1178 moscin,
1271 1120 1322 1172 dus
1344 1136 1376 1172 er

123 1217 125 1221 ·
165 1200 167 1203 ’
185 1200 429 1272 obmordeanqlo‘cb
441 1200 536 1263 roomo,
556 1201 695 1272 moqlietst
706 1202 769 1257 bald
780 1221 814 1256 zu
829 1201 977 1265 tetradeo,
998 1203 1034 1258 da
1046 1203 1240 1264 botenstein
1253 1207 1376 1261 Anderer

584 1362 586 1368 Ι
622 1292 819 1346 zuoorlcommen
831 1291 942 1346 mocbte.

188 1487 191 1491 Α
273 1433 355 1495 Inter
377 1438 479 1497 cetera
506 1453 633 1518 quorum
659 1453 732 1498 cura
759 1454 814 1495 nos
843 1434 942 1513 angit,
969 1434 1019 1498 illa
1044 1436 1189 1517 precipue
1215 1437 1375 1501 meditatio

186 1543 314 1618 occupat
328 1544 458 1601 mentem
474 1549 622 1612 nostram,
646 1546 679 1604 ut
703 1539 801 1602 domui
824 1545 893 1611 tue,
920 1560 1008 1623 quarn
1024 1541 1086 1604 suis
1102 1544 1235 1625 respexit
1248 1543 1375 1625 larmtas

185 1644 284 1707 divina
300 1646 484 1717 muneribus,
500 1647 697 1728 perhumane
715 1645 946 1709 deliberacionis
970 1647 1125 1710 consilium
1147 1650 1193 1711 sic
1214 1650 1377 1716 salubriter

183 1751 369 1832 disponatur,
387 1754 466 1836 quod
482 1754 514 1816 in
529 1759 692 1835 posterum,
705 1772 760 1834 per
771 1752 1053 1834 multiplicacionem
1071 1754 1183 1817 sobolis
1199 1761 1376 1838 propagata,

182 1859 340 1940 impleatur
368 1859 561 1923 iocunditatis
589 1860 716 1941 gaudio,
748 1879 805 1942 quo
837 1860 1049 1941 progenitores
1084 1861 1215 1924 exultant
1245 1862 1276 1924 in
1306 1861 1376 1924 liliis

181 1965 318 2037 filiorum,
336 1971 367 2030 et
382 1967 462 2030 siout
477 1968 546 2030 vitis
570 1967 701 2030 fecunda
716 1987 826 2030 vernos
843 1967 991 2048 producat
1007 1967 1155 2040 surculos,
1178 1968 1228 2050 qui
1244 1969 1375 2052 undique

179 2072 211 2134 in
227 2073 340 2135 electas
357 2094 433 2137 noue
451 2075 627 2156 propaginis
643 2074 782 2156 palmites
799 2074 983 2137 adolescant.

275 2181 355 2243 Sane
372 2182 511 2262 quoniam
528 2202 564 2243 ex
586 2181 732 2263 plantario
755 2181 904 2263 primitive
930 2180 1054 2261 originis
1077 2181 1190 2262 patrias
1214 2182 1374 2264 qualitates

181 2286 330 2350 contrabit
346 2288 426 2369 quod
441 2287 611 2350 succrescit
630 2293 661 2350 et
679 2287 889 2368 generacionis
903 2287 1095 2350 seminarium
1107 2289 1146 2351 ad
1159 2289 1222 2350 eius
1236 2289 1376 2370 procedit

183 2393 418 2465 similitudmem,
427 2393 722 2479 exquonoseitura)
730 2394 880 2476 prodiisse
887 2414 897 2465 ;
914 2394 952 2456 ad
965 2393 1189 2459 edificacionem
1197 2396 1302 2462 domus
1313 2403 1376 2468 tue,

180 2500 217 2566 ad
234 2500 357 2581 stirpem
373 2500 514 2563 videlicet
529 2501 571 2564 tui
588 2501 732 2582 germinis
748 2501 795 2562 vel
812 2500 933 2581 generis
950 2501 1113 2564 nativitatis
1129 2502 1234 2565 floride
1247 2503 1373 2584 virgulis

180 2607 416 2682 fecundandam,
444 2608 525 2670 clara
546 2612 616 2670 sunt
639 2607 789 2670 connubia
804 2608 1002 2689 requirenda,
1031 2609 1192 2691 exquibus
1210 2610 1374 2673 derivanda

181 2713 335 2776 successio
352 2714 474 2795 fulgidis
490 2713 617 2795 prodeat
633 2720 737 2777 nature
754 2714 856 2796 tytulis
872 2714 1025 2794 insignite.
1057 2716 1151 2778 Huius
1173 2716 1265 2798 igitur
1282 2737 1374 2780 eausa

182 2822 227 2896 rei
244 2822 361 2902 singula
377 2841 432 2903 per
456 2820 614 2885 circuitum
634 2822 796 2885 lustramus
819 2822 920 2884 muudi
943 2823 1087 2903 clymata,
1115 2823 1374 2906 circumspicimus
1456 2846 1457 2849 ¹

179 2930 333 3011 regiones,
349 2929 453 2992 domos
470 2929 628 2992 illustrium
646 2935 676 2992 et
692 2948 858 3009 generosas
880 2929 1038 3011 prosapias
1061 2930 1264 2993 scrutabiliter
1287 2933 1375 2995 inda-

186 3056 304 3118 gamus,
328 3036 354 3098 si
371 3035 505 3098 cominus
528 3036 575 3098 vel
599 3055 654 3117 per
670 3037 779 3098 famam
796 3035 882 3098 uobis
899 3041 1040 3099 occurrat
1071 3054 1198 3117 quonam
1220 3037 1260 3099 sit
1283 3038 1375 3118 digna

179 3143 235 3206 tibi
250 3143 506 3207 matrimonialiter
522 3142 677 3224 coniugari
694 3142 793 3225 sitque
810 3142 841 3204 in
857 3141 1012 3223 perhenne
1028 3142 1107 3205 tbori
1124 3143 1270 3207 solacium
1293 3149 1325 3208 et
1341 3145 1373 3207 in

181 3252 398 3332 procuracione
415 3270 491 3313 noue
508 3249 620 3313 sobolis
637 3269 696 3312 una
712 3269 795 3320 caro,
813 3249 890 3313 etin
906 3248 1129 3340 gubernatione
1145 3236 1374 3315 rei'domestIce

182 3358 357 3422 coadiutrix.
391 3359 453 3423 Sed
470 3376 650 3441 quocunque
665 3377 720 3419 nos
737 3355 923 3427 divertimus,
940 3356 1114 3419 adonicum
1130 3357 1250 3440 semper
1272 3359 1375 3423 consi-

180 3465 251 3527 lium
282 3464 464 3532 deliberacio
496 3463 621 3545 provida
653 3483 708 3525 nos
735 3463 869 3534 reducit,
903 3467 934 3525 ut
961 3462 1068 3525 nobilis
1102 3465 1212 3529 semina
1240 3466 1277 3531 N.
1306 3465 1374 3534 talis

181 3572 349 3653 applicetur
363 3579 414 3636 tuo
430 3572 516 3635 lateri
533 3590 588 3653 per
602 3570 783 3633 matrimonii
800 3575 1109 3654 sacramentum‚,per
1122 3572 1251 3635 boneste
1268 3574 1374 3654 copule

180 3679 376 3742 ministerium
393 3684 424 3742 et
445 3678 601 3759 spirituum
623 3676 764 3740 unionem
786 3676 818 3739 in
839 3676 897 3739 tide
922 3677 1059 3758 puritatis
1077 3683 1107 3740 et
1124 3697 1177 3759 spe
1194 3678 1375 3760 nuptialium

179 3787 370 3866 premiorum.
402 3788 434 3849 ln
462 3787 520 3849 alia
547 3785 711 3869 siquidem,
740 3784 765 3846 si
794 3803 853 3866 qua
882 3784 1020 3865 eligenda
1042 3785 1178 3855 videtur,
1206 3786 1232 3847 si
1253 3789 1374 3867 species

180 3895 281 3957 rutilat
307 3894 436 3957 forsitan
463 3893 586 3973 generis
609 3893 703 3955 decus
730 3892 834 3963 deest,
863 3891 889 3954 si
911 3892 1025 3955 natales
1048 3893 1180 3973 polleant
1202 3892 1298 3955 forma
1314 3914 1375 3957 non

178 4003 325 4085 splendet,
342 4008 393 4064 aut
407 4022 507 4065 mores
523 4023 583 4065 non
601 4002 725 4073 clarent,
742 4006 792 4064 aut
809 4001 928 4063 fortuna
943 3999 1092 4081 pingwior
1108 4019 1167 4062 non
1183 4000 1305 4064 arridet.
1339 4002 1374 4064 ln

180 4109 237 4174 bac
254 4126 325 4170 vero
342 4108 424 4170 Deus
442 4108 595 4171 concessit
619 4112 728 4170 cuncta
752 4125 875 4168 munera
899 4106 1085 4187 graciarum,
1114 4106 1222 4187 quibus
1246 4106 1374 4172 honeste

178 4215 238 4277 uite
256 4216 439 4296 composicio
455 4215 627 4283 redimitur,
649 4216 757 4295 flagrat
774 4213 889 4295 opinio,
912 4219 1016 4276 natura
1040 4214 1167 4285 ditatur,
1192 4219 1225 4276 nt
1240 4214 1304 4276 eius
1320 4234 1375 4296 per

179 4343 245 4385 eam
261 4323 384 4403 sanguis
401 4323 499 4384 valeat
515 4322 665 4393 adornari,
682 4322 708 4383 si
725 4322 763 4384 ad
779 4321 856 4383 illius
874 4320 988 4402 lastigii
1003 4321 1193 4384 consorcium
1205 4321 1371 4385 tolleretur.

146 4507 151 4511 ἱ
177 4429 268 4490 Plane
277 4415 422 4490 'certatim
435 4427 616 4491 conveniunt
628 4428 658 4490 in
671 4446 706 4489 ea
719 4426 865 4489 claritudo
879 4427 1031 4507 prosapie,
1045 4425 1152 4489 diffusa
1164 4447 1219 4509 per
1231 4429 1374 4492 nobilium

179 4536 397 4616 generaciones
422 4555 510 4617 quam
533 4535 692 4617 plurimas,
721 4534 830 4617 quibus
855 4534 912 4596 bec
937 4535 985 4596 cui
1010 4523 1146 4616 nupserit
1168 4542 1375 4617 apponentur:

270 4695 303 4763 a)
319 4695 437 4748 nascitur
450 4695 479 4748 V.
