3209 5392
1285 522 1330 593 8l

142 692 281 756 nacionis
300 695 329 756 et
345 691 482 764 kalende,
498 695 641 775 precipue
657 694 688 756 in
704 693 917 775 temporalibus
939 700 969 755 et
990 694 1196 775 personalibus
1218 696 1339 777 privile·

143 801 214 881 giis,
232 803 302 884 quia
319 801 349 864 in
366 803 430 865 aliis
445 804 513 884 plus
530 808 648 884 oportet
663 804 744 885 poni,
760 804 793 866 ul
807 803 975 885 predictum
991 811 1046 867 ast.

235 911 292 973 llst
319 918 418 974 autem
444 929 576 992 arenga,
591 911 632 996 a)
648 916 680 974 ut
707 898 874 993 predictum
903 918 949 976 est
975 914 1005 977 io
1026 911 1242 983 anterioribus,
1269 919 1339 994 apta

140 1024 175 1082 et
188 1038 318 1082 scarsors
334 1018 494 1082 verborum
508 1019 625 1100 posicic
642 1019 822 1110 auctoritate
838 1021 955 1103 alique,
982 1020 1009 1083 si
1027 1021 1166 1085 dictatori
1182 1021 1339 1102 placuerit,

139 1127 267 1192 inserta
286 1128 350 1209 Qus
367 1128 408 1191 ita
422 1128 555 1210 promitti
572 1128 662 1193 debet
678 1135 708 1192 el
720 1129 859 1193 obtinere
874 1130 973 1193 locum
989 1149 1086 1202 suum,
1101 1136 1135 1194 ut
1154 1150 1172 1192 a
1195 1134 1339 1213 Qucum

140 1237 270 1299 mimia
285 1257 346 1300 uon
363 1237 515 1320 discrepet
527 1253 587 1300 nac
604 1238 639 1319 l)
654 1238 828 1310 discordet,
855 1239 945 1303 immo
967 1257 1022 1321 per
1044 1238 1142 1302 omnia
1164 1237 1222 1302 sibi
1237 1254 1340 1320 parem

140 1345 376 1410 ramesensem
398 1347 473 1409 eius.
490 1348 609 1427 Arenga
625 1346 665 1434 a)
678 1366 751 1428 ergo
768 1348 922 1411 curialiter
935 1349 1081 1430 premissa
1098 1352 1227 1429 ponetur
1247 1365 1340 1410 caum

139 1452 287 1517 beneficii
301 1452 349 1517 ra]
365 1441 513 1537 privilegii
528 1455 610 1536 qood
625 1455 770 1526 dcnmurz
797 1455 882 1519 verbi
903 1456 1022 1537 gracia:
1047 1456 1081 1519 Si
1097 1455 1194 1537 aliqua
1209 1455 1341 1517 ecelesia

140 1562 314 1644 apostalice
333 1563 401 1625 sedi
415 1563 484 1645 plus
500 1582 570 1625 esse
592 1563 749 1626 consuerit
770 1563 879 1626 devota
898 1568 930 1627 et
950 1563 1088 1628 dominus
1114 1581 1192 1646 papa
1218 1569 1342 1646 propter
1443 1589 1446 1622 :

150 1669 210 1735 boc
239 1670 337 1733 eidem
353 1671 415 1732 vult
434 1671 575 1734 conferre
595 1670 727 1753 aliquam
753 1672 991 1753 prerogativam,
1019 1672 1147 1753 erpcdit,
1169 1677 1202 1735 ot
1223 1672 1254 1734 in
1275 1672 1340 1752 ipsa

145 1778 305 1862 privilegio
314 1778 486 1842 devocionis
496 1778 560 1842 eius
569 1780 855 1843 faciatmencionem
864 1779 912 1867 c).
929 1780 1073 1845 Similiter
1085 1780 1111 1841 si
1124 1779 1342 1861 imperatoraat

145 1909 199 1951 rex
214 1888 415 1950 Romanorum
441 1888 489 1949 rel
504 1888 581 1953 alter
596 1888 736 1969 princeps
759 1883 798 1951 cb
821 1888 980 1953 servicium
1002 1889 1060 1954 sibi
1082 1891 1194 1952 lactum
1222 1888 1342 1972 aliquod

147 1997 205 2060 dat.
230 1995 436 2078 privilegium,
467 1994 499 2057 in
530 1995 596 2077 ipsc
624 1995 781 2077 privilagio
813 1996 948 2059 ciusdem
979 1996 1099 2059 servicii
1130 2015 1244 2059 memor
1274 1997 1340 2059 erit.

148 2105 258 2170 Postea
286 2102 425 2168 beneficii
448 2122 503 2166 sen
527 2103 630 2184 gracie
658 2104 817 2168 concessio
845 2104 936 2188 debet
961 2105 1049 2188 poni,
1072 2124 1187 2167 annexa
1208 2104 1342 2167 eiorsdem

144 2212 327 2277 donacionis
350 2212 396 2274 vel
421 2210 595 2275 collacionis
618 2212 852 2296 proteslacicne
875 2212 908 2276 in
936 2233 996 2297 qua
1023 2233 1097 2277 sane
1121 2212 1342 2295 protestacione

147 2321 241 2402 sigilli
264 2319 376 2384 mentio
392 2318 461 2391 det;
480 2324 511 2384 et
524 2319 583 2382 bec
600 2319 631 2381 in
645 2321 799 2403 perpetuis
817 2320 989 2403 privilegiis.

241 2431 273 2493 ln
295 2428 450 2512 papalibus
473 2447 546 2510 ergo
568 2427 733 2510 privilegiis
751 2429 1009 2512 qualibuscunque
1031 2429 1110 2493 bulle
1126 2431 1243 2493 mencio
1268 2450 1343 2494 aun·

148 2557 239 2621 quam
259 2536 328 2609 liet,
356 2537 427 2619 quia
448 2535 587 2599 standum
607 2542 656 2600 est
677 2537 894 2619 prescripcioni
911 2536 1106 2601 cardinalium
1122 2538 1163 2625 d)
1180 2546 1210 2601 et
1232 2537 1344 2602 sufficit
1392 2513 1396 2526 ⁴

148 2648 230 2730 quod
257 2646 336 2709 bulla
363 2645 454 2708 fidem
475 2644 568 2707 faciat
590 2645 738 2708 oculatam
752 2645 800 2733 e).
819 2682 863 2694 -·-
885 2646 919 2710 si
947 2646 1134 2729 privilegium
1155 2647 1344 2729 imperatoris

111 2817 113 2822 ,
148 2754 340 2839 sigillandum
363 2758 410 2816 est
430 2751 511 2815 balla
526 2772 632 2824 aurea,
654 2753 701 2816 sic
716 2751 851 2817 dicetur:
878 2753 1088 2837 „Quapropter
1108 2775 1233 2838 presens
1249 2755 1342 2837 privi-

144 2862 313 2947 legiamf)
328 2857 409 2925 bulla
420 2881 524 2933 aurea,
540 2861 656 2950 typario
673 2868 775 2925 nosue
785 2862 952 2926 maiestatis
964 2862 1101 2945 inpressa
1117 2863 1257 2927 iussimus
1270 2884 1343 2927 cca-

145 2972 287 3037 muniri“.
311 2971 346 3035 Si
362 2990 422 3034 non
438 2975 484 3033 est
499 2968 579 3032 bulla
594 2989 696 3041 aurea,
724 2971 835 3033 dicitur
848 2970 1041 3053 simpliciter:
1060 2991 1205 3053 „presens
1219 2972 1343 3054 privile-

146 3084 231 3165 gium
248 3079 346 3161 sigillo
363 3083 464 3142 nosue
480 3077 646 3142 maiestatis
662 3077 789 3142 lecimus
806 3079 1005 3143 conmuniri“.

239 3190 314 3253 ltem
327 3192 365 3269 c)
383 3186 543 3250 videndum
560 3192 607 3250 est
623 3186 660 3249 de
676 3187 763 3270 penis
779 3192 1048 3268 transgressorum,
1063 3208 1124 3271 que
1139 3189 1211 3253 licet
1233 3209 1291 3254 non
1314 3192 1345 3255 in

149 3298 291 3364 comibus
306 3286 482 3380 privilegiis,
499 3301 599 3358 tamen
614 3294 646 3359 in
661 3296 762 3359 multis
777 3295 877 3359 locum
892 3295 1013 3360 babent.

240 3408 275 3471 ln
294 3401 460 3489 privilegiis
482 3404 577 3487 igitur
596 3403 771 3487 papalibus,
799 3404 869 3487 quia
893 3404 1058 3487 spiritualia
1080 3411 1165 3479 sunt,
1182 3406 1344 3489 spiritualis

148 3537 228 3601 peoa
246 3515 337 3579 debet
363 3512 452 3597 poni,
480 3517 510 3576 el
532 3512 602 3574 inde
618 3531 673 3594 per
689 3512 788 3576 omnia
808 3532 874 3576 mos
891 3512 1014 3578 invaluit
1029 3513 1079 3576 bic
1093 3514 1126 3576 in
1142 3514 1271 3579 eisdem:
1296 3517 1345 3589 „si

148 3628 217 3711 quis
238 3624 334 3706 igitur
348 3644 424 3688 aoso
439 3622 598 3686 tenereris
622 3627 726 3685 eontra
747 3622 825 3685 bane
847 3623 1055 3687 concessionis
1076 3628 1179 3686 nostre
1205 3625 1345 3707 pagimm

148 3736 252 3799 venire
275 3730 510 3816 presumpserit,
538 3730 780 3812 indignacionem
810 3729 1021 3812 omnipotentis
1045 3730 1102 3793 Dei
1131 3736 1161 3794 et
1188 3732 1345 3800 beatorum

150 3843 232 3907 Petri
249 3848 279 3906 et
293 3841 377 3904 Pauli
392 3839 597 3924 apostolorum
620 3837 685 3902 eius
707 3844 797 3921 atque
817 3844 952 3902 noemam
966 3859 1000 3900 se
1015 3839 1134 3902 noverit
1148 3839 1344 3903 incurrisse“.

150 3953 182 4016 lu
197 3949 364 4035 privilegiis
380 3953 481 4018 autem
495 3947 707 4029 imperatorum
723 3966 760 4010 ac
783 3966 888 4029 regum
909 3947 1125 4020 Romanorum,
1147 3948 1217 4032 quia
1239 3949 1347 4014 dantur

153 4081 245 4144 super
265 4057 479 4141 temporalibus
502 4062 532 4120 et
548 4055 677 4120 terrenis
702 4055 993 4137 transgressoribus,
1021 4055 1243 4141 subsequenter
1268 4078 1345 4140 pena

152 4168 326 4253 temporalis
343 4173 374 4231 et
392 4164 556 4230 materialis
572 4164 663 4230 debet
677 4163 749 4247 poni
764 4162 824 4227 hoc
840 4164 957 4228 modoz.
972 4165 1043 4248 ,qui
1059 4171 1163 4232 ccntm
1179 4168 1345 4251 prescripto

154 4279 256 4362 gracie
278 4271 316 4340 ab
333 4274 538 4340 concessionis
565 4279 668 4338 nostre
696 4272 829 4356 graciam
856 4273 960 4336 venire.
978 4276 1204 4356 presumpserit,
1226 4285 1346 4341 centurn
1420 4361 1423 4364 ,

155 4388 244 4451 libras
262 4386 327 4450 auri
339 4406 372 4447 se
389 4384 623 4466 compositarum
640 4378 726 4453 scial,
743 4380 936 4444 medietatem
952 4380 1092 4445 videlieet
1107 4402 1228 4446 camere
1242 4391 1346 4450 nostre
1421 4457 1424 4468 ¹

244 4550 278 4618 a)
289 4548 391 4617 aragne
399 4546 437 4608 V;
451 4545 521 4599 fsblt
533 4544 559 4596 iu
569 4544 588 4597 Z
598 4542 655 4598 uod
666 4558 698 4597 es
709 4544 745 4597 ist
755 4544 817 4597 ciac
828 4542 917 4596 ledele
928 4542 1155 4611 dablrgelassen.
1167 4573 1196 4585 -
1213 4547 1245 4615 l)
1260 4555 1305 4601 aut
1318 4549 1346 4601 Z.

162 4639 190 4705 c)
207 4640 366 4694 monem
376 4637 410 4691 v.
432 4663 465 4678 -·
480 4635 521 4702 d)
537 4633 647 4688 tardam
659 4635 706 4687 lllr
724 4634 795 4688 eard.
816 4633 845 4687 ll.
872 4660 900 4672 ·—
925 4635 957 4701 e)
971 4633 1102 4688 occultata
1115 4636 1145 4689 V.
1166 4665 1199 4676 -
1217 4636 1248 4706 s)
1263 4640 1346 4707 priri-

165 4731 219 4798 legii
232 4729 260 4785 v.
274 4757 306 4771 -
318 4731 355 4801 y)
370 4745 436 4781 nuuc
448 4727 477 4779 Z.
525 4759 532 4770 =

223 4833 314 4876 l'oules.
328 4832 394 4890 thlr.
408 4830 432 4873 ll.
449 4829 487 4871 Bd.
502 4827 568 4871 XXV.
1115 4817 1132 4867 6
