3209 5392
244 406 320 477 200

238 575 385 642 iudicium
401 596 460 640 non
481 596 636 649 veremur,
665 579 690 640 si
713 597 880 660 congruum
896 579 936 641 sit
953 579 996 641 eis
1013 578 1262 642 convenientibus
1279 578 1434 642 Christum

240 683 271 746 in
298 684 421 747 menbra
451 684 581 746 ecclesie
603 685 711 748 iterum
735 685 890 767 crucifigi,
919 705 1045 769 quorum
1066 687 1191 751 funiculi
1209 686 1386 750 oeciderunt
1402 686 1435 747 in

238 790 386 871 preclaris
402 791 589 872 patrimoniis
606 792 680 855 Jesu
699 792 820 856 Christi.
854 793 962 856 Videat
979 792 1114 874 quilibet,
1132 793 1159 854 si
1174 794 1260 856 loeus
1286 793 1326 853 sit
1343 811 1436 854 exeu-

239 917 307 961 sarc
331 896 501 960 volentibus
520 899 735 978 excusaciones
752 899 891 980 proprias
908 900 938 961 in
960 900 1112 981 peccatis,
1141 918 1217 981 quos
1241 899 1271 961 in
1287 918 1435 980 persecu-

239 1004 355 1065 cionem
382 1003 560 1066 universalis
590 1004 721 1067 ecclesie
749 1007 895 1067 sentimus
924 1007 1027 1067 fovere
1049 1011 1225 1086 tyrannum,
1252 1005 1303 1086 qui
1327 1026 1436 1067 nomen

238 1111 360 1182 Christi,
389 1117 532 1194 quantum
559 1112 590 1174 in
620 1131 656 1173 eo
685 1118 750 1184 est,
779 1113 810 1175 in
833 1113 1011 1176 Christianis
1036 1114 1148 1176 oceidit
1170 1118 1201 1174 ct
1223 1132 1293 1175 cum
1321 1132 1433 1193 sponso

239 1238 380 1300 sponsam
392 1219 512 1281 molitur
525 1220 711 1300 extinguere,
726 1225 868 1300 satagens
882 1219 994 1282 cultum
1007 1220 1139 1282 divinum
1150 1220 1270 1300 penitus
1279 1207 1438 1300 extirpare,

239 1329 271 1385 ut
286 1324 352 1405 ipse
369 1326 450 1387 solus
467 1325 498 1387 in
515 1325 588 1387 orhe
605 1331 755 1388 terrarum
771 1331 913 1408 tanquam
930 1326 1050 1406 ydolum
1074 1325 1276 1388 desolacionis
1290 1325 1439 1395 ,abhomi-

238 1431 345 1494 nabilis
362 1432 505 1493 adoretur
527 1431 565 1517 1).
600 1431 826 1512 Quantumlibet
841 1452 913 1494 vero
930 1431 1064 1513 ipsorum
1086 1432 1117 1494 in
1138 1432 1196 1493 hac
1213 1437 1300 1512 parte
1316 1430 1436 1494 innote-

239 1544 360 1603 scerent
387 1539 543 1604 evidenter
571 1544 602 1601 et
628 1540 748 1621 publice
776 1540 964 1620 fulgarentur
987 1560 1148 1612 excessus,
1177 1560 1232 1602 nos
1257 1545 1374 1610 tamen,
1395 1538 1432 1600 dc

238 1647 466 1712 mansuetudine
495 1645 576 1707 sedis
604 1647 769 1728 apostolice
808 1652 968 1719 consueta,
997 1667 1055 1729 que
1076 1647 1226 1710 libencius
1248 1648 1279 1709 in
1307 1645 1434 1708 subditis

240 1753 380 1816 emendat
395 1757 532 1834 peccata,
551 1772 639 1835 quam
654 1754 749 1835 punit,
766 1774 823 1815 nec
846 1755 959 1816 ferrum
979 1754 1158 1836 precisionis
1186 1753 1317 1816 libenter
1338 1753 1433 1834 adigit

237 1860 270 1925 in
291 1859 429 1931 morbos,
446 1861 496 1942 qui
518 1865 644 1941 possunt
665 1881 700 1921 er
715 1861 773 1921 levi
796 1862 928 1923 fomento
950 1861 1088 1942 recipere
1111 1861 1287 1931 sanitatem,
1312 1860 1434 1922 eosdem

237 1969 366 2032 clericos
412 1967 450 2029 ad
481 1969 670 2048 presenciam
702 1973 835 2029 nostram
865 1988 922 2049 per
951 1968 1071 2049 publice
1110 1968 1269 2030 citaoionis
1308 1969 1438 2030 edictum

239 2081 365 2157 paterna
395 2080 425 2137 et
452 2075 642 2138 misericordi
666 2076 830 2140 severitate
854 2076 1062 2146 evocavimus,
1093 2081 1126 2137 ut
1147 2095 1165 2136 a
1188 2062 1285 2156 culpis
1304 2076 1439 2138 modesta

241 2183 430 2245 correctione
459 2187 581 2244 sanatos
609 2203 669 2245 non
690 2182 825 2246 traheret
847 2182 885 2244 ad
911 2181 1138 2263 desperacionis
1161 2183 1301 2264 laqueum
1318 2182 1437 2263 peccati

242 2288 461 2372 quodammodo
475 2290 661 2369 magnitudo,
680 2289 735 2351 sed
750 2290 800 2371 pie
816 2294 959 2372 porrecta
975 2308 1080 2352 manus
1097 2289 1264 2370 apostolice
1282 2289 1439 2370 discipline

241 2397 405 2465 reduceret
436 2396 474 2457 ad
506 2395 642 2457 salutem.
680 2398 773 2459 Porro
806 2397 865 2478 ipsi
896 2397 1053 2459 vocacioni
1084 2377 1437 2460 nostrecontumaciter

244 2503 428 2565 obdurantes
445 2501 588 2572 auditum,
606 2507 636 2563 et
651 2507 737 2581 terga
750 2502 960 2566 inobediencie
973 2503 1004 2564 in
1017 2507 1190 2585 contemptu
1207 2503 1339 2584 superbo
1353 2501 1439 2565 nohis

244 2614 408 2680 vertentes,
425 2628 531 2671 aversa
547 2594 666 2690 penitus
683 2610 721 2671 ab
737 2610 906 2673 Jerusalem
918 2610 997 2672 faeie
1010 2611 1041 2672 in
1052 2610 1176 2673 Jericho
1196 2610 1225 2696 2)
1244 2615 1275 2672 et
1292 2628 1439 2672 conversa

244 2717 404 2798 perviam,
428 2734 487 2796 qua
503 2715 645 2778 inciditur
661 2716 692 2779 in
707 2718 851 2788 latrones,
874 2736 931 2778 nec
947 2717 1051 2779 venire
1068 2737 1125 2778 neo
1142 2717 1287 2780 cohibere
1305 2738 1340 2779 se
1357 2718 1439 2798 ipsos

244 2842 302 2888 nec
329 2841 474 2884 revocare
503 2842 575 2885 suos
603 2842 621 2884 a
646 2823 787 2905 nequicia
816 2828 1005 2886 curaverunt.
1050 2824 1082 2885 ln
1110 2823 1219 2904 quihus
1245 2824 1439 2904 probavimus

244 2931 322 2998 illius
358 2929 514 2992 sentencie
541 2930 715 3001 veritatem,
751 2930 802 3011 qui
830 2931 924 2994 nutrit
946 2928 1037 2991 tilium
1060 2949 1147 2991 suum
1170 2930 1317 3002 delicate,
1345 2932 1441 3012 ipsum

246 3038 359 3104 sentiet
372 3042 578 3100 contumacem
603 3038 644 3121 ³),
662 3037 731 3117 quia
761 3037 945 3108 clemencia,
974 3057 1033 3120 que
1061 3035 1144 3118 ipsos
1174 3037 1212 3099 ad
1238 3037 1440 3118 penitenciam

246 3144 406 3209 adduxisse
437 3144 600 3214 debuerat,
640 3143 727 3205 abusi
755 3148 825 3206 sunt
852 3149 967 3212 temere
995 3145 1027 3206 in
1056 3144 1197 3206 derisum.
1245 3144 1309 3206 Nos
1338 3143 1439 3224 igitur,

247 3253 438 3316 attendentes
468 3251 563 3315 nostri
592 3253 777 3333 apostolatus
807 3252 955 3324 officium,
984 3252 1023 3315 ad
1041 3251 1192 3316 ulcionem
1216 3252 1312 3314 omnis
1335 3251 1439 3315 inobe-

249 3358 366 3422 diencie
391 3357 531 3421 divinitus
555 3364 763 3442 preparatum,
789 3360 870 3421 utin
888 3358 1169 3421 laudemhonorum
1202 3378 1281 3440 pena
1304 3356 1440 3439 proficiat

248 3465 456 3548 reproborum,
469 3464 622 3544 predictos
630 3466 757 3528 clericos
765 3465 941 3546 deponimus
950 3472 981 3528 et
986 3470 1136 3547 privamus
1146 3466 1224 3527 omni
1232 3465 1439 3527 ecclesiastico

249 3574 313 3637 sive
325 3572 480 3654 temporali
488 3572 646 3643 beneficio,
654 3573 906 3644 decernentes,ut
918 3593 1012 3655 usque
1020 3574 1057 3635 ad
1067 3578 1202 3655 quartam
1210 3572 1441 3654 generacionem

249 3681 344 3746 nullus
358 3681 395 3742 de
408 3679 540 3760 ipsorum
554 3679 699 3758 progenie
707 3684 876 3742 assumatur
888 3678 919 3739 in
932 3678 1074 3740 clericum
1087 3697 1143 3741 nec
1155 3679 1186 3740 in
1200 3665 1338 3741 domibus
1351 3698 1441 3759 regu·

248 3787 361 3851 laribus
384 3785 509 3852 alicuius
531 3785 712 3866 prelacionis
734 3792 914 3867 assequatur
936 3786 1097 3856 honorem,
1128 3784 1185 3847 nisi
1208 3804 1276 3846 eum
1299 3784 1441 3847 coluerit

251 3895 465 3975 dispensatum.
498 3893 638 3954 Ceterum
667 3892 812 3955 malorum
836 3892 992 3972 dispendia
1017 3891 1127 3953 cedant
1148 3890 1236 3954 bonis
1259 3897 1300 3961 et,
1324 3891 1440 3972 eisqui

251 3999 463 4068 cruciabantur
489 3999 635 4062 hactenus
662 4020 716 4086 pre
744 4000 864 4062 iusticia
891 3998 1071 4071 consolatis,
1107 3998 1148 4061 illi
1179 3998 1229 4081 qui
1258 4018 1390 4062 swavem
1411 3998 1441 4059 in

121 1530 165 1569 Fol.
172 1528 199 1568 86
209 1538 227 1567 c.

251 4206 574 4223 umm---q

281 4341 305 4396 1)
323 4337 436 4383 Dasaolbe
456 4340 486 4382 ist
509 4338 551 4382 mit
572 4338 700 4383 densclhen
720 4340 817 4382 Wortcn
836 4351 880 4381 von
898 4340 1013 4383 innoconz
1031 4339 1066 4382 lV.
1088 4338 1145 4384 ibor
1168 4335 1291 4383 Friedrich
1312 4338 1340 4381 ll.
1360 4335 1439 4393 gesogt

316 4419 376 4463 oben
394 4431 434 4462 no.
452 4416 483 4465 34
501 4418 547 4462 und
567 4419 596 4462 im
613 4419 749 4475 Folgendcn
766 4420 808 4466 tol.
828 4418 868 4470 68,
888 4430 926 4463 no.
946 4418 990 4462 16.-

280 4499 304 4557 ι)
322 4502 396 4543 hucac
415 4498 453 4548 lo,
472 4497 511 4541 30.

287 4576 312 4638 ³)
331 4581 400 4634 Pror.
417 4578 457 4628 29,
475 4576 513 4621 21.
