3209 5392
1334 486 1382 558 15

277 664 439 742 vamcdo
452 660 625 753 principes
646 662 813 731 crealoris
833 662 1061 749 ecclesiasticis
1074 662 1126 747 v)
1144 660 1248 729 ‘extro
1262 658 1394 750 papale?

180 770 343 838 comdant,
372 773 528 856 Principes
545 772 698 838 seculares
715 774 847 837 salutant
863 772 1135 837 ecclesiasticos'ct
1148 776 1321 853 proponunt
1343 768 1385 855 b)

182 898 235 941 cos
251 880 295 942 in
323 882 502 951 salutatione
517 880 708 964 ³appdllaudo
737 903 794 945 eos
819 881 1059 953 reverendosin
1087 880 1205 944 Christo
1228 884 1385 962 patres-et

182 986 339 1061 dominos,¹
359 988 466 1073 positis
495 990 664 1055 nominibus
692 991 876 1075 dignitatum
899 996 930 1053 et
958 989 1319 1061 ot'ficiorum,‹et·¹dicunt
1341 988 1388 1053 eis·

182 1095 360 1162 salutemet
382 1107 517 1182 paratam
542 1101 580 1164 ad
603 1120 728 1184 queque·
751 1099 941 1182 beneplacita
962 1099 1161 1169 voluntatamr
1185 1098 1275 1171 itasi
1295 1096 1387 1161 iidem

96 1257 127 1296 ·.
182 1202 338 1270 seculares
352 1204 507 1292 principes
524 1208 730 1273 uonsuhsunt
747 1207 974 1272 ecclesiasticis.
1008 1208 1042 1272 si
1064 1226 1135 1271 vero
1152 1206 1384 1278 sucronemne

182 1312 335 1397 appellant
350 1335 433 1383 eos:
461 1313 651 1385 reverendos
673 1318 907 1383 dominos·suos
930 1322 963 1380 et
983 1315 1184 1381 scribunteis
1202 1316 1333 1380 salutem
1356 1319 1386 1377 et

182 1424 334 1508 condigne
351 1428 519 1491 reverentie
535 1428 582 1490 vel
600 1412 691 1490 debiti
709 1426 842 1508 homagii
859 1426 1042 1490 famulatum.

267 1536 437 1629 buccardo
463 1537 640 1607 mitioribus
663 1537 807 1622 prelatio
827 1536 972 1603 scibam
1000 1543 1032 1601 ct
1058 1535 1197 1603 clericis.
1230 1533 1384 1615 Principes

183 1643 339 1709 seculares
361 1643 504 1711 scribunt
531 1644 695 1711 minoribus
723 1644 848 1728 prelatis
877 1649 908 1707 et
929 1644 1065 1717 clericis,
1094 1645 1175 1735 sicut
1198 1644 1238 1713 iu.
1252 1641 1387 1707 seminia

179 1751 284 1819 tabula
315 1753 485 1823 continetur
515 1753 554 1817 ad
585 1754 675 1818 talem
706 1753 930 1835 paragraphum
950 1752 994 1840 ¹):
1021 1756 1173 1836 „prelatos
1203 1750 1382 1815 inferiores“

180 1880 278 1945 usque
293 1862 334 1927 ad
349 1861 430 1929 illum
446 1863 561 1938 locum;
589 1882 700 1944 „reges
717 1862 869 1945 simplices
893 1862 939 1926 sic
967 1862 1138 1934 salutant“,
1166 1860 1217 1925 uhi
1247 1860 1381 1924 notarius

181 1971 305 2054 propria
332 1971 467 2055 nomina,
495 1970 521 2035 si
543 1976 784 2053 cognoscuntur,
812 1971 914 2035 titulos
944 1970 1123 2053 dignitatum
1151 1977 1195 2037 ete
1209 1968 1387 2043 officiorum,
1433 2000 1434 2003 π
1494 2014 1497 2028 ,

180 2083 242 2143 tam
258 2080 300 2147 ad
314 2099 476 2162 personam
492 2080 636 2149 mittentis
655 2099 744 2162 quam
766 2079 940 2162 recipientis
963 2086 1052 2145 caute
1074 2086 1105 2144 et
1127 2099 1261 2167 congrue
1283 2084 1388 2160 ponat,

181 2208 443 2273 unumquemque,
466 2188 742 2254 circumscribendo
782 2188 1029 2258 convenientibus
1072 2189 1169 2254 laudis
1214 2187 1384 2258 adiectivis,

183 2303 273 2379 prout
288 2297 319 2363 in
335 2297 471 2362 secunda
487 2296 590 2363 tabula
606 2297 711 2380 colligi
724 2303 854 2381 potest.¹
897 2352 898 2355 ,

274 2407 452 2491 Inferiores
478 2407 602 2475 nobiles
628 2408 911 2495 omovsuperiorec
932 2410 1077 2474 salutent
1097 2407 1177 2472 sicut
1199 2407 1230 2471 in
1254 2407 1388 2471 secunda

182 2514 288 2581 tabula
314 2515 551 2587 contineturad
574 2517 669 2581 talem
690 2517 914 2598 paragraphum
931 2516 961 2604 ²)
986 2517 1158 2600 „principes
1179 2517 1283 2580 vasalli
1304 2522 1385 2580 eto.“

182 2644 281 2709 usque
296 2625 337 2688 ad
351 2626 434 2690 illum
448 2626 551 2691 locum
574 2625 787 2708 „irnperatrix“
813 2630 871 2690 etc.
904 2626 961 2690 Hic
983 2625 1074 2691 etiam
1096 2627 1230 2693 notarius
1253 2625 1389 2690 amendat

184 2732 347 2798 scribentis
380 2755 434 2798 seu
463 2735 608 2801 mittentis
637 2734 839 2799 conditionem
867 2741 898 2799 ct
923 2735 1089 2817 distinguat
1116 2736 1244 2799 vasallos
1273 2740 1303 2798 et
1329 2754 1391 2799 uon

183 2844 330 2916 vasallos,
346 2843 458 2926 tytulos
476 2844 666 2926 dignitatum,
683 2843 876 2907 conditiones
888 2863 1101 2926 personarum,
1124 2845 1243 2927 singula
1262 2844 1389 2925 siugulis

187 2953 309 3036 proprie
327 2954 514 3035 coaptando;
539 2954 584 3016 sic
600 2953 690 3017 etiam
707 2953 839 3019 minores
855 2953 886 3017 in
903 2953 1002 3025 clero,
1025 2961 1058 3017 ut
1080 2960 1150 3018 sunt
1171 2953 1297 3019 abbatos
1315 2952 1389 3017 stn-

181 3061 277 3143 plices
293 3062 449 3146 ceterique
464 3063 572 3145 prelati
589 3068 620 3126 et
635 3063 684 3126 alii
701 3062 738 3126 de
755 3082 879 3125 numero
895 3063 1075 3126 clericorum
1091 3063 1229 3127 scribunt
1246 3062 1386 3144 superio-
1414 3148 1416 3153 .
1528 3108 1530 3111 ψ

184 3170 267 3234 ribus
291 3172 404 3254 laycis,
432 3177 465 3235 ut
480 3173 511 3235 in
531 3171 665 3236 secunda
681 3172 783 3237 tabula
800 3172 972 3236 continetur
986 3172 1025 3237 ad
1041 3175 1131 3237 talem
1147 3171 1385 3254 paragraphum:

186 3281 336 3364 „qualiter
349 3281 515 3363 imperator
530 3280 568 3345 ah
587 3281 724 3346 omnibus
742 3281 910 3345 salutetur“
930 3300 1026 3366 usque
1041 3280 1083 3345 ibi
1102 3282 1275 3364 „principes
1292 3287 1394 3352 etc.“,.

182 3389 241 3452 hoc
259 3389 419 3457 observato
436 3392 516 3455 sicut
532 3390 738 3477 supradictum
752 3389 781 3477 ⁸)
812 3396 867 3454 est.
900 3389 960 3454 Uhi
985 3390 1063 3473 layci
1090 3391 1153 3454 suis
1182 3389 1387 3473 superioribus

184 3498 321 3567 scribunt
338 3500 531 3584 obsequium,
554 3500 596 3563 ibi
612 3499 741 3564 clericus
759 3499 874 3563 scribat
897 3500 1020 3563 devotas
1043 3501 1074 3565 in
1090 3500 1208 3565 domiuo
1226 3501 1387 3578 orationes,

182 3608 247 3672 Hoc
263 3609 361 3678 omaia
379 3616 409 3673 et
425 3610 542 3692 singula
559 3610 692 3673 studioso
716 3609 831 3672 notario
854 3609 942 3672 lacile
958 3609 1105 3691 patebunt
1121 3609 1179 3696 c),
1273 3666 1276 3673 ,
1389 3690 1392 3697 ,

278 3719 438 3797 Quomodo
469 3723 595 3807 legatos
626 3720 833 3809 imperatoris
862 3740 897 3783 oe
927 3720 1057 3784 scribat.
1105 3718 1277 3783 Notandum
1314 3735 1388 3798 ergo

185 3826 267 3909 quod
300 3828 420 3909 legatus
453 3830 563 3903 domini
593 3828 783 3913 imperatoris
817 3827 955 3913 omnihus
987 3849 1020 3891 se
1051 3829 1208 3912 proponit,
1237 3828 1288 3911 qui
1319 3833 1390 3890 sunt

184 3934 215 3998 iu
236 3934 295 3997 hiis
317 3936 480 4018 provinciis
502 3938 541 4000 ad
568 3926 644 4021 quos
665 3937 816 4018 legatione
845 3937 996 4019 fungitur,
1025 3958 1084 4000 non
1110 3942 1211 4001 tamen
1240 3956 1273 3998 se
1300 3938 1390 3998 vocat

185 4045 320 4131 legatum
343 4047 586 4131 sed-presidem
610 4048 695 4115 verbi
718 4049 834 4130 gratia:
862 4049 898 4112 H.
921 4048 979 4111 Dei
1005 4048 1104 4131 gratia
1131 4047 1293 4130 imperialis
1322 4048 1388 4111 aule

184 4176 290 4240 preses
317 4175 412 4240 super
437 4159 528 4241 talem
555 4159 602 4235 vel
629 4157 707 4223 tales
732 4158 904 4241 provincias
931 4159 1090 4241 generales
1111 4157 1174 4224 viro
1196 4157 1299 4233 inclito
1322 4158 1389 4242 regi

276 4320 312 4390 a)
333 4321 400 4377 cccl.
419 4321 489 4377 fehlt
507 4320 537 4376 ll.
559 4354 589 4364 -
611 4320 643 4387 b)
665 4320 790 4393 proponit
810 4318 848 4401 V,
862 4350 894 4362 -
914 4319 946 4390 e)
967 4319 1073 4393 patebit
1085 4321 1115 4377 v.

186 4470 513 4495 ..σιμ-ι.

213 4556 505 4639 mmmmm

214 4658 238 4722 ¹)
251 4663 323 4709 biche
339 4664 403 4709 oben
421 4666 445 4709 S.
462 4665 487 4710 9.
514 4720 517 4727 ¹

214 4736 239 4805 1)
252 4744 323 4793 snm
340 4748 403 4793 ouen
420 4747 444 4793 s,
461 4731 486 4793 b.
509 4734 514 4751 ‘
550 4740 554 4747 '
