3209 5392
1273 509 1350 580 337

153 666 257 744 'salute
270 700 307 743 ac
322 679 443 751 decore,
457 682 624 762 predictam
639 675 836 755 sentenciam,
848 682 947 765 quoad
958 682 1115 753 bonorum,
1127 681 1245 752 iuriam,
1258 682 1355 745 uomi-

156 809 235 853 num
253 795 284 852 et
300 788 480 870 dignitatum
493 790 770 864 exheredacionem‚
783 798 877 855 ratam
890 790 1048 863 habentes,
1065 791 1150 873 regie
1167 790 1364 854 celsitudinis<

73 934 74 937 κ
155 899 254 962 literis
279 899 443 981 dignemini
467 899 653 972 confirmare,
675 902 870 984 prelatosque
891 900 1054 975 maleficos,
1077 902 1128 985 qui
1150 899 1284 984 perfidie.
1298 921 1353 965 sue
1398 938 1402 943 ·

158 1009 357 1072 defensorem
378 1028 482 1091 regem
506 1009 705 1073 bohemorum
727 1010 876 1073 advocant
898 1015 929 1072 et
952 1031 986 1072 se
1014 1010 1053 1073 ad
1081 1030 1148 1073 eum
1176 1015 1353 1073 convertere

160 1119 298 1199 cupiunt,
313 1119 388 1181 utin
402 1118 465 1180 suis
482 1117 714 1182 adversitatibus
730 1125 936 1202 protegantur,
959 1125 1044 1183 curet
1058 1118 1200 1183 maiestas
1216 1117 1354 1201 magnili-

161 1227 270 1288 cencie
292 1226 465 1289 nominatim
482 1226 718 1308 proscripcionis
734 1233 835 1291 vestra
851 1227 1007 1291 sentencia
1022 1231 1176 1292 annotare.

250 1352 342 1405 Bodm.
357 1352 567 1423 salisburgensis
581 1351 775 1423 archiepiscopi
788 1353 821 1407 ad
836 1342 977 1419 liudolfum
990 1344 1021 1408 R.
1034 1354 1064 1407 R.
1083 1354 1136 1407 nor
1154 1358 1181 1406 et
1194 1353 1251 1408 aliis
1264 1354 1354 1419 multis

156 1441 294 1497 maleficiis
317 1443 358 1513 (p.
382 1442 436 1496 336
453 1443 549 1514 unten)
569 1442 655 1496 heisst
677 1460 705 1497 es
727 1442 886 1498 betharim:
911 1461 959 1513 pro
982 1445 1123 1499 stratarum
1144 1443 1308 1514 publicarum
1326 1450 1353 1499 ct

159 1534 365 1605 peregrinorum
383 1551 530 1604 pauperum
549 1533 651 1606 spoliis,
668 1535 779 1589 maxime
791 1539 912 1606 tempore
931 1533 1035 1589 concilii
1052 1535 1190 1602 generalis,
1208 1551 1258 1607 pro
1275 1540 1354 1607 raptu

158 1624 290 1695 virginum
304 1628 332 1678 et
349 1622 523 1694 oppressione
536 1626 649 1679 violenta
661 1624 998 1697 coniugatorum-Dicae
1011 1626 1095 1681 stelle
1112 1628 1160 1680 hat
1172 1626 1221 1679 der
1233 1626 1355 1681 Dictator

159 1732 252 1785 wegen
266 1716 338 1768 ihres
358 1715 524 1784 anstdssigen
544 1715 657 1779 lnbalts‚
679 1733 726 1770 aus
740 1716 891 1770 ¹ltdchsicht
910 1717 958 1770 auf
973 1716 1017 1771 die
1033 1717 1133 1787 jungen
1146 1718 1245 1778 Lente,
1268 1717 1355 1771 denen

159 1806 215 1861 sein
243 1807 325 1859 Wcrlr
349 1807 388 1859 als
414 1805 553 1860 Lchrbuch
578 1807 604 1860 in
632 1806 676 1860 dle
699 1808 773 1861 lland
793 1809 917 1879 gegeben
943 1825 976 1860 zu
1005 1807 1112 1861 werden
1135 1808 1270 1861 bestimmt
1292 1825 1354 1871 war,

160 1899 341 1966 ausgelassen.
365 1896 454 1967 Vergl.
480 1900 559 1950 nuteu
579 1897 635 1951 Fol.
651 1897 686 1949 59
699 1915 742 1952 no.
757 1898 800 1950 54.
817 1931 847 1942 -
863 1898 912 1953 Die
935 1900 1103 1968 Erwdhnung
1125 1897 1172 1950 des
1196 1898 1355 1953 Conciliums

158 2006 189 2041 zu
212 1988 286 2058 Lyon
310 1986 362 2039 und
385 1985 433 2040 des
454 1984 556 2058 Kbnigs
580 2005 629 2041 von
653 1989 770 2042 thmen
789 1989 886 2042 weisen
913 1989 1009 2042 darauf
1031 1990 1090 2050 hin,
1123 1988 1185 2042 dass
1210 1986 1260 2042 der
1284 1988 1358 2048 Briet

160 2079 292 2133 zwischen
317 2078 391 2132 Ende
417 2077 489 2131 ¹274
513 2078 567 2133 und
593 2079 665 2133 lditte
691 2079 762 2133 1276
782 2079 955 2148 gesohricben
969 2080 1013 2134 ist.
1214 2073 1218 2081 ’

732 2267 795 2338 38.

505 2410 668 2492 Episcopus
684 2410 716 2472 ll.
734 2411 930 2473 bononorum
945 2410 1018 2490 regi.

714 2532 793 2585 lars.

157 2638 319 2710 Enbr'sclrof
341 2638 484 2694 Friedrich
513 2658 563 2694 con
588 2641 720 2712 Sclzburp
744 2641 817 2695 litteo
842 2642 894 2695 den
919 2639 1008 2711 Kdor‘q
1032 2640 1136 2712 lludolf
1157 2640 1291 2713 ‹trinpead
1314 2660 1357 2696 um

351 2729 506 2800 scblmnigc
517 2729 592 2799 Hitfe
602 2747 686 2801 peperi
699 2733 751 2785 den
764 2732 851 2802 Kdoip
867 2732 966 2785 Otalror
979 2748 1029 2785 uon
1040 2730 1166 2785 Bdbmen.

253 2839 369 2895 Gerbert
380 2839 407 2902 2,
421 2840 446 2894 8.

250 2947 441 3031 Indignacio‚
477 2968 565 3034 quam
594 2949 733 3031 concepit
768 2949 891 3031 indigne
919 2949 1064 3013 adversus
1093 2949 1358 3031 salisburgensem

160 3057 319 3120 ecclesiam
342 3056 479 3119 dominus
502 3077 553 3119 rex
575 3056 734 3128 bohemie,
765 3057 843 3120 sicut
866 3057 1068 3139 experimento
1093 3055 1269 3127 didicimus,
1299 3077 1357 3119 non

159 3165 304 3250 quiescet,
324 3165 419 3228 donec
435 3171 570 3228 nostrum
587 3171 617 3228 et
633 3166 763 3228 ecclesie
780 3169 882 3227 nostre
895 3165 1055 3246 vestigium
1068 3164 1204 3228 deleatur
1216 3164 1253 3227 de
1266 3170 1355 3229 terra.

159 3274 320 3356 Postquam
349 3275 427 3336 enim
456 3293 560 3336 omnes
594 3279 624 3336 et
659 3273 769 3356 singuli
796 3275 951 3356 perierunt
985 3272 1015 3335 in
1043 3271 1178 3345 dustria,
1209 3273 1300 3339 Stiria
1329 3280 1358 3336 et

163 3381 327 3453 Cariathia,
346 3381 396 3466 qui
413 3381 553 3445 colebant
568 3382 718 3446 iusticiam
736 3387 766 3444 et
777 3383 902 3446 Romani
914 3380 1031 3466 imperii
1043 3381 1161 3465 legibus
1177 3388 1358 3464 paruerunt;

158 3495 317 3574 postquam
334 3488 431 3554 fidelis
452 3495 555 3554 nostra
572 3491 696 3555 devocio
712 3491 862 3576 remoueri
877 3511 935 3553 non
952 3489 1049 3573 potuit
1060 3491 1106 3553 vel
1123 3492 1242 3564 mutari,
1258 3492 1358 3554 multis

158 3603 302 3681 temptata
318 3597 502 3671 terroribus,
528 3601 618 3664 variis
641 3599 740 3663 illecta
762 3601 920 3682 promissis
946 3604 976 3661 et
992 3619 1009 3663 a
1025 3619 1098 3681 rege
1114 3600 1250 3682 predicto
1276 3599 1358 3662 solli-

158 3710 249 3772 citata
278 3708 526 3793 quampluribus
555 3709 784 3773 blandimentis:
816 3729 888 3771 ecce
917 3708 996 3792 quod
1023 3709 1076 3771 tali
1106 3707 1153 3771 die
1183 3709 1358 3790 capitaneus

161 3816 253 3881 Stirie
271 3817 309 3903 ¹),
327 3817 446 3879 nomine
463 3818 545 3899 regis
561 3817 700 3899 predicti,
718 3818 817 3881 omnia
835 3817 964 3881 ecclesie
982 3817 1225 3901 salisburgensis
1241 3815 1357 3900 predia,

159 3929 235 3997 fora,
266 3931 365 3988 castra
388 3930 417 3989 et
439 3925 550 4008 oppida
574 3928 706 3990 exercitu
730 3931 916 4011 congregato
941 3925 1049 3990 invasit
1072 3926 1231 3997 hostiliter,
1261 3927 1358 4009 captis

161 4033 333 4099 hominibus
351 4040 380 4095 et
397 4035 549 4119 plerisque
566 4036 692 4107 occisis,
722 4037 861 4100 deductis
884 4036 975 4100 rebus
992 4035 1169 4107 mobilibuS,
1199 4034 1359 4097 immobili-

160 4145 217 4207 bus
235 4142 277 4228 a)
295 4161 365 4204 vero
382 4143 554 4225 perignem
577 4150 607 4206 ct
630 4144 762 4227 gladium
784 4151 846 4208 tam
877 4145 1039 4208 crudeliter
1067 4144 1248 4214 devastatis,
1279 4143 1358 4227 quod

160 4254 219 4317 iam
236 4252 273 4314 de
291 4251 428 4315 omnibus
447 4251 510 4316 suis
526 4252 618 4316 rebus
636 4274 797 4336 superesse
821 4254 913 4318 nichil
936 4255 1069 4317 cernitur
1090 4252 1220 4316 ecclesie
1245 4271 1358 4314 memo-

252 4415 286 4483 α)
301 4419 328 4469 et
341 4414 445 4467 immob.
463 4412 494 4467 v.

233 4593 486 4603 mm

200 4710 223 4769 ¹)
234 4713 325 4758 blilota.

222 4808 318 4853 Fontes.
332 4805 399 4850 Abth.
411 4808 439 4851 ll.
451 4806 491 4850 Bd.
503 4807 571 4849 xxV.
