3209 5392
247 521 326 592 tto

244 691 291 758 nis
312 691 500 776 obsequium,
518 709 699 774 generosum
715 693 745 753 te
761 693 949 772 protestatur
969 708 1069 753 coram
1086 685 1228 752 omnibus
1243 684 1345 760 filium,
1365 690 1396 750 et
1411 688 1439 749 ln

244 802 395 865 celebrem
410 801 549 883 producit
566 796 757 863 consciencie
779 798 899 881 publice
922 798 1051 881 gloriam
1067 817 1178 861 nomen
1193 802 1285 860 tunm.
1318 794 1439 882 Plenius

243 909 393 994 siquidem
409 909 489 991 apud
505 929 559 972 nos
575 908 653 972 liber
667 905 789 971 illabilis
806 905 949 970 memorie
967 905 1102 971 continet
1120 926 1178 991 que
1200 904 1389 968 recensuerit
1397 903 1440 990 n)

244 1018 382 1101 epistola,
399 1037 489 1103 quam
504 1015 626 1081 misisti:
644 1015 724 1099 qued
739 1015 905 1099 apostolice
913 1014 1055 1080 videlicet
1070 1015 1147 1089 sedi,
1164 1015 1251 1099 quasi
1266 1014 1332 1097 apis
1349 1031 1441 1095 argu·

242 1132 390 1199 mentesa,
398 1127 582 1198 deserviens,
591 1145 649 1210 quc
661 1124 717 1188 Dei
729 1127 800 1188 sunt
815 1130 905 1207 atque
922 1122 1131 1188 ecclesiastice
1146 1121 1296 1186 libertatis
1309 1141 1368 1184 nec
1381 1140 1439 1183 non

243 1240 274 1299 et
289 1234 482 1299 liberacionis
498 1233 626 1299 filiorum
642 1232 789 1305 ecclesie,
819 1251 893 1316 quos
916 1233 947 1294 in
962 1231 1107 1297 maternis
1123 1231 1292 1297 uisceribus
1311 1232 1440 1296 infestus

240 1344 399 1408 dilaniator
413 1344 584 1408 Fridericus
599 1340 718 1423 affligit,
730 1344 813 1404 tanto
827 1339 962 1404 caritatis
978 1342 1096 1406 feruore
1113 1341 1251 1425 quesisti‚
1270 1346 1300 1405 et
1313 1340 1396 1425 quod
1408 1341 1438 1404 in

239 1451 298 1515 hiis
320 1452 404 1516 lucra
424 1457 566 1535 reputans
590 1451 768 1515 detrimenta
790 1467 986 1533 quecunque,
1007 1449 1155 1533 bonorum
1176 1455 1295 1514 tuorum
1320 1434 1439 1514 fortiter

240 1562 344 1644 gravia
359 1561 507 1647 pertulisti
525 1559 701 1646 dispendia,
728 1564 759 1623 et
780 1563 885 1622 contra
907 1578 971 1629 eos,
995 1559 1046 1641 qui
1063 1580 1099 1623 ex
1115 1560 1244 1624 adverso
1261 1558 1438 1643 insurgunt,

240 1690 300 1734 non
316 1672 410 1734 solum
428 1690 524 1754 nsque
540 1670 579 1733 ad
594 1675 712 1733 tuorum
729 1666 919 1749 sanguinem,
942 1687 1046 1730 verum
1068 1667 1158 1731 etiam
1185 1669 1306 1752 proprie
1317 1669 1361 1756 d)
1377 1668 1440 1732 rite

238 1779 372 1863 pericula
389 1780 516 1844 subiisti.
534 1779 626 1841 Porro
642 1783 675 1841 tu
692 1796 765 1860 erga
782 1795 942 1860 personam
959 1781 1091 1840 nostram
1107 1781 1137 1840 te
1146 1782 1273 1840 actenus
1291 1777 1440 1840 omnimo·

238 1887 306 1952 dam
334 1909 472 1954 servasse
499 1888 718 1959 innocenciam,
749 1907 786 1950 ex
808 1886 938 1969 quadam
959 1887 1032 1950 licet
1047 1886 1159 1949 sinceri
1176 1885 1279 1949 cordis
1293 1887 1440 1950 amaritu-

239 1997 308 2061 dine
324 1997 483 2080 profiteris.
507 1999 547 2062 ut
563 2017 617 2061 nos
635 2002 718 2061 certe
734 1995 772 2059 de
788 1996 878 2077 plena
901 1996 1008 2058 mentis
1025 2000 1127 2058 nostre
1144 1995 1302 2058 dulcedine
1319 1997 1440 2078 perspi·

239 2125 295 2171 cue
312 2107 512 2172 confessionis
528 2106 701 2172 huiusmodi
717 2104 837 2169 veritati
854 2104 1036 2175 subicimus,
1061 2104 1142 2189 quod
1158 2104 1257 2178 nobis,
1274 2110 1438 2188 postquam

238 2205 337 2280 divina
354 2217 493 2300 dignacio
508 2214 707 2280 bumilitatem
724 2220 857 2278 nostram
872 2214 944 2277 huic
961 2215 1097 2295 specule,
1114 2214 1164 2277 cui
1172 2212 1307 2296 quamvis
1315 2214 1440 2297 indigne

236 2324 437 2409 presidemus,
453 2325 576 2397 invexit,
599 2330 629 2388 et
650 2328 731 2397 ante,
754 2322 854 2387 adhuc
877 2324 906 2385 in
929 2320 1036 2385 minori
1059 2321 1158 2386 officio
1175 2322 1364 2395 constitutis,
1386 2342 1441 2408 per

164 2442 167 2451 '
236 2433 363 2516 plurima
380 2435 498 2498 sincere
515 2432 683 2497 affectionis
705 2432 817 2496 indicia
834 2437 864 2495 et
881 2432 1051 2495 continuam
1077 2430 1264 2514 obsequendi
1292 2432 1441 2517 prompti-

236 2541 370 2605 tudinem
392 2542 542 2625 plaonisti.
570 2540 631 2607 Sed
654 2541 712 2604 heo
733 2541 827 2624 igitur
842 2561 897 2604 nos
913 2540 969 2604 tibi
984 2535 1139 2604 benivolos
1163 2538 1322 2611 exhibent,
1347 2545 1439 2624 teque

239 2650 326 2714 nobis
339 2656 507 2734 acceptum,
525 2651 550 2714 si
569 2650 657 2713 nichil
675 2651 706 2714 in
722 2652 780 2714 tuis
797 2649 916 2713 actibus
934 2650 1036 2712 oculos
1053 2654 1156 2712 nostre
1178 2649 1438 2713 consideracionis

241 2758 375 2831 offendit,
404 2759 524 2842 quando
551 2761 648 2823 eciam
676 2760 706 2822 in
734 2758 956 2823 substitucione
978 2759 1101 2823 alterius
1123 2756 1162 2821 ad
1184 2757 1366 2841 legacionis,
1383 2777 1441 2841 qua

238 2864 426 2949 fungebaris,
444 2866 575 2932 officium
593 2869 694 2951 sapuit
709 2868 766 2932 tibi
784 2887 918 2932 amarum
926 2867 1038 2951 aliquid
1055 2866 1102 2931 vel
1118 2866 1288 2950 indignum,
1311 2866 1439 2931 debuis-

239 2995 289 3038 ses
311 2975 341 3039 id
365 2997 419 3060 pro
443 2976 623 3041 intensionis
652 2982 754 3040 nostre
778 2997 815 3040 ac
837 2978 962 3041 fratrum
979 2981 1150 3041 nostrorum
1166 2975 1350 3040 rectitudine
1367 2978 1441 3041 alle-

237 3103 338 3165 gasse,
355 3090 389 3149 ut
406 3085 565 3150 cuiuslibet
582 3085 762 3169 suspicionis
779 3084 985 3169 obprobrium,
1002 3086 1094 3169 siqua
1111 3086 1189 3148 forte
1206 3085 1338 3149 animum
1354 3093 1439 3151 tuum

237 3192 275 3257 de
303 3194 436 3277 cogitata
464 3196 494 3257 in
521 3199 551 3258 te
579 3192 707 3258 alicuius
735 3195 920 3259 confusionis
956 3194 1065 3257 iniuria
1093 3194 1202 3265 subiit,
1233 3200 1436 3277 amputasses.

239 3302 322 3368 Scito
345 3304 457 3385 itaque,
480 3309 514 3367 ut
535 3323 653 3366 omnem
676 3305 903 3368 amaritudinem
928 3304 1028 3369 deuoti
1049 3302 1102 3366 filii
1121 3303 1290 3367 dulcedinis
1312 3296 1440 3387 p'aterne

238 3411 354 3475 medela
377 3412 523 3495 depellat,
552 3414 583 3476 in
606 3413 827 3477 substituoione
850 3412 987 3498 predicta
1005 3434 1059 3476 nos
1076 3433 1113 3476 ac
1129 3413 1238 3476 fratres
1256 3413 1380 3477 eosdem
1397 3412 1436 3477 nil

236 3519 296 3584 nisi
310 3522 480 3603 profectum
496 3541 654 3585 commune
671 3526 701 3584 et
718 3522 850 3604 quietem
867 3527 958 3592 tuam,
982 3540 1072 3604 quam
1088 3520 1155 3604 plus
1172 3522 1259 3586 solito
1277 3523 1356 3587 forte
1372 3528 1438 3587 tur·

237 3630 346 3693 barent
361 3650 420 3714 que
435 3628 582 3693 inminent
598 3629 725 3712 negocia
738 3631 789 3717 c),
807 3635 838 3694 et
860 3649 952 3694 noros
976 3631 1132 3713 exigencia
1154 3630 1312 3709 humeros,
1338 3636 1437 3695 atten-

237 3738 329 3810 disse,
358 3758 394 3802 ac
423 3740 519 3802 eciam
546 3737 696 3803 accidisse
718 3743 822 3821 preter
844 3740 1043 3823 propositum,
1065 3740 1092 3802 si
1114 3737 1187 3822 quid
1204 3739 1366 3822 displicere
1382 3740 1436 3804 tibi

237 3848 334 3931 potuit
348 3846 430 3911 circa
445 3847 694 3912 substituoionem
720 3847 857 3919 eandem,
875 3848 922 3912 vel
940 3869 976 3910 ex
991 3847 1079 3911 modo
1096 3847 1180 3919 facti,
1202 3848 1250 3911 rel
1273 3869 1310 3912 en
1326 3848 1435 3913 antici-

236 3957 362 4039 pacione
380 3956 506 4020 rumoris
519 3956 644 4039 publici,
662 3976 750 4039 quem
773 3962 825 4020 tua
849 3956 961 4020 noticia
983 3977 1042 4019 non
1064 3955 1211 4038 prevenit.
1242 3956 1328 4022 Solet
1344 3958 1433 4030 enim,

236 4070 269 4128 ut
285 4064 374 4135 nosti,
391 4069 474 4128 tante
491 4064 653 4127 celeritatis
672 4085 740 4128 csse
756 4067 846 4137 fama,
864 4084 953 4149 qnam
969 4065 1048 4150 parit
1063 4065 1197 4147 uulgaris
1220 4067 1332 4150 opinio,
1355 4064 1435 4149 quod

234 4175 383 4237 interdum
399 4172 506 4245 eciam,
522 4174 597 4236 miro
613 4175 766 4257 presagio,
782 4174 895 4239 intimis
911 4173 1086 4257 pectoribus
1103 4173 1224 4237 condita
1237 4180 1433 4259 secretapre·

237 4280 322 4353 libat,
351 4303 387 4346 ao
416 4281 551 4365 ipsarum
578 4277 762 4366 agendarum
789 4304 888 4348 rerum
912 4289 1051 4348 eventum
1074 4284 1250 4348 multociens
1266 4285 1435 4348 antecedat.

234 4391 331 4462 Unde,
349 4392 416 4474 quia
433 4390 488 4454 tibi
504 4393 639 4472 presenti
655 4393 773 4474 plenius
790 4394 980 4457 innotescere
996 4394 1107 4478 poterit
1121 4397 1183 4458 tam
1199 4398 1325 4476 paterne
1341 4412 1428 4477 quam

232 4492 366 4563 fraterne
383 4499 515 4563 caritatis
532 4500 701 4583 integritas,
719 4522 778 4565 non
796 4503 890 4566 solnm
907 4502 1008 4584 placet
1024 4502 1122 4574 nobis,
1146 4503 1201 4567 sed
1223 4502 1336 4576 eciam,
1364 4520 1431 4566 cum

235 4609 273 4673 ad
289 4607 505 4691 suportandam
526 4608 609 4674 orbis
625 4611 773 4674 sarcinam
795 4616 879 4677 tuam
903 4611 989 4675 nobis
1013 4612 1202 4695 presenciam
1227 4611 1429 4677 necessariam

327 4735 362 4803 a)
375 4733 512 4790 recensuit
525 4752 556 4789 zu
569 4735 653 4790 lesen.
670 4765 698 4775 -
715 4737 747 4806 b)
761 4752 848 4809 prope
861 4738 891 4792 V.
906 4766 940 4778 -·
956 4737 988 4807 c)
1003 4737 1116 4810 negocia
1134 4754 1175 4795 am
1188 4737 1220 4794 R.
1232 4737 1262 4794 ll.
