3209 5392
1286 500 1366 574 429

167 680 368 744 relevacio
385 681 507 744 totius
524 680 702 764 Ytalie1),
721 679 821 742 nolitis
839 678 970 742 deficere
986 678 1034 743 vel
1050 679 1173 750 remitti,
1191 678 1265 763 quin
1279 677 1370 740 immo

168 797 314 872 tanquam
330 788 386 851 viri
403 789 536 859 strenui,
559 789 704 851 maiorem
720 810 756 851 ex
772 788 969 853 successibus
992 789 1146 874 prosperis
1170 788 1300 851 animum
1322 786 1373 849 in·

170 899 315 970 (luentes,
344 897 445 961 adbuc
466 898 614 962 insistatis
637 897 751 962 lorcius
776 898 815 960 ad
837 898 1020 982 triumphum
1042 898 1154 961 ibidem
1177 897 1214 960 de
1242 903 1370 980 tyranno

171 1006 289 1091 plenius
308 1008 564 1090 consequendum,
583 1011 730 1092 quatenus
748 1007 927 1071 universitas
944 1006 1074 1071 fidelium
1088 1006 1243 1070 vobiscum
1257 1026 1292 1069 eo
1308 1006 1373 1067 for-

173 1117 238 1179 cior
253 1121 413 1198 resurgat,
437 1116 507 1178 dum
523 1116 619 1178 bostis
636 1115 697 1178 illic
713 1114 843 1178 finaliter
859 1115 951 1180 fuerit
967 1135 1022 1200 per
1038 1120 1169 1179 vestram
1191 1113 1370 1178 industriam

173 1230 344 1308 superatus.
358 1223 434 1289 Eum
449 1224 597 1308 siquidem
610 1226 703 1287 semel
716 1225 847 1288 allisisse
860 1245 920 1288 non
933 1223 1057 1295 suflicit,
1066 1224 1117 1308 qui
1129 1223 1223 1307 gestit
1234 1225 1371 1306 pertina-

173 1334 252 1397 citer
268 1338 298 1396 et
313 1333 433 1396 fortiter
448 1333 479 1395 in
495 1332 636 1396 victores.
661 1332 803 1396 inimicus
826 1333 924 1397 victor
940 1333 1078 1396 incautus
1095 1353 1113 1395 a
1129 1332 1210 1395 victo
1228 1352 1300 1417 sepe
1318 1351 1369 1393 re-

175 1442 316 1513 vincitur,
334 1441 360 1504 si
376 1442 481 1505 militie
506 1443 601 1505 solvat
624 1441 776 1523 cingulum
799 1446 961 1526 antequam
984 1441 1074 1504 cedat
1090 1441 1255 1505 adversitas
1272 1441 1373 1503 reluc-

173 1551 275 1614 tantis.
296 1552 398 1622 Porro,
415 1572 453 1625 ne
470 1570 576 1635 parurn
592 1552 632 1614 sit
645 1571 697 1615 vos
715 1551 829 1614 hortari
845 1571 901 1633 per
916 1549 1020 1615 literas
1038 1552 1076 1614 ad
1093 1557 1246 1634 opustam
1263 1568 1373 1612 oeces-

175 1659 287 1722 sarium
303 1660 580 1731 consummandum,
598 1659 742 1723 dilectum
759 1660 786 1748 ι)
803 1666 939 1724 nostrum
954 1662 991 1724 N.
1011 1658 1236 1731 cancellarium,
1253 1662 1372 1740 gratum

175 1766 263 1830 nobis
280 1772 310 1830 et
325 1768 484 1850 plurimum
501 1767 696 1851 aprobatum,
718 1767 756 1831 ad
773 1789 827 1832 vos
843 1773 966 1854 propter
980 1769 1039 1833 boc
1056 1769 1193 1832 duximus
1211 1767 1370 1831 destinan-

176 1876 263 1948 dum,
289 1897 345 1959 per
367 1877 534 1959 apostolica
556 1878 670 1961 scripta
693 1877 890 1951 mandantes,
913 1884 1062 1962 quatenus
1086 1879 1166 1962 quod
1189 1876 1373 1960 superbiis,

177 2006 235 2070 que
252 2007 288 2049 ex
304 1991 390 2069 parte
406 1990 509 2050 nostra
524 1985 612 2049 vobis
628 1986 747 2058 dixerit,
771 1987 931 2051 credentes
949 1988 1062 2059 eidem,
1085 1988 1116 2050 id
1138 1987 1237 2071 ipsum
1259 1985 1373 2050 curetis

176 2099 313 2178 prompto
331 2095 440 2159 ellectu
453 2096 583 2159 celerius
600 2095 722 2160 effectui
739 2097 923 2179 mancipare,
940 2097 1043 2181 itaque
1059 2097 1140 2182 quod
1157 2096 1263 2159 exinde
1280 2095 1373 2158 devo-

177 2203 295 2266 cionem
311 2212 442 2268 vestram
460 2204 623 2268 debeamus
643 2205 742 2288 dignis
760 2205 899 2270 laudibus
922 2207 1143 2270 commendare.
1168 2206 1230 2269 Nos
1260 2208 1371 2277 autem,

178 2313 230 2395 qui
247 2311 386 2377 fidelibus
400 2315 530 2377 ecclesie
546 2334 643 2398 usque
658 2314 697 2377 ad
714 2313 803 2378 finem
820 2315 929 2378 adesse
944 2315 1152 2398 proponimus,
1168 2314 1248 2377 sicut
1263 2332 1373 2397 prece-

178 2420 287 2484 dencia
303 2421 341 2484 de
357 2422 554 2507 sequentibus
571 2423 767 2506 pollicentur,
792 2423 874 2486 circa
892 2444 945 2495 ea,
968 2444 1027 2507 que
1050 2423 1089 2486 ad
1112 2443 1216 2486 eorum
1233 2422 1374 2487 auxilium

179 2530 392 2611 cognoscimus
406 2535 564 2613 oportuna,
577 2532 622 2594 sic
635 2532 792 2595 intendere
805 2534 941 2597 volumus
949 2533 995 2620 κ),
1007 2535 1086 2596 sicut
1102 2552 1151 2595 res
1167 2532 1234 2615 ipsa
1247 2538 1373 2596 auctore

179 2637 306 2702 Domino
325 2644 355 2702 et
370 2639 558 2704 mediacione
575 2643 742 2724 apostolica
760 2642 961 2707 sollicitudine
978 2640 1196 2724 comprobabit.
1222 2641 1289 2704 Dat.

270 2801 468 2872 Vergleichung
487 2804 534 2856 mit
547 2805 629 2867 llahn,
652 2803 782 2859 Collectio
802 2808 1031 2859 monumentorum
1053 2804 1078 2868 l,
1099 2803 1150 2858 160
1169 2805 1195 2857 u.
1216 2801 1301 2874 (uach
1319 2804 1374 2857 ibm

178 2891 453 2946 liuillard·Breholles
468 2892 493 2954 6,
507 2891 592 2962 ooo):
611 2894 780 2948 Innocentius
798 2911 841 2966 ep.
855 2913 876 2948 s.
890 2913 913 2948 s.
927 2895 958 2948 ll.
972 2895 1103 2965 potestati
1122 2894 1236 2947 consilio
1256 2898 1284 2947 et
1302 2910 1375 2948 com-

180 2981 251 3034 muni
271 2982 402 3036 brixiensi
422 2999 444 3037 s.
459 2990 486 3037 et
499 3001 522 3037 a.
537 2985 563 3038 b.
577 3015 610 3023 -
625 2983 658 3054 α)
672 2984 863 3039 adiuuandum.
884 3015 920 3025 —-
932 2983 967 3056 β)
982 2984 1139 3039 devocione.
1163 3015 1189 3024 ·-
1204 2987 1236 3054 p)
1256 2984 1374 3039 fidelium

177 3070 259 3141 longa
272 3073 410 3127 bellorum.
425 3103 457 3112 -
472 3073 505 3144 ὃ)
520 3074 637 3129 civitatis
651 3075 744 3145 ipsius.
757 3105 794 3114 -
807 3073 835 3145 ε)
853 3075 902 3130 Die
915 3075 1010 3130 beiden
1023 3075 1169 3145 folgenden
1180 3075 1274 3130 Sdtze:
1288 3092 1375 3146 quan-

175 3163 298 3216 tumlibet
311 3194 346 3202 —
360 3164 469 3218 obviare
482 3166 581 3219 febleo.
595 3196 630 3205 -
645 3169 677 3237 ζ)
690 3165 827 3221 moliente.
843 3197 876 3206 —
895 3165 929 3236 η)
944 3183 976 3220 ue
996 3167 1080 3236 ipsius
1095 3183 1174 3220 casus
1188 3170 1331 3237 reparetur
1348 3167 1374 3222 iu

178 3257 276 3307 statum
287 3254 320 3306 ad
330 3256 475 3324 perniciem
488 3256 671 3325 plurimorum,
686 3287 719 3295 —
734 3257 771 3328 3)
786 3259 835 3311 Die
849 3257 908 3311 drei
922 3257 1067 3328 folgenden
1081 3257 1175 3310 Setae:
1189 3257 1245 3310 Nisi
1259 3258 1326 3312 enim
1340 3289 1374 3298 -

178 3345 331 3412 vergeretis
344 3345 445 3399 febleo.
458 3378 493 3386 -
508 3345 532 3416 ι)
545 3347 636 3406 filiurn,
649 3348 806 3419 magistrum
813 3349 960 3410 Martiuum,
975 3347 1141 3418 capellanum
1152 3349 1281 3412 nostruin,
1290 3349 1375 3402 virum

178 3436 322 3489 litteratum
336 3439 364 3490 et
377 3438 489 3506 probum
503 3442 531 3492 et
543 3438 619 3491 nobis
634 3441 662 3491 et
679 3439 808 3492 fratribus
826 3439 927 3493 nostris
945 3438 971 3491 io
989 3438 1109 3510 pluribus
1128 3440 1321 3508 approbatum,
1340 3439 1374 3492 de

179 3542 232 3596 quo
240 3527 347 3596 plenam
357 3527 501 3591 inDomino
512 3527 637 3583 fiduciam
647 3529 805 3593 obtinemus,
816 3529 849 3582 ad
861 3545 908 3584 vos
919 3532 971 3583 etc.
985 3559 1013 3569 -
1027 3527 1057 3598 κ)
1067 3528 1121 3584 Das
1132 3529 1267 3599 Folgende
1277 3532 1376 3584 lautet:

179 3618 251 3690 quod
264 3620 403 3688 profectus
417 3619 567 3690 apostolice
580 3619 759 3675 solicitudinis
773 3626 885 3675 auctore
899 3621 1008 3675 Domino
1022 3620 1216 3690 comprobabit,
1231 3621 1374 3675 dummodo

178 3726 270 3763 manus
281 3713 368 3764 vestre
382 3710 408 3763 in
423 3710 604 3765 defensionem
618 3712 748 3766 libertatis
762 3711 910 3766 eommunis
924 3715 952 3765 et
963 3711 1072 3782 proprie
1086 3730 1118 3766 ac
1131 3715 1220 3766 status
1234 3711 1373 3782 provincie

177 3800 336 3854 Lombardie
355 3801 505 3855 nullatenus
519 3801 698 3857 dissolvantur
711 3802 760 3856 sed
780 3804 971 3857 confirmentur
989 3819 1059 3857 nunc
1080 3803 1184 3873 potius,
1204 3820 1263 3857 cum
1282 3803 1375 3856 maiori

178 3892 297 3944 noscitur
320 3894 417 3947 robore
440 3910 506 3962 opus
529 3909 597 3948 esse.
619 3894 782 3963 Vergleicbe
805 3895 936 3965 dbrigens
959 3895 1027 3950 noch
1048 3895 1092 3949 die
1113 3896 1182 3948 oben
1201 3893 1230 3947 S.
1251 3891 1303 3946 loe
1321 3894 1375 3948 und

179 3984 270 4038 weiter
283 3980 366 4037 unten
379 4001 423 4038 no.
439 3983 474 4037 lo
487 3985 681 4055 mitgetbeilten
694 3986 793 4040 Briefe.

205 4278 228 4338 ¹)
248 4283 363 4327 Innocens
377 4283 414 4327 1v.
429 4282 514 4328 dacbte
534 4284 584 4326 aleo
602 4282 660 4327 iiber
677 4283 716 4328 uie
730 4283 888 4343 Wicbtiglteit
905 4284 1005 4328 Parma's
1028 4283 1112 4329 audere
1129 4284 1163 4328 ele
1175 4284 1196 4329 J.
1211 4285 1237 4331 v,
1256 4286 1373 4330 Boebmer

250 4370 323 4432 (Reg.
342 4375 405 4419 Frid.
424 4389 447 4432 p.
467 4370 546 4429 205),
563 4376 606 4420 der
623 4388 648 4420 es
667 4375 822 4420 unbesonnen
840 4373 929 4429 findet,
951 4376 1005 4420 dass
1026 4376 1110 4421 Kaiser
1123 4375 1247 4422 Friedrich
1269 4376 1308 4421 hei
1332 4377 1374 4423 der

249 4465 378 4510 Necbricht
391 4479 437 4511 von
449 4465 502 4510 dem
515 4466 622 4511 Verluste
635 4466 735 4512 Perma's
750 4463 800 4522 (lo.
815 4466 869 4511 Juni
883 4462 958 4523 1247)
972 4468 1039 4512 selue
1050 4466 1119 4512 Reice
1133 4468 1192 4512 uach
1203 4468 1267 4525 Lyou
1278 4468 1373 4530 autgeb,

250 4570 288 4601 um
302 4556 351 4602 eret
363 4556 429 4602 diese
442 4557 511 4603 Stedt
524 4557 612 4602 wieder
626 4558 715 4602 zurdck
727 4571 755 4601 zu
769 4557 879 4602 eroberu.
