3209 5392
735 692 798 762 co.
827 665 830 676 ‘

454 891 533 974 lupa
549 892 664 956 collam
680 891 809 974 prirelpl
824 889 987 955 rebellant!
1004 889 1070 952 rlll.

162 1051 216 1107 Eira
235 1054 319 1126 Paper
335 1052 446 1125 fordert
466 1051 543 1107 eiam
564 1050 799 1123 widerepenatipen
819 1012 1086 1122 unc'oarrnoceipen
1110 1047 1270 1105 aeacides
1292 1045 1352 1119 auf,

238 1165 240 1168 ’
452 1142 690 1198 Jemondemeeine
701 1142 838 1197 Prddende
848 1139 1066 1213 hermupoleos.

254 1290 321 1353 Nisi
343 1289 452 1353 faciem
473 1294 554 1354 tuam
571 1295 604 1354 ut
618 1294 734 1373 petram
757 1288 946 1354 durissimam
962 1288 1116 1372 posuisses
1134 1294 1166 1351 et
1180 1286 1354 1351 indurasses

164 1419 220 1462 cor
246 1404 329 1462 tuum
357 1398 458 1461 durius
487 1398 660 1472 adamante,
694 1398 830 1462 audisses
859 1399 984 1462 forsitan
1016 1397 1148 1462 auditum
1171 1401 1309 1476 nostrum
1326 1399 1356 1458 et

163 1507 293 1572 audiens
316 1508 490 1582 annuisses,
518 1517 633 1592 nosque
656 1507 714 1570 mel
731 1508 768 1571 de
784 1513 871 1591 petra
887 1512 918 1572 et
934 1508 1030 1571 oleum
1047 1507 1084 1570 de
1101 1526 1172 1570 saxo
1196 1503 1355 1569 durissimo

167 1617 365 1682 suxissemus.
388 1616 414 1701 1)
431 1617 540 1682 Verum
557 1617 626 1700 quia
642 1636 699 1680 nec
715 1637 772 1679 uve
800 1618 838 1680 de
866 1616 961 1699 spinis
989 1636 1045 1680 nee
1072 1615 1146 1679 ficus
1175 1616 1211 1678 de
1239 1613 1356 1679 tribulis

162 1726 345 1809 colliguntur
363 1725 405 1810 ²),
421 1747 481 1789 non
497 1726 593 1809 potuit
608 1726 699 1790 arbor
715 1725 826 1790 sterilis
842 1726 958 1790 fructus
975 1725 1085 1790 uberes
1102 1726 1261 1809 parturire.
1292 1724 1356 1788 Nec

163 1855 296 1920 querens
325 1841 413 1899 antea
440 1854 548 1898 nomen
575 1840 727 1908 nostrum,
760 1854 847 1919 quam
881 1835 990 1899 faciem
1023 1839 1104 1898 tuam
1137 1834 1356 1916 impleverimus

164 1944 351 2028 ignominia,
380 1949 411 2007 et
438 1948 597 2027 antequam
624 1944 662 2008 ad
690 1944 823 2007 radicem
852 1944 1036 2009 infructuose
1063 1942 1191 2008 ficulneo
1223 1948 1358 2007 stercora

168 2073 392 2136 congregamus
420 2052 478 2140 a),
506 2053 580 2116 silex
607 2052 697 2117 etiam
712 2053 756 2117 tui
784 2053 884 2117 cordis
902 2073 960 2116 non
987 2052 1068 2136 prius
1085 2069 1192 2137 aquam
1215 2050 1359 2124 effundet,

165 2183 259 2248 quam
289 2161 451 2244 apostolice
482 2162 702 2246 increpacionis
731 2161 831 2244 gladio
862 2162 954 2226 fueris
982 2162 1029 2225 bis
1060 2181 1241 2245 percussus,
1273 2167 1358 2225 aceto

165 2272 381 2337 nichilominus
408 2270 653 2354 pertundendus,
677 2272 703 2334 si
730 2270 808 2335 ultra
835 2271 944 2335 faeiem
971 2270 1158 2354 pretenderis
1182 2271 1357 2364 adamantis.

167 2380 324 2447 Obturasli
341 2380 471 2444 ecclesie
488 2400 575 2444 aures
591 2386 658 2445 tuas
675 2386 777 2464 utpote
793 2381 874 2464 aspis
892 2380 982 2445 surda
1003 2380 1049 2468 ⁸),
1073 2401 1111 2444 ne
1131 2400 1236 2444 vocem
1257 2379 1361 2444 audias

167 2489 366 2573 increpantis,
384 2495 415 2552 et
437 2509 490 2552 cor
516 2494 598 2554 tuum
626 2489 780 2554 Pharaone
809 2488 912 2553 durius
936 2489 1099 2562 indurasti,
1127 2511 1164 2553 ne
1191 2489 1360 2553 mandatum

166 2605 304 2664 nostrum
331 2598 512 2681 adimpleas,
541 2597 624 2682 prius
653 2619 742 2683 quam
758 2598 796 2663 ad
813 2599 885 2664 illud
913 2598 1120 2682 complendum
1147 2620 1236 2664 manu
1264 2599 1361 2664 valida

168 2709 370 2792 compellaris.
400 2708 463 2771 Nos
480 2711 596 2781 autem,
611 2713 646 2772 ut
660 2730 677 2772 a
693 2715 724 2772 te
741 2708 917 2773 obediencie
933 2711 1082 2782 fructum,
1105 2729 1193 2793 quem
1209 2710 1240 2774 in
1256 2709 1361 2793 spiritu

168 2820 293 2904 pietatis
310 2840 368 2883 non
381 2823 554 2902 poteramus
571 2820 693 2892 elicere,
710 2824 863 2903 utcunque
880 2820 984 2884 saltem
1001 2823 1178 2904 extorquere
1192 2840 1361 2904 possemus,

169 2934 243 2994 ante
269 2929 371 2993 oculos
400 2933 469 2992 tuos
496 2929 650 3011 posuimus
678 2933 771 2992 temet
797 2929 912 3012 ipsum,
940 2928 1049 2992 delicta
1076 2929 1237 2992 iuventutis
1264 2933 1315 2992 tue
1332 2934 1362 2993 et

171 3037 376 3120 ignorandus,
382 3036 414 3100 in
427 3037 534 3123 quibus
549 3038 637 3102 etiam
650 3038 885 3120 senuisti,prout
895 3036 1028 3125 vobisl)
1036 3038 1170 3120 exposite
1182 3038 1301 3101 fuerant
1308 3056 1363 3119 per

170 3152 293 3212 nostras
309 3147 424 3219 literas,
436 3153 649 3221 memorantes,
666 3153 699 3212 ut
711 3168 778 3212 cum
790 3148 942 3231 propriam
953 3145 1154 3211 infirmitatem
1166 3135 1365 3229 agnosceres,

171 3258 210 3320 de
228 3259 375 3320 fermento
391 3257 487 3321 veteri
500 3257 663 3341 superioris
677 3259 848 3323 auctoritati
866 3258 1011 3330 deferres,
1024 3277 1081 3322 nec
1094 3264 1199 3321 contra
1213 3258 1362 3322 stimulum

168 3371 287 3431 temere
301 3365 474 3431 calcitrares
488 3366 528 3455 ¹¹).
542 3368 588 3433 Tu
604 3387 675 3431 vero
688 3367 782 3431 intua
799 3367 988 3432 coutumacia
1000 3387 1208 3450 perseverane,
1224 3366 1362 3431 mandata

168 3481 274 3539 nostra
292 3475 407 3547 audire,
423 3480 566 3561 tauquam
582 3497 671 3541 aures
688 3478 818 3541 haberes
839 3482 872 3543 ut
888 3479 1047 3542 simulacra
1063 3478 1213 3559 gencium,
1230 3476 1361 3541 noluisti.

268 3585 331 3650 Sed
368 3585 438 3669 quia
477 3586 662 3669 contempnit
698 3593 842 3670 peccator
878 3605 946 3651 cum
977 3589 1007 3650 in
1038 3587 1217 3671 profundum
1247 3585 1364 3649 venerit

170 3694 324 3767 vitiorum,
350 3694 478 3777 primum
494 3701 525 3760 et
548 3697 713 3761 seeundum
734 3698 905 3762 mandatum
927 3698 1040 3781 pariter
1066 3695 1283 3780 contempsisti.
1317 3694 1363 3758 Ne

168 3805 263 3887 igitur
278 3808 415 3887 reportes
433 3804 471 3867 de
487 3803 697 3869 inobediencia
714 3813 764 3870 tua
780 3809 926 3880 fructum,
942 3806 1138 3878 mandamus,
1162 3810 1309 3889 quatenus
1325 3804 1362 3870 N.

171 3913 358 3999 prebendam
381 3933 482 3988 suam,
505 3914 584 3978 omui
607 3934 690 3978 mora
713 3922 743 3980 et
766 3916 929 3980 occasione
952 3914 1144 4000 postpositis,
1160 3913 1289 3981 reddere
1305 3935 1364 3979 non

172 4022 340 4089 contendas
356 4029 388 4088 et
404 4023 500 4088 facias
522 4024 620 4107 ipsum
642 4024 767 4089 eandem
789 4023 916 4108 pacifice
938 4025 1106 4109 possidere.
1139 4025 1276 4109 Alioquin
1302 4031 1364 4089 tam

163 4154 256 4218 super
271 4131 507 4205 inobediencia,
536 4152 624 4217 quam
641 4154 733 4216 super
748 4135 924 4199 excessibus
941 4135 1016 4208 tuis,
1045 4154 1119 4220 quos
1136 4136 1168 4199 in
1183 4134 1249 4199 aliis
1265 4133 1361 4199 literis

163 4265 268 4310 sumus
290 4242 470 4327 prosecuti,
498 4242 576 4307 infra
592 4242 629 4307 N.
647 4244 807 4308 terminum
830 4244 995 4328 apostolico
1017 4250 1048 4310 te
1066 4247 1241 4330 conspectui
1257 4265 1477 4331 repre-ruore.

254 4444 288 4514 a)
302 4444 522 4516 congregarimus
543 4460 574 4497 au
588 4444 671 4497 lesen.
684 4474 720 4484 -
734 4445 766 4515 d)
782 4442 862 4498 uobis
875 4443 941 4501 Cod.
1016 4447 1018 4456 '

186 4595 471 4613 -—--—--—-—2—-

202 4703 226 4761 1)
238 4703 405 4748 Denter-onom.
423 4701 463 4756 32,
482 4701 520 4747 13.
539 4727 569 4736 -
586 4698 741 4763 ²)r1utnaus
759 4703 783 4756 7,
800 4703 838 4748 to.
856 4727 886 4738 -
904 4699 929 4764 Β)
947 4668 1018 4751 Parit.
1035 4704 1074 4758 5⁷,
1097 4705 1119 4751 ὅ.
1138 4730 1166 4740 -
1178 4701 1201 4765 ⁴)
1227 4705 1359 4751 turrianus

236 4784 388 4830 Marcellinus
401 4784 442 4841 18,
454 4783 476 4830 t.
