3209 5392
1273 457 1350 557 aar

162 661 327 726 valescunt.
360 664 406 726 De
424 661 510 724 nobis
529 661 606 723 enim
623 660 760 742 poteritis
778 659 877 722 stabili
895 666 994 723 mente
1018 660 1187 731 confidere,
1217 661 1296 743 qued
1322 661 1354 722 in

164 772 300 835 omnibus
316 770 426 834 vestris
442 770 568 850 agendis
586 788 640 830 nos
658 768 852 849 experiemini
870 787 991 850 semper
1007 770 1160 831 ultroneos
1173 774 1204 831 et
1217 767 1355 833 officiose
1426 827 1432 838 ,

164 880 318 943 benivolos
331 877 485 940 seneietis.

252 1039 371 1096 Gerbert
389 1043 408 1094 l.
425 1057 449 1093 c.
470 1039 562 1102 meint,
586 1038 636 1093 der
654 1037 731 1091 Briei
747 1031 786 1092 s'ei
805 1054 837 1092 an
855 1038 982 1091 ilbertus
1002 1037 1113 1106 Magnus
1132 1038 1283 1110 gerinhtet3
1307 1037 1354 1090 das

134 1147 137 1153 ·
163 1132 232 1184 itaet
244 1131 302 1184 sich
312 1127 413 1200 jedocb
431 1129 567 1183 durcbaus
586 1128 659 1181 nieht
677 1128 822 1182 beweisen.
841 1127 879 1179 lm
892 1125 956 1181 cod.
970 1126 1023 1179 Eri.
1042 1126 1142 1178 Stobbe
1155 1142 1181 1177 n.
1193 1124 1227 1179 71
1243 1127 1289 1178 mit
1303 1127 1352 1180 der

162 1210 345 1275 iiberecbriit:
364 1220 432 1273 liud.
451 1219 499 1272 Dei
519 1218 604 1288 gratia
618 1218 747 1287 episcopo
761 1216 808 1269 tali
822 1219 925 1285 integre
939 1215 1093 1271 dileccionis
1106 1219 1285 1292 augmentum.
1303 1247 1305 1250 ·

738 1452 801 1547 na.

451 1653 614 1758 imperator
638 1670 729 1733 super
753 1651 908 1713 beneflciis
933 1651 1083 1732 impensis.

166 1808 252 1880 Kenip
277 1808 381 1880 liudolf
390 1810 473 1863 donin
498 1806 752 1879 Ordcnspeiatlicben
777 1806 878 1876 dnfdr,
904 1807 970 1862 daea
994 1806 1145 1862 eieeeinem
1163 1806 1231 1860 need
1251 1806 1365 1876 Venedip

167 1901 215 1954 mit
231 1900 379 1971 Austrdpen
398 1901 545 1970 pesundteo
557 1902 641 1953 Botere
663 1899 850 1969 beipeetcndcn
871 1899 927 1951 und
938 1898 1009 1952 bittet
1020 1898 1073 1966 eie,
1085 1899 1113 1953 in
1126 1898 1262 1952 dereeiden
1279 1898 1366 1951 Weiee

672 1986 865 2059 fertzufcbren.

258 2134 399 2193 Bodmann,
413 2152 438 2203 p.
453 2133 515 2187 203.

258 2279 379 2342 Florida
402 2278 515 2341 ordinis
539 2277 632 2341 vestri
648 2283 680 2341 et
696 2275 967 2341 commemorabilis
983 2275 1156 2348 rectitudo,
1181 2295 1238 2358 que
1253 2277 1366 2339 nostris

168 2387 294 2450 ubilibet
315 2386 526 2469 supportandis
544 2385 685 2450 oneribus
709 2386 785 2449 colia
808 2385 927 2458 subdit,
955 2406 1015 2449 non
1036 2385 1112 2449 sinit
1130 2386 1162 2447 in
1177 2384 1262 2448 vobis
1280 2386 1367 2468 quie-

170 2515 256 2558 scere
279 2496 375 2557 zelum
392 2515 494 2566 suum,
523 2495 592 2556 dum
620 2495 665 2556 sie
682 2495 722 2576 a)
743 2494 854 2557 dilecto
877 2495 987 2556 famulo
1010 2498 1112 2557 nestro
1135 2494 1186 2564 N.,
1203 2513 1292 2576 quem
1312 2512 1367 2574 pro

169 2603 347 2685 quibusdam
361 2605 472 2666 nostris
490 2604 617 2684 agendis
634 2624 730 2685 nuper
747 2603 984 2689 Veneciasb)
1001 2603 1178 2666 miseramus
1192 2602 1240 2687 o),
1257 2602 1288 2664 in
1309 2601 1368 2663 hiis

167 2731 224 2793 que
242 2709 300 2774 sibi
316 2711 495 2774 videbantur
507 2711 693 2782 incumbere,
705 2711 764 2792 ipsi
776 2718 837 2773 tam
854 2711 1069 2782 favorabiliter,
1086 2716 1148 2773 tam
1164 2712 1316 2773 ferventer
1327 2709 1369 2793 d)

169 2819 317 2883 astitistis.
334 2820 434 2900 Super
451 2819 558 2902 quibus
575 2818 678 2902 utique
696 2823 790 2900 gratis
815 2825 845 2882 et
867 2824 1023 2900 gratanter
1046 2818 1132 2882 nobis
1156 2817 1289 2900 inpensis
1313 2817 1370 2880 ob-

166 2928 281 3011 sequiis
304 2927 390 2990 vobis
415 2929 572 3009 adgnatos
601 2927 767 2991 uberrimas
796 2927 996 2998 inclinantes,
1021 2928 1216 2992 devocionem
1238 2931 1487 2997 vestramnnnna.

169 3037 348 3119 requirimus
378 3043 409 3100 et
430 3053 591 3118 rogamus,
621 3043 785 3119 quatenus,
814 3037 895 3099 iuxta
917 3036 997 3118 quod
1025 3056 1097 3118 erga
1125 3036 1253 3098 eundem
1280 3036 1369 3097 immo

169 3149 269 3211 verius
293 3165 347 3209 nes
369 3147 451 3227 ipsos
480 3142 669 3208 laudabiliter
691 3145 869 3217 inchoastis,
887 3145 932 3207 sic
953 3165 1020 3206 eum
1032 3143 1084 3207 ubi
1097 3150 1128 3205 et
1144 3143 1262 3226 quando
1280 3143 1370 3206 suerit

170 3260 348 3337 oportunum
364 3252 568 3316 laudabilioris
586 3252 816 3317 continuacienc
831 3252 1063 3336 perseverancie
1080 3250 1217 3313 foveatis.

752 3504 814 3573 44.

585 3662 757 3747 imperator,
771 3662 801 3724 li.
827 3663 966 3742 principi.

730 3822 810 3876 1273.

171 3969 201 4020 K.
222 3967 326 4039 liudolf
343 3967 426 4022 danie
447 3967 530 4022 ciuem
549 3970 662 4023 Fdretea
682 3967 731 4039 fiir
752 3970 827 4025 seiae
847 3970 1058 4026 discindens
1080 3975 1138 4027 und
1158 3975 1210 4028 den
1227 3977 1370 4031 Auedrueir

318 4058 408 4114 aeiner
422 4057 594 4130 ldrqedenbeit
605 4062 662 4114 und
673 4060 782 4114 crisme!
794 4059 863 4124 eicie,
878 4060 931 4114 idm
941 4062 1094 4133 ferderlieb
1106 4079 1139 4117 en
1151 4065 1215 4121 acin.

266 4202 382 4255 Gerbert
396 4202 422 4263 1,
437 4202 479 4256 10.

263 4346 384 4409 Audiuit
399 4368 494 4429 nuper
511 4352 614 4410 nostra
643 4349 802 4421 serenitas,
832 4351 910 4413 unde
933 4370 1041 4415 novum
1063 4351 1151 4415 nobis
1172 4354 1371 4417 accumulatum

176 4460 222 4518 est
238 4456 396 4537 gaudium,
425 4457 504 4518 unde
520 4456 646 4519 materia
662 4461 805 4520 renovate
823 4458 1015 4521 iocunditatis
1038 4459 1187 4532 accrevit,
1216 4462 1296 4545 quod
1317 4482 1371 4524 voe

263 4580 298 4647 a)
312 4581 383 4633 sicut
395 4580 486 4634 Bodm.
495 4612 525 4622 -
534 4580 566 4649 d)
577 4582 715 4636 veneciam
723 4582 750 4635 Z.
759 4581 832 4649 -e)
847 4583 923 4637 nobis
935 4581 1071 4652 pandente
1086 4584 1226 4639 didicimus
1233 4584 1325 4641 Betim.
1336 4615 1371 4626 -

175 4668 211 4735 d)
225 4675 278 4722 tarn
291 4670 358 4722 iera.
373 4687 415 4734 am
428 4672 457 4724 R.
475 4670 502 4723 V.

241 4770 333 4813 sontes,
351 4769 419 4813 anan.
433 4771 458 4814 u.
477 4770 596 4814 ennxv.
801 4755 803 4758 ’
893 4788 896 4794 -
1121 4764 1155 4815 17
1209 4773 1212 4786 ’
