3209 5392
1251 585 1301 656 69

138 762 325 836 iudicavimus,
354 769 392 826 et.
404 782 458 845 per
474 763 553 826 viros
569 763 712 826 honestos
728 764 761 825 Α.
780 770 811 827 et
827 763 862 827 G.
877 763 916 849 a)
944 764 1084 825 concives
1101 764 1220 823 nostros
1250 779 1303 822 eos

137 870 163 933 in
175 871 387 953 possessionem
403 871 539 935 misimus
556 873 749 955 corporalem.
781 873 953 954 Superque
978 876 1047 933 actu
1075 868 1119 931 eis
1145 873 1303 949 presentes

135 978 222 1042 literas
237 979 272 1064 b)
288 979 439 1043 conscribi
461 979 603 1042 iussimus
631 979 760 1042 civitatis
786 986 888 1042 nostre
912 978 1002 1060 sigilli
1024 977 1185 1040 munimine
1213 974 1304 1038 robo-

134 1092 213 1159 ratas,
233 1088 360 1152 testibus
372 1088 497 1171 ydoneis
520 1088 698 1159 subnotatis,
721 1108 845 1171 qnorum
861 1089 918 1150 bec
942 1092 1011 1151 sunt
1027 1085 1143 1149 nomina
1160 1089 1218 1147 etc.
1236 1086 1300 1147 Act.

133 1215 198 1257 anno
213 1201 267 1259 etc.
287 1197 334 1280 e),

385 1321 431 1365 lle
446 1320 564 1365 arbitris
579 1321 659 1366 etde
674 1320 776 1366 formis
791 1319 981 1365 oratoriorum
995 1320 1031 1374 d).

620 1397 747 1442 Distinetio
766 1398 802 1442 l'l.

208 1494 239 1558 Si
255 1515 328 1559 vero
343 1497 380 1558 lis
397 1516 456 1560 non
470 1498 568 1579 possit
581 1497 735 1565 terminari
750 1497 809 1560 nisi
831 1517 885 1579 per
907 1494 1050 1566 arbitros,
1073 1499 1145 1556 tunc
1161 1492 1229 1557 talis
1246 1494 1303 1556 erit

130 1601 219 1664 lorma.
256 1605 386 1669 Arbiter
414 1611 539 1669 vocatur
559 1606 619 1678 ille,
642 1627 730 1690 quem
752 1606 839 1669 ambe
860 1611 961 1687 partes
983 1603 1021 1665 ad
1042 1603 1100 1665 boc
1123 1602 1247 1684 eligunt,
1270 1606 1303 1665 nt

128 1706 196 1771 litem
211 1711 351 1777 terminet
360 1714 398 1800 e]
414 1715 577 1777 secundum
594 1714 748 1779 arbitrium
763 1735 859 1778 suum.
880 1714 919 1776 Et
933 1718 1057 1776 vocatur
1072 1710 1234 1792 vulgariter
1250 1710 1303 1774 ein

127 1816 365 1906 oolbdmonnf)
388 1823 434 1884 vel
457 1822 482 1884 si
504 1823 608 1904 plures
628 1823 740 1887 fuerint
761 1829 834 1887 tnnc
850 1827 995 1885 vocantur
1016 1820 1196 1896 ocbidleut;
1217 1820 1302 1881 locus

126 1927 234 2005 pretorii
250 1928 359 1992 urbani
383 1931 435 1996 ein
456 1932 633 2005 subrosae,
661 1932 712 1995 ubi
734 1931 874 1995 videlieet
895 1929 1007 1994 iudicia
1029 1935 1214 1993 exercentur.
1250 1928 1302 1991 sic

127 2050 188 2116 ergo
203 2036 364 2101 scribetis:

200 2144 263 2207 Nos
290 2145 361 2210 Otto
376 2148 417 2231 9)
432 2149 521 2213 iudex
545 2153 576 2211 et
598 2149 777 2212 universitas
801 2149 931 2212 civitatis
952 2148 1130 2214 Winnensis
1154 2147 1302 2211 universis

123 2256 302 2331 presencium
314 2249 535 2337 inspectoribus
549 2257 746 2328 declaramus,
763 2258 843 2341 quod
856 2277 923 2321 oum
934 2257 971 2319 lis
985 2256 1112 2338 quedam
1127 2258 1206 2320 inter
1221 2256 1301 2319 viros

123 2359 265 2442 religiosos
283 2360 324 2447 h)
351 2365 420 2428 talis
443 2368 616 2431 monasterii
638 2389 674 2430 ex
697 2373 783 2449 parte
806 2388 863 2430 una
885 2375 916 2430 et
938 2368 972 2430 H.
992 2364 1029 2452 i)
1051 2364 1147 2428 civem
1168 2371 1303 2428 nostrum

122 2485 240 2553 suosque
255 2471 388 2534 heredes
403 2492 440 2534 ex
456 2480 542 2555 parte
557 2456 650 2537 altera
667 2494 759 2556 snper
770 2474 897 2537 circuitu
910 2474 1065 2537 cuiusdam
1077 2473 1206 2537 nemoris
1219 2473 1302 2537 eirca

121 2573 206 2640 locum
226 2581 320 2643 talem
336 2579 487 2664 aliquanto
509 2588 643 2664 ternpore
664 2588 843 2655 verteretur,
866 2603 925 2646 neo
944 2583 1005 2645 litis
1032 2582 1099 2646 talis
1125 2576 1238 2645 decisio
1263 2581 1301 2644 de

120 2685 190 2748 laoili
205 2694 390 2771 speraretur,
412 2691 533 2753 tandem
549 2711 584 2752 ex
601 2698 748 2774 suggestu
763 2691 923 2774 proborum
939 2693 1090 2755 bominum
1105 2697 1206 2773 partes
1231 2710 1311 2753 suas.

124 2791 184 2858 bino
209 2796 280 2860 inde
309 2797 560 2880 interponentium
581 2819 635 2881 pro
654 2799 737 2863 ‘bono
759 2800 861 2882 pacis,
887 2805 989 2882 partes
1012 2799 1098 2863 ambe
1119 2799 1151 2863 in
1172 2799 1301 2863 arbitros

124 2906 381 2986 compromiserunt
391 2908 442 2992 j),
459 2906 510 2991 qui
527 2908 690 2972 secundum
701 2909 758 2971 Dei
773 2908 909 2971 timorem
924 2908 1007 2971 litem
1022 2907 1100 2970 illam
1111 2928 1166 2973 suo
1178 2907 1301 2973 arbitrio

123 3014 317 3078 terminarent.
327 3015 401 3077 Cum
411 3035 483 3097 ergo
495 3015 624 3097 predicti
631 3015 724 3079 abbas
733 3021 764 3080 et
770 3023 933 3080 conventus
947 3017 1071 3079 militem
1077 3016 1167 3080 talem
1179 3036 1234 3098 pro
1247 3035 1303 3080 sua

124 3118 276 3202 elegissent
292 3128 389 3205 parte,
404 3143 474 3205 pars
491 3143 562 3186 vero
579 3124 706 3188 adversa
720 3124 796 3191 Rud.
815 3125 969 3187 concivem
992 3130 1126 3188 nostrum
1140 3123 1179 3209 le)
1195 3144 1250 3206 pro
1268 3146 1302 3193 se

122 3232 328 3304 nominassent,
346 3236 378 3294 et
388 3222 419 3294 in
431 3232 486 3294 hos
500 3232 573 3295 duos
586 3238 687 3315 partes
705 3231 791 3295 ambe
805 3238 946 3315 tanquam
957 3233 988 3295 in
998 3233 1161 3315 legittimus
1174 3233 1303 3297 arbitros

122 3340 392 3421 compromisissent
418 3340 449 3425 l)
475 3341 609 3423 ipsorum
632 3347 713 3404 stare
736 3340 861 3404 arbitrio
889 3345 920 3403 et
941 3340 1053 3424 heom)
1079 3341 1198 3423 publico
1222 3342 1303 3405 iura·

121 3455 211 3512 urente
227 3449 268 3535 o]
284 3447 476 3520 firmassent„
501 3450 622 3513 tandem
649 3449 777 3531 predicti
797 3449 904 3513 arbitri
928 3450 1139 3514 convenientes
1167 3451 1199 3514 in
1225 3451 1302 3514 hanc

121 3551 236 3619 lormam
252 3556 410 3621 arbitrium
427 3557 599 3629 emiserunt,
616 3564 647 3621 nt
664 3558 804 3621 videlieet
825 3558 954 3640 predicti
976 3563 1139 3622 conventus
1162 3565 1192 3622 ei
1208 3559 1302 3622 abbas

120 3671 267 3742 prenotato
281 3666 367 3730 militi
381 3666 503 3750 suisque
519 3666 681 3729 heredibus
697 3668 748 3731 XL
764 3668 876 3729 talenta
887 3667 1067 3733 Winnensia
1084 3668 1124 3753 ο)
1137 3668 1215 3730 infra
1231 3669 1301 3732 hino

121 3774 147 3832 et
165 3754 329 3854 proximum
350 3776 461 3838 festum
484 3775 581 3838 sancti
598 3774 699 3838 Georii
713 3775 759 3858 r)
783 3776 855 3839 dare
879 3775 1008 3838 debeant
1031 3775 1083 3838 tali
1098 3776 1300 3838 moderamine

120 3878 282 3959 interiecto,
301 3891 333 3948 ut
349 3885 380 3947 in
396 3884 528 3967 proximo
545 3886 624 3948 lesio
641 3885 803 3948 nativitatis
816 3885 934 3948 Domini
946 3886 998 3950 XV
1013 3886 1135 3956 talenta,
1152 3884 1183 3946 in
1197 3884 1301 3965 puriti-

119 3989 229 4056 catione
250 3993 339 4057 beate
356 3994 449 4058 Marie
471 3995 594 4076 virginis
611 3995 663 4059 XV
679 3995 805 4067 talenta,
829 3995 859 4057 in
881 3996 957 4057 festo
974 3995 1013 4082 q]
1030 3994 1126 4058 sancti
1143 3993 1244 4056 Georii
1261 3993 1300 4077 r]

120 4094 217 4163 decern
232 4102 358 4184 prelatis
374 4103 459 4166 militi
475 4109 506 4166 et
518 4104 580 4166 suis
596 4103 757 4167 heredibus
772 4104 989 4185 persolvantur,
1005 4104 1102 4185 ipsum
1114 4123 1184 4165 vero
1197 4123 1301 4165 nemus

118 4223 150 4267 er
164 4228 241 4273 nunc
258 4216 289 4273 et
304 4210 335 4274 in
350 4212 497 4297 reliquum
522 4213 553 4275 in
579 4214 799 4295 possessionem
816 4213 1018 4295 predictorum
1035 4212 1152 4276 abbatis
1176 4217 1207 4275 et
1228 4233 1302 4275 con-

201 4353 236 4424 a)
256 4355 287 4409 n.
305 4357 333 4409 z.
362 4388 396 4397 -
425 4357 457 4426 l)
479 4359 518 4413 m
542 4340 646 4413 noreiam
670 4360 699 4412 v.
729 4387 765 4398 -
792 4361 824 4431 a)
844 4360 957 4414 sessurus
981 4361 1022 4413 sn
1046 4359 1099 4413 ete.
1127 4358 1195 4412 rann
1216 4359 1247 4413 v.
1270 4387 1299 4398 -

118 4440 150 4508 d)
168 4444 215 4497 Am
235 4446 335 4501 Raude.
351 4449 419 4505 bist.
432 4448 511 4502 fehlt.
533 4478 562 4489 -
583 4450 615 4519 e)
639 4451 779 4504 terminent
801 4451 832 4505 V.
852 4449 936 4520 -ἣ
967 4452 1127 4505 sobiedmam
1150 4449 1181 4503 V.
1206 4479 1242 4488 —
1264 4450 1299 4521 9)

118 4530 147 4584 0·
156 4530 183 4587 V.
194 4565 224 4574 —
234 4534 270 4608 b)
281 4540 402 4593 abbatem
413 4543 604 4596 etconventum
610 4542 638 4595 Z.
657 4571 684 4580 -
699 4541 727 4610 i)
739 4547 914 4612 cognomento
928 4540 1126 4597 militem'talem
1138 4542 1300 4610 cognomine
1339 4608 1342 4612 μ

117 4621 195 4677 civem
208 4630 324 4682 nostrum
342 4631 369 4683 Z.
383 4661 417 4670 -
425 4631 460 4702 j)
473 4633 652 4702 promiserunt
670 4631 699 4686 v.
716 4665 745 4676 -
757 4632 792 4701 lc)
803 4631 832 4684 li.
853 4633 901 4687 civ.
919 4633 964 4685 tal.
979 4631 1008 4685 V.
1026 4634 1093 4703 -l)
1113 4633 1299 4704 promisissent

118 4712 144 4767 V·
162 4743 192 4755 -
218 4719 261 4787 m)
292 4720 372 4790 idque
399 4723 426 4775 Z.
454 4751 486 4764 -
506 4724 541 4793 n)
575 4725 748 4778 instrumento
779 4725 807 4776 V.
832 4753 868 4763 -—
891 4724 923 4793 o)
954 4724 1038 4777 Winn.
1064 4725 1131 4778 fehlt
1160 4723 1189 4777 V.
1214 4753 1242 4763 -
1259 4721 1297 4793 p)

117 4806 146 4860 G.
164 4809 193 4861 V.
217 4841 246 4851 -
268 4817 301 4887 q)
320 4812 402 4869 dieV.
417 4816 494 4885 -r)
506 4815 579 4870 dv.
1155 4812 1162 4824 ’
