3209 5392
192 519 301 596 ,232
379 589 383 596 ,

103 693 147 732 sn.
158 676 315 739 aon-iorme
332 678 462 759 species,
479 681 607 744 decorus
625 690 776 766 aspectus,
792 686 983 767 pulchritudo
1007 686 1115 758 vultus,
1139 693 1280 752 venustas
1296 709 1411 753 morum

220 787 251 844 et
279 782 436 865 integritas
460 789 607 852 castitatis
624 790 664 876 a)
689 791 726 852 de
749 811 808 873 qua
831 811 964 872 congrue
987 792 1047 854 dici
1067 799 1168 874 potest
1184 804 1267 857 ortus
1284 795 1322 880 b)
1340 816 1414 857 con-

220 892 333 961 clusus,
349 895 416 956 sons
434 897 570 975 signatus
588 898 627 983 ¹),
644 898 772 979 virginei
793 900 849 962 ilos
866 899 1007 981 pudoris,
1026 920 1113 983 quam
1129 903 1248 965 fortuna
1265 903 1413 985 supremis

219 1004 285 1062 rote
307 1020 361 1063 sue
383 1002 494 1066 invexit
515 1005 666 1086 apicibus,
688 1006 782 1070 beans
806 1008 894 1070 illam.
926 1009 1087 1071 Anxiamur
1102 1011 1204 1092 itaque
1221 1016 1252 1073 et
1268 1017 1411 1084 artamur,

219 1128 268 1176 ne,
283 1112 314 1170 te
331 1109 499 1183 differente,
516 1112 591 1174 alius
604 1114 733 1195 accipiat
744 1115 823 1177 banc
841 1135 992 1187 coronam,
1005 1116 1043 1178 ad
1057 1134 1145 1198 quam
1168 1117 1307 1180 anhelant
1324 1119 1412 1201 quam

219 1215 347 1296 plurimi,
365 1237 527 1301 eorumque
544 1222 574 1282 in
591 1223 656 1303 ipsa
672 1230 853 1310 proventura
869 1224 1034 1306 respiciunt
1056 1225 1133 1287 avidi
1158 1230 1336 1289 sectatores.
1373 1227 1412 1290 ut

219 1319 287 1382 ideo
304 1322 488 1386 nobilitatem
504 1330 585 1387 tuam
601 1326 682 1389 sanis
699 1329 833 1391 consiliis
850 1330 1053 1400 adhortamur,
1071 1333 1229 1412 quatenus,
1246 1331 1313 1393 aliis
1328 1337 1414 1413 post-

220 1427 343 1506 positis,
370 1430 448 1493 hanc
465 1452 601 1495 assumas
618 1434 649 1496 in
671 1435 851 1518 conjugem,
881 1436 950 1519 quia
966 1442 1039 1499 tunc
1054 1437 1262 1519 predicaberis
1279 1439 1416 1501 mulieris

221 1535 331 1615 optime
348 1536 394 1600 vir
408 1537 524 1602 beatus.

312 1661 350 1716 lat
361 1662 429 1716 wohl
443 1663 541 1735 fingirt.

793 1785 857 1855 22.

571 1923 763 1987 homanorum
787 1944 842 1987 rex
865 1927 929 2008 regi
951 1925 1063 2007 lnglle.

778 2046 859 2101 1279.

220 2150 307 2222 Kam'p
319 2150 423 2221 liudolf
431 2151 578 2223 oeroprieltt
590 2155 650 2208 dem
663 2153 765 2225 Koaiqe
777 2156 893 2209 Educrd
904 2171 955 2208 von
967 2155 1104 2224 Enplaod,
1124 2152 1216 2207 oeiuea
1229 2151 1318 2208 biaher
1331 2151 1417 2207 durch

220 2240 367 2295 Krualeheit
379 2241 562 2296 verbr’oderten
582 2242 653 2296 Solia
672 2245 819 2296 Hartmcun
842 2242 970 2298 nuomebr
986 2243 1101 2314 baldiqot
1119 2261 1166 2297 cerr
1187 2241 1360 2314 Vermdblunp
1372 2242 1419 2297 mit

219 2333 314 2385 dassen
339 2330 447 2384 Tochter
472 2330 541 2386 nach
564 2332 686 2401 Enplaad
710 2350 744 2386 zu
771 2334 880 2385 senden.
911 2332 976 2386 Dera
1002 2330 1162 2386 incwiacben
1188 2333 1417 2402 coranpeoondten

303 2409 476 2491 Udcrbrinper
488 2420 577 2474 dieses
589 2420 700 2490 Botefeo
712 2428 787 2491 osope
800 2422 850 2474 der
863 2422 949 2493 Kontq
962 2423 1047 2476 vollen
1062 2421 1179 2477 Glcuden
1191 2420 1330 2477 sclarea

310 2528 416 2590 Accito
439 2546 533 2608 nuper
555 2527 661 2590 illustri
685 2528 821 2610 principe
844 2530 881 2593 N.
906 2549 960 2611 pro
983 2530 1043 2594 lilio
1066 2536 1169 2593 nostro
1187 2530 1297 2593 dilecto
1315 2529 1354 2614 c)
1379 2527 1417 2591 ad

219 2634 446 2717 procedendum
473 2634 504 2697 in
527 2635 682 2715 Angliam,
709 2641 742 2699 ut
764 2636 897 2699 celebria
921 2636 970 2699 illa
996 2643 1026 2700 et
1048 2658 1136 2700 sacra
1161 2637 1310 2700 connubia
1334 2636 1413 2698 inter

221 2742 348 2805 eundem
370 2748 504 2805 nostrum
531 2743 664 2823 genitum
691 2748 721 2806 et
753 2743 887 2832 inolitam
920 2742 1010 2805 filiam
1037 2750 1136 2817 tuam,
1169 2745 1266 2806 felicis
1298 2742 1414 2826 syderis

220 2850 354 2931 auspicio
372 2849 507 2912 ordinata
524 2849 677 2922 divinitus,
696 2850 884 2913 exhibicione
897 2850 1018 2932 proprie
1030 2850 1191 2932 presencie
1206 2855 1415 2913 consumaret:

221 2976 307 3027 ecce,
319 2957 398 3040 quod
409 2955 463 3020 tibi
475 2957 577 3020 infesti
594 2957 653 3021 stili
670 2957 907 3020 denunciacione
925 2957 1115 3030 disserimus,
1131 2958 1169 3020 ad
1189 2957 1328 3020 tenellam
1346 2976 1418 3038 pre·

221 3066 293 3128 dicti
309 3064 362 3128 filii
378 3065 473 3128 nostri
490 3070 521 3128 et
533 3066 671 3146 fragilem
683 3066 817 3146 corporis
831 3064 977 3128 fabricam
990 3065 1223 3136 dissolvendam,
1236 3064 1419 3146 inopinatam

221 3173 344 3236 morbus
366 3173 494 3235 infestus
522 3173 691 3235 machinam
719 3173 822 3235 erexit.
857 3171 914 3253 Qui
943 3172 994 3236 diu
1022 3173 1144 3235 landem
1166 3172 1351 3234 contendens
1380 3171 1418 3233 de

221 3281 434 3362 repugnatrice
451 3285 557 3343 natura
570 3280 750 3361 degenerem
763 3280 943 3361 triumphum
955 3278 1081 3341 viriliter
1093 3283 1259 3360 reportare,
1273 3279 1418 3341 bellorum

222 3388 303 3450 vires
318 3388 416 3452 varias
434 3388 580 3459 alteravit,
597 3389 652 3450 sed
668 3387 788 3452 tandem
805 3387 896 3458 illius,
912 3385 964 3468 qui
979 3382 1095 3448 infirma
1110 3387 1284 3469 plerumque
1309 3405 1422 3452 consue

222 3487 307 3565 lidat‚
322 3516 411 3559 manu
427 3495 633 3559 misericordie
649 3495 818 3567 interiecta,
835 3493 1036 3581 invalitudinis
1050 3514 1104 3555 sue
1115 3494 1252 3575 langwor
1269 3493 1413 3574 elanguit,

222 3606 288 3687 ipso
305 3609 408 3667 nostro
424 3603 483 3666 filio
499 3604 623 3686 prish‘ne
640 3604 794 3685 sospitatis
813 3602 932 3666 affectui
949 3602 1098 3665 restituto.
1133 3600 1321 3682 Quapropter
1344 3620 1414 3683 pre-

224 3713 337 3775 dictum
352 3713 529 3794 prinoipem,
544 3713 639 3774 virum
655 3712 845 3783 industrium,
861 3710 980 3773 fidelem
994 3689 1098 3791 procul
1119 3706 1209 3772 dubio
1226 3708 1349 3770 honoris
1373 3708 1417 3770 tui

224 3824 255 3882 et
269 3819 365 3900 glorie
382 3821 561 3891 zelatorem,
589 3820 628 3905 ad
650 3825 733 3882 tuam
754 3817 947 3901 presenciam
969 3822 1039 3880 ante
1063 3817 1172 3879 faciem
1192 3815 1343 3897 prenotati
1365 3813 1418 3876 lilii

225 3926 319 3990 nostri
334 3927 599 4008 premittimus,'ut
615 3932 698 3989 tante
714 3947 797 3989 more
816 3945 923 3989 causas
941 3923 1095 3986 serenitati
1109 3929 1159 3986 tue
1172 3922 1303 3986 lucidius
1319 3899 1415 4003 inpri-

225 4041 286 4100 mat
303 4041 333 4097 et
348 4035 508 4099 iocundius
525 4035 672 4098 adventus
689 4036 734 4097 sui
747 4034 827 4096 diem
842 4033 1021 4115 prenunciet
1036 4031 1291 4112 interpretacione
1309 4030 1417 4093 certis-

226 4145 301 4206 sima
327 4145 394 4207 vive
422 4143 516 4206 vocis.
561 4142 653 4205 Cuius
681 4162 754 4204 sane
784 4141 886 4204 verbis
915 4139 1005 4203 fidem
1033 4139 1187 4202 credulam
1216 4137 1362 4200 adbibere
1389 4143 1421 4199 te

227 4254 357 4333 petimus
386 4271 422 4315 ac
450 4252 476 4312 si
504 4250 542 4313 de
571 4250 666 4314 nostri
690 4250 802 4312 oraculi
826 4269 901 4311 voce
924 4248 1059 4311 veridica
1085 4246 1306 4329 quodammodo
1333 4265 1420 4308 reso·
1483 4320 1487 4327 Ι

229 4365 344 4423 narent.

319 4468 353 4535 a)
376 4465 515 4533 castigatis
534 4465 563 4519 V.
586 4496 619 4505 -
639 4463 671 4532 1)
693 4482 723 4519 so
741 4466 785 4518 far
804 4464 899 4517 bertus
919 4462 950 4516 V.
971 4471 1004 4501 -’
1023 4463 1055 4531 c)
1076 4460 1205 4515 beniuolo
1225 4477 1311 4530 nuper
1324 4457 1422 4513 illustri

229 4556 319 4609 llart.
334 4554 482 4624 predileoto
496 4553 562 4609 Cod.
575 4554 687 4607 Wilher.

231 4673 557 4688 m

259 4739 282 4798 1)
296 4737 416 4782 Canticum
436 4735 553 4780 Canticum
572 4733 595 4786 4,
616 4736 651 4779 l2.
