3209 5392
1307 522 1380 596 15⁴5

192 695 423 780 malignancium
445 693 816 779 disperguntur,‘iidelium
837 714 975 779 corpora,
997 695 1119 778 spiritus
1135 697 1233 762 sancti
1252 697 1376 782 templa,

200 805 358 871 subiacent
384 803 606 869 discriminibus
633 824 709 869 vane
736 803 842 868 mortis
869 808 901 869 et
921 803 1084 868 animarum
1111 805 1224 871 instant
1250 806 1383 889 pericula

113 927 118 932 ·
194 915 310 980 inlinita
337 920 367 980 et
387 914 511 998 insuper
537 915 637 979 claves
660 912 791 977 ecclesie
819 919 1069 997 contempnuntur
1084 913 1115 978 et
1141 936 1249 980 nomen
1264 915 1384 980 Domini

199 1024 260 1088 iam
291 1045 351 1088 non
380 1028 496 1089 tantum
524 1022 604 1086 inter
634 1028 741 1104 gentes
773 1041 861 1106 quam
891 1022 923 1086 in
954 1021 1024 1095 hiis,
1055 1024 1106 1108 qui
1137 1044 1171 1087 se
1198 1022 1385 1089 Christianos

196 1133 270 1199 licet
299 1132 393 1197 falsos
425 1136 580 1205 asserunt,
611 1130 843 1214 blasphematur.
871 1170 916 1181 -
944 1129 1017 1213 Quis
1049 1150 1122 1214 ergo
1150 1132 1384 1198 Christianitatis

198 1241 335 1324 gaudens
347 1239 440 1323 tytulo
454 1246 484 1306 et
495 1240 619 1305 racione
630 1245 718 1304 utens
729 1240 761 1303 in
767 1239 905 1318 Domino,
918 1239 976 1304 bec
991 1241 1023 1302 in
1039 1241 1131 1305 corde
1143 1261 1197 1306 suo
1214 1241 1385 1314 conferens,

193 1369 314 1413 amaros
345 1368 404 1412 non
435 1347 612 1431 multiplicet
642 1348 771 1430 gemitus
805 1353 836 1413 et
866 1348 925 1413 alta
955 1370 1016 1413 non
1046 1348 1169 1413 trahem
1198 1349 1327 1432 suspiria
1342 1348 1381 1412 ab

196 1456 309 1522 intimis
331 1456 498 1521 uisceribus
521 1457 642 1540 pietatis
665 1478 699 1522 se
721 1464 827 1522 contra
842 1459 976 1540 prefatos
992 1458 1071 1521 viros
1092 1457 1254 1540 pestiferos
1271 1457 1384 1539 insigni

197 1567 298 1631 crucis
314 1564 473 1629 karactere
485 1586 545 1631 non
557 1565 712 1647 accingat!
729 1566 755 1630 0
767 1586 817 1629 res
829 1565 983 1638 mirabilis,
996 1566 1054 1630 imo
1068 1566 1181 1630 cecitas
1194 1566 1387 1630 detestanda!

196 1677 360 1759 insurgunt
375 1674 517 1738 scismata
532 1673 708 1739 scindencia
723 1674 856 1738 tunicam
870 1674 999 1747 Domini,
1013 1674 1253 1739 ecclesiasticam
1269 1674 1387 1739 scilicet

178 1783 346 1849 unitatem
360 1820 406 1832 -
429 1786 459 1846 et
485 1787 591 1846 contra
617 1781 693 1848 tales
720 1782 911 1866 scismaticos
938 1782 1089 1847 tacebitur
1114 1782 1239 1847 verbum
1265 1785 1388 1848 crucis?

202 1891 291 1957 Absit
311 1891 371 1955 hoc
392 1910 409 1953 a
431 1892 531 1955 crucis
558 1890 785 1973 possessoribus
808 1897 839 1954 et
855 1890 1036 1954 amatoribus
1064 1890 1206 1955 crucifixi.
1240 1891 1390 1973 Quocirca

197 1999 420 2064 discrecionem
446 2004 527 2063 tuam
553 2000 733 2064 monendam
760 2000 896 2064 duximus
925 2005 955 2063 et
981 1999 1175 2073 hortandam,
1208 2001 1384 2065 mandantes

195 2115 229 2173 et
244 2128 300 2191 per
320 2106 501 2171 immaculati
521 2107 592 2190 agni
612 2107 670 2172 Dei
686 2108 738 2195 a),
760 2108 811 2191 qui
832 2107 908 2172 tollit
923 2113 1054 2190 peccata
1077 2109 1189 2181 mundi,
1212 2109 1389 2191 sanguinem

204 2218 398 2282 innocentem
428 2221 460 2281 et
495 2220 623 2282 mortem
657 2218 829 2299 preciosam
865 2216 1001 2281 obnixius
1038 2218 1254 2300 deprecantes,
1291 2235 1328 2281 ac
1358 2217 1391 2280 in

201 2325 416 2390 remissionem
430 2326 638 2407 peccaminum
653 2325 856 2407 iniungentes,
873 2332 1091 2410 quatenusper
1112 2332 1143 2392 te
1164 2331 1197 2390 et
1216 2326 1292 2390 alios
1307 2325 1389 2389 uiros

198 2435 333 2518 ydoneos
365 2439 470 2498 contm
499 2434 634 2515 prefatos
666 2434 875 2498 ecclesiastice
902 2435 1041 2507 unitatis,
1072 2439 1106 2499 ut
1136 2455 1227 2518 supra
1251 2435 1389 2507 dumus,

198 2542 338 2607 inimicos
371 2540 537 2605 instancius
564 2542 743 2625 predicans,
772 2542 885 2606 clerum
912 2548 943 2607 et
968 2543 1108 2625 populum
1128 2546 1214 2626 regni
1235 2544 1389 2608 Alemanie

200 2650 318 2717 crebris
341 2650 606 2716 exhortacionibus
628 2658 660 2715 et
680 2652 800 2716 monitis
824 2641 1003 2716 salutaribus
1025 2658 1059 2715 et
1086 2652 1217 2718 assiduis
1248 2652 1389 2736 predica-

204 2760 342 2826 cionibus
358 2758 471 2824 adhoc
487 2760 631 2823 inducere
660 2765 792 2843 satagas,
822 2765 853 2823 ut
880 2766 1033 2843 assumpto
1062 2763 1161 2824 crucis
1189 2760 1342 2844 signaculo
1359 2759 1391 2822 in

200 2870 301 2936 animo
318 2874 350 2933 et
376 2872 408 2932 in
429 2874 515 2933 veste
531 2875 567 2952 b)
584 2875 688 2933 contm
714 2870 884 2952 predictum
907 2869 962 2933 Cb.
985 2874 1017 2933 et
1036 2870 1170 2933 fautores
1197 2890 1268 2933 suos
1291 2869 1392 2952 sepius

200 2984 382 3044 memoratos
394 2999 433 3044 ‘se
449 2977 610 3060 accingant
624 2983 764 3061 patenter
778 2977 893 3062 pariter
915 2985 946 3042 et
966 2983 1115 3061 potenter,
1138 2998 1198 3043 non
1219 2979 1392 3043 deserentes

199 3088 310 3154 talibus
342 3094 373 3152 et
402 3089 435 3151 in
465 3087 574 3152 talibus
606 3094 712 3153 contra
740 3088 847 3152 Deum.
894 3089 958 3153 Nos
989 3095 1089 3153 autem
1120 3091 1298 3154 auctoritate
1331 3105 1391 3172 qua

198 3198 354 3281 iungimur
380 3204 412 3263 et
440 3197 478 3261 de
506 3197 630 3280 speciali
656 3198 795 3263 mandato
824 3197 916 3261 divini
932 3198 971 3285 c)
986 3197 1147 3281 pontilicis,
1182 3198 1267 3262 cuius
1294 3199 1391 3262 vicem

97 3323 101 3330 ’
207 3308 297 3391 plene
313 3306 457 3389 gerimus,
473 3305 611 3370 omnibus
627 3326 749 3370 crucem
763 3305 893 3372 fideliter
907 3306 1133 3390 predicantibus
1149 3313 1181 3372 et
1195 3306 1392 3380 sumentibus,

206 3435 301 3500 seque
316 3413 516 3497 personaliter
532 3415 750 3498 opponentibus
773 3415 912 3498 predicto
924 3415 979 3479 Clu.
994 3420 1024 3478 et
1041 3414 1187 3498 predictis
1200 3415 1392 3488 scismaticis,

204 3525 263 3589 illis
280 3524 387 3595 eciam,
404 3523 454 3607 qui
471 3524 551 3588 iuxta
566 3524 740 3601 facultatem
755 3524 906 3607 propriam
928 3529 959 3588 et
980 3525 1164 3608 qualitatem,
1186 3524 1237 3607 qui
1260 3524 1317 3589 etsi
1333 3543 1393 3587 non

203 3632 416 3715 corporaliter,
437 3637 539 3697 manen
559 3633 593 3696 in
612 3631 751 3715 expensis
772 3633 902 3716 propriis
924 3632 1085 3697 bellatores
1106 3632 1239 3715 ydoneos
1256 3632 1393 3697 duxerint

205 3743 415 3814 destinandos,
441 3747 473 3806 et
500 3742 597 3806 eciam
612 3743 687 3815 illis,
715 3742 767 3826 qui
791 3742 823 3805 in
844 3743 981 3825 personis
1004 3741 1133 3825 propriis
1155 3742 1229 3806 licet
1243 3743 1274 3806 in
1290 3742 1394 3806 alienis

202 3851 360 3935 expensis,
392 3856 544 3933 assumpto
575 3851 674 3916 crucis
705 3851 880 3934 signaculo,
910 3850 1109 3935 personaliter
1130 3850 1277 3914 subierint
1307 3851 1388 3924 hunc

201 3961 348 4033 laborem,
363 3961 443 4024 iuxta
460 3960 632 4044 qualitatem
647 3961 773 4044 presidii
787 3968 818 4025 et
831 3960 998 4025 dilectionis
1011 3959 1162 4032 allectum,
1178 3960 1258 4022 illam
1272 3959 1393 4042 proprie

202 4069 426 4153 indulgenciam
442 4068 613 4168 elargimur,
630 4089 688 4153 que
706 4070 884 4134 conceditur
899 4069 968 4143 hiis,
984 4070 1034 4154 qui
1048 4074 1204 4135 transeunt
1220 4070 1295 4132 ultra
1311 4088 1393 4132 mare

203 4181 235 4244 in
252 4178 419 4243 subsidium
434 4182 516 4241 terre
532 4182 646 4241 sancte.

295 4374 329 4446 u)
343 4376 391 4432 osi
413 4394 455 4432 arn
477 4374 611 4431 Raode‘ll.
627 4408 657 4419 -
673 4372 704 4444 b)
728 4378 802 4432 reste
824 4377 873 4430 aul
887 4375 973 4431 Rasnr
995 4375 1025 4430 V.
1042 4404 1069 4415 ·
1086 4374 1118 4444 c)
1132 4373 1213 4429 alius:
1234 4374 1329 4431 summi
1349 4393 1390 4432 am

205 4468 297 4525 flando
309 4467 340 4524 v.
