3209 5392
1276 469 1324 550 77

133 659 234 723 autem
261 661 394 743 inportat
409 666 526 743 tempus
543 664 648 746 inquo
667 682 702 724 ea
717 664 797 725 facta
814 668 883 725 sunt
900 681 990 743 snper
1005 659 1112 742 quibus
1129 660 1215 722 litera
1232 656 1329 718 datur·

131 768 220 833 Solet
236 788 311 850 ergo
327 775 427 832 actum
442 769 585 851 precipue
609 770 701 833 scribi
723 770 755 832 in
775 769 872 833 literis
889 773 1106 838 contractuum,
1123 765 1174 829 ubi
1190 756 1332 827 videlicet

133 877 318 941 contrahens
336 884 366 941 et
382 878 408 939 is
425 897 492 941 cum
508 897 565 961 quo
583 880 768 943 contrahitur
783 886 901 943 mutuas
916 878 1029 942 habent
1044 876 1189 940 actiones.
1223 874 1332 936 Datum

134 1005 209 1049 vero
226 984 371 1051 scribitur
388 986 417 1049 in
433 985 528 1049 literis
545 988 715 1069 graciarum
732 994 762 1052 et
778 988 987 1058 donationum,
1003 992 1036 1049 ut
1051 989 1120 1047 sunt
1135 983 1221 1046 litere
1233 981 1333 1044 indul-

133 1093 292 1175 genciales
320 1101 352 1158 et
374 1102 538 1178 questuosa
566 1102 597 1160 et
623 1097 655 1160 in
681 1097 775 1160 literis
802 1094 1017 1178 procuratoriis
1034 1098 1066 1156 et
1082 1090 1263 1161 emissionis,
1280 1074 1332 1152 ubi

134 1202 216 1266 nulla
237 1202 317 1266 actio
341 1208 390 1266 est
411 1204 534 1270 inserta.
565 1205 599 1268 ln
623 1204 800 1287 quibusdam
821 1209 922 1268 tamen
943 1202 1039 1265 literis
1062 1207 1219 1283 utrumque
1241 1194 1334 1260 scribi

136 1310 232 1374 dehet
246 1312 308 1390 sic:
332 1319 432 1376 actum
449 1318 480 1376 et
496 1313 597 1375 datum
613 1333 690 1376 enno
707 1314 827 1377 Domini
843 1311 999 1375 millesimo
1015 1315 1087 1381 etc,
1104 1328 1173 1371 cum
1194 1306 1337 1370 videlicet

135 1419 169 1481 in
190 1419 279 1483 litera
300 1420 398 1503 aliqua
420 1420 499 1484 actio
521 1421 635 1502 agitata
657 1422 831 1504 exprimitur
852 1426 883 1483 st
903 1425 1020 1501 tempus
1036 1416 1245 1496 nichilominus
1261 1434 1337 1478 con·

140 1529 257 1611 scripte
272 1529 359 1593 litere
376 1527 509 1609 ignorari
525 1550 585 1593 non
601 1529 684 1594 licet.

555 1727 661 1769 Forma
675 1725 889 1791 credendarum
898 1727 935 1780 a).

647 1836 774 1883 Distiuclio
786 1838 845 1881 Xlll.

230 1972 333 2035 Litera
350 1973 511 2035 credencie
528 1971 625 2043 datur,
643 1972 761 2055 quando
773 1972 811 2045 is,
824 1972 874 2054 qui
887 1971 979 2033 mittit
990 1969 1135 2041 nuntium,
1149 1990 1208 2032 non
1220 1968 1281 2031 vult
1292 1967 1340 2028 vel

147 2100 202 2143 uon
225 2080 316 2143 audet
338 2087 457 2145 secreta
480 2101 532 2144 sua
554 2080 649 2144 literis
675 2080 867 2152 conmittere,
883 2080 992 2143 timens
1010 2077 1088 2161 quod
1104 2079 1192 2141 litere
1213 2081 1341 2158 possunt

145 2208 215 2251 casu
232 2188 328 2253 amitti
355 2188 402 2251 vel
427 2187 506 2270 legi,
534 2189 613 2251 unde
641 2188 790 2251 conmittit
805 2187 913 2251 nuncio
929 2187 961 2249 iu
983 2207 1016 2249 os
1041 2192 1071 2249 et
1085 2187 1117 2248 in
1132 2191 1238 2268 pectus
1255 2204 1340 2247 suum

142 2297 223 2381 quod
238 2297 319 2380 loqui
337 2296 446 2361 debeat
462 2302 492 2359 et
508 2312 650 2379 supereo
667 2298 719 2360 dat
735 2296 792 2359 sibi
809 2295 849 2383 b]
865 2296 982 2360 literam
1005 2295 1166 2357 credencie
1194 2300 1224 2357 ct
1236 2294 1340 2356 harum

141 2408 273 2470 formam
287 2406 403 2489 poteris
419 2408 550 2470 formare
566 2389 702 2469 breviter
716 2406 747 2468 in
763 2407 821 2469 hec
837 2405 948 2469 verba:

235 2515 344 2578 Frater
365 2516 401 2580 0.
418 2514 486 2578 talis
513 2514 572 2578 loci
599 2515 771 2597 prepositus
800 2514 910 2578 dilecto
938 2514 969 2577 in
992 2513 1111 2577 Christo
1138 2513 1190 2576 tali
1211 2528 1454 2595 personantem.

149 2624 279 2688 salntem
295 2645 363 2688 oum
380 2624 547 2688 omnimoda
571 2613 707 2687 caritate.
739 2624 930 2687 Discrecioni
952 2629 1052 2687 vestre
1074 2624 1198 2686 tratrem
1215 2623 1249 2685 H.
1268 2641 1343 2685 oon·

144 2754 267 2797 versum
284 2741 418 2798 nostrum
435 2754 503 2797 cum
518 2733 615 2798 literis
632 2733 792 2796 credencie
809 2732 847 2795 ad
869 2753 923 2796 vos
946 2733 1141 2804 destinamus,
1156 2738 1294 2814 petentes
1312 2737 1342 2794 et

145 2847 303 2925 rogantes,
334 2849 480 2926 quatenus
505 2842 536 2904 in
559 2842 618 2904 hiis
649 2861 706 2923 que
737 2862 773 2903 ex
801 2847 887 2923 parte
918 2847 1021 2924 nostra
1051 2840 1198 2912 retulerit,
1229 2841 1342 2903 curetis

144 2958 290 3035 tanquam
318 2950 405 3013 nobis
433 2951 508 3032 ipsis
538 2951 568 3013 in
593 2948 728 3013 omnibus
752 2948 841 3012 fidem
865 2949 1017 3013 credulam
1040 2949 1195 3013 adhibere.
1234 2949 1342 3012 Cetera

144 3063 227 3125 lator
243 3059 291 3142 ο).

542 3256 589 3299 Be
602 3253 669 3299 iure
683 3253 901 3299 advocatiarum
916 3256 952 3308 u).

597 3385 600 3391 .
651 3349 779 3395 Distinrtio
793 3350 852 3411 ΧΠ.

243 3486 408 3551 Sciendum
436 3491 534 3548 autem
551 3486 630 3567 quod
647 3486 811 3548 advocatus
827 3484 926 3548 multis
944 3484 1039 3547 modis
1057 3484 1167 3548 dicitur
1182 3491 1213 3549 et
1234 3485 1345 3549 intelli·

150 3598 244 3681 gitur,
259 3595 437 3679 quandoque
449 3594 498 3657 ille
510 3595 673 3657 advocatus
689 3601 824 3665 vocatur,
842 3593 891 3677 qui
904 3593 934 3656 in
946 3595 1011 3657 foro
1024 3594 1127 3657 iudicii
1144 3595 1345 3659 ecclesiastici

146 3705 275 3770 verbum
299 3705 432 3787 loquitur
455 3723 510 3786 pro
539 3711 641 3791 actore
664 3711 694 3767 et
718 3689 786 3766 reo.v
799 3707 897 3769 detor
918 3709 1043 3767 vocatur
1058 3703 1123 3775 ille,
1141 3705 1191 3787 qui
1209 3703 1346 3788 querelas

147 3820 250 3881 movet
272 3831 363 3894 super
378 3811 492 3895 aliquo;
517 3834 591 3877 rcus
606 3818 730 3876 vocatur
745 3812 811 3883 ille,
835 3817 940 3874 conus
958 3832 1046 3895 quem
1063 3814 1184 3895 querela
1201 3819 1346 3883 movetur,

150 3946 212 3989 non
240 3922 321 4007 quod
349 3940 469 4002 semper
496 3919 535 3983 sit
561 3941 648 3992 reus,
677 3921 732 3983 sed
760 3920 840 4002 quod
864 3927 949 3983 actor
975 3919 1087 3983 habeat
1113 3941 1180 3983 eum
1207 3941 1262 4004 pro
1283 3942 1347 3983 reo.

152 4032 339 4115 Quandoque
379 4028 469 4092 etiam
500 4029 663 4093 advocatus
701 4029 865 4093 secundum
904 4030 1150 4092 consuetudinem
1184 4030 1348 4114 aliquarum

151 4142 312 4224 regionum
323 4144 448 4202 vocatur
459 4138 525 4220 ipsc
538 4138 636 4210 iudex,
653 4138 755 4202 sicut
776 4144 831 4201 est
853 4138 889 4200 in
905 4135 1075 4201 Moravia
1092 4140 1349 4211 consuetudo;

154 4248 361 4334 aliquandoe)
373 4247 535 4310 advocatus
552 4253 677 4310 vocatur
692 4245 751 4319 ille,
768 4247 820 4330 qui
838 4267 873 4309 er
889 4247 987 4330 aliqua
1004 4259 1094 4311 causa
1109 4253 1229 4312 tenetur
1245 4250 1351 4314 defeu-

156 4361 227 4423 derc
256 4357 404 4421 ecclesias
433 4360 462 4418 et
488 4356 698 4437 possessiones
722 4375 841 4428 earum,
869 4357 915 4419 vel
938 4357 1060 4442 viduas,
1087 4357 1133 4419 vel
1155 4377 1351 4443 quoscunque

158 4470 305 4540 homines,
321 4466 467 4530 habentes
485 4465 676 4529 detensiones
693 4465 900 4537 necessarias,
925 4465 1004 4528 sicut
1024 4464 1177 4548 principes
1200 4468 1352 4531 seculares

161 4585 189 4643 et
205 4597 310 4642 eorum
324 4574 486 4639 vicariillt
501 4573 576 4637 tales
593 4574 729 4638 advocati
746 4574 844 4657 aliqua
857 4574 920 4636 iura
933 4574 1093 4639 vendicant
1109 4575 1166 4639 sibi
1182 4576 1213 4639 in
1229 4596 1353 4658 posses-

215 4706 248 4773 α)
264 4704 331 4757 uiso.
346 4701 409 4754 ulv.
420 4701 493 4770 -b)
509 4701 532 4754 ei
551 4702 578 4754 Z.
588 4701 794 4769 -o)cet.lator
808 4700 1002 4769 tanltv.-d)
1017 4701 1181 4756 uist.xv.-
1193 4702 1311 4770 e)etiam
1324 4705 1351 4757 Z.
