3209 5392
1302 511 1378 581 313

271 681 333 745 Vos
348 683 450 766 itaque
467 702 642 766 quesumus,
669 692 755 769 pater
772 691 888 757 sancte,
913 684 1059 765 suscipite
1076 682 1167 746 lilium
1186 684 1382 765 singularem,

181 809 270 872 quem
293 790 397 871 procul
421 790 511 855 dubio
536 793 679 856 seneietis
704 793 885 875 intrepidum
909 791 1013 856 matris
1038 792 1169 854 ecclesie
1193 792 1326 875 pugilem
1352 798 1382 855 et

182 897 326 961 invictum
348 897 420 961 tidei
436 898 588 962 katholico
614 901 813 964 defensorem.
846 902 1026 964 Processum
1049 920 1120 962 vero
1144 906 1205 963 tam
1228 900 1296 970 rite,
1321 906 1381 963 tam

182 1004 323 1085 provide,
352 1011 414 1068 tam
430 1011 546 1069 mature
575 1007 612 1070 de
641 1008 708 1089 ipso
737 1008 781 1070 sic
806 1008 957 1081 habitum,
986 1009 1124 1089 graciose
1149 1005 1381 1089 approbacionis

182 1113 328 1195 applausu
355 1112 493 1177 benivolo
522 1122 758 1199 prosequentes,
788 1137 823 1179 ac
853 1137 889 1178 ex
917 1115 1051 1179 affluenti
1079 1121 1204 1197 paterne
1222 1115 1381 1178 dulcedine

183 1222 304 1303 pietatis
322 1243 396 1305 opus
412 1223 605 1306 perficientes
622 1227 678 1289 Dei
695 1227 726 1288 in
749 1227 832 1308 ipso,
858 1227 1002 1298 eundem,
1028 1247 1095 1289 cum
1111 1232 1211 1288 vestre
1229 1223 1381 1287 sanctitati

181 1329 329 1411 placuerit
353 1338 384 1395 et
406 1332 504 1395 visum
528 1335 617 1396 suerit
634 1341 844 1416 opportunum,
869 1334 907 1397 ad
930 1334 1093 1416 imperialis
1112 1333 1225 1413 lastigii
1244 1332 1381 1395 diadema

183 1439 347 1521 dignemini
374 1441 611 1505 misericorditer
638 1462 783 1514 evocare,
813 1448 845 1505 ut
869 1442 966 1505 sciant
991 1447 1021 1504 et
1048 1440 1216 1523 intelligant
1240 1438 1382 1512 universi,

183 1548 263 1630 quod
293 1550 430 1630 posuerit
461 1570 514 1613 vos
546 1552 577 1612 iu
608 1551 707 1614 lucem
739 1551 880 1632 gencium
919 1550 1081 1622 Dominus,
1126 1555 1158 1613 ut
1195 1569 1250 1632 per
1280 1555 1381 1612 vestre

183 1650 381 1721 discrecionis
416 1660 571 1723 arbitrium
605 1666 686 1724 terre
718 1661 758 1745 a)
789 1667 859 1743 post
893 1660 1026 1724 nubilum
1062 1665 1200 1742 exoptata
1232 1659 1382 1722 serenitas

184 1766 350 1831 illucescat.

272 1893 319 1946 Eia
343 1893 470 1948 lriirzeres
489 1895 640 1950 schreiben
660 1894 782 1963 gleichen
803 1895 905 1948 luhalts
930 1911 981 1947 von
1001 1894 1084 1947 einem
1104 1894 1204 1947 andern
1224 1893 1382 1947 llurir'irsteu

183 1983 242 2054 (die
261 1983 365 2053 dortige
384 1974 553 2040 llbersehrilt
571 1985 749 2056 Eugelbertus
770 1985 891 2056 archiep.
912 1983 1005 2039 Color.
1026 1991 1077 2037 etr.
1098 1984 1142 2046 ist,
1166 1985 1216 2036 wie
1236 1983 1284 2037 der
1297 1984 1382 2037 lnlmlt

184 2076 298 2145 ergiebt,
312 2074 413 2144 faloch)
427 2075 510 2131 findet
522 2078 579 2131 sicli
596 2076 637 2129 bei
652 2076 786 2131 Bodmauu
800 2094 826 2146 p.
842 2075 867 2130 6.

763 2229 825 2300 14.

484 2370 590 2433 luctus
606 2370 777 2435 montellum
792 2369 830 2432 de
847 2369 1001 2434 abbatissa
1020 2388 1086 2433 sna.

307 2490 467 2561 Ktuqebrief
475 2508 523 2546 oon
537 2490 806 2546 Ktoeterecbweetero
819 2492 884 2546 tiber
897 2493 949 2546 deu
967 2492 1022 2545 Tod
1034 2489 1111 2547 ihrer
1123 2480 1252 2546 ulbtieein.

272 2601 422 2683 Lugubris
431 2607 611 2684 exsurgente
624 2602 750 2666 meroris
764 2603 869 2666 aculeo
883 2623 942 2667 non
955 2602 1020 2665 sine
1028 2601 1100 2666 fletu
1108 2602 1211 2664 llerem
1219 2601 1271 2689 b),
1285 2608 1381 2666 mesto

178 2710 398 2775 consolacionis
415 2712 611 2795 aggredimur
627 2718 658 2775 et
675 2712 889 2797 questionibus
905 2712 1051 2776 luctuosis
1069 2712 1108 2799 e)
1125 2712 1237 2776 funesti
1253 2712 1381 2775 rumoris

168 2814 398 2901 ¹prorumpimus
423 2820 462 2884 ad
487 2827 635 2892 narratus,
660 2821 741 2905 quod
769 2820 913 2884 videlicet
938 2821 1073 2884 matutini
1091 2820 1199 2884 sideris
1218 2821 1381 2902 speculum,

182 2927 268 2992 cuius
298 2930 337 2991 in'
361 2929 464 3011 specie
495 2950 567 2993 vere
597 2931 673 2992 lueis
705 2930 876 3013 ymaginem
909 2929 1102 2999 mirabamur,
1126 2928 1239 2993 visibus
1270 2929 1382 2993 nostris

185 3037 322 3109 evanuit,
354 3037 479 3102 baculus
508 3038 661 3120 religionis
690 3039 819 3110 interiit,
851 3039 1051 3121 professionis
1080 3044 1183 3104 nostre
1212 3038 1383 3103 uehiculum

183 3146 278 3228 procb
291 3147 390 3212 dolor!
407 3146 536 3211 stadium
548 3141 636 3212 huius
649 3148 913 3231 peregrinacionis
928 3148 1029 3221 exirit,
1047 3149 1116 3212 dum
1133 3148 1253 3212 domina
1268 3155 1381 3220 nostra,

183 3256 242 3320 dux
258 3261 360 3319 nostra
375 3255 556 3320 venerabilis
575 3262 605 3320 et
620 3259 783 3338 magistra,
808 3278 864 3341 per
880 3256 1112 3320 disiunctionem
1130 3257 1258 3321 earnalis
1275 3259 1383 3340 copule

187 3363 225 3428 ad
238 3365 341 3427 mortis
353 3366 505 3428 interitum
519 3370 655 3438 evocata,
669 3385 764 3447 nuper
776 3366 815 3428 ad
832 3367 935 3446 sponsi
953 3366 1064 3448 syderii
1082 3366 1123 3446 d)
1140 3366 1300 3429 thalamum
1313 3367 1383 3429 letis

187 3454 330 3555 auspiciis
348 3473 484 3537 evolavit.
513 3475 636 3539 Volatus
654 3474 739 3537 cuius
757 3475 855 3537 festus
873 3480 903 3537 et
920 3474 1059 3546 celebris,
1077 3480 1183 3555 utpote
1200 3474 1237 3537 de
1251 3466 1383 3539 terrenis

186 3581 307 3645 habitus
320 3581 358 3644 ad
371 3603 522 3664 suprema,
539 3582 577 3645 ab
595 3581 698 3645 umbra
715 3582 854 3663 caliginis
871 3584 909 3646 ad
927 3603 1065 3654 corusca,
1089 3584 1161 3647 licet
1177 3584 1384 3666 spiritualibus

187 3689 327 3754 sensibus
344 3698 489 3773 suggerat
506 3692 633 3774 gaudia,
657 3693 862 3775 temporaliter
884 3698 985 3758 tamen
1002 3692 1139 3756 eluvione
1156 3692 1255 3756 luctus
1272 3694 1385 3757 luminu

186 3801 406 3881 precoulundit.
439 3803 578 3884 Dumque
602 3801 745 3884 voluptati
771 3822 896 3883 gressus
922 3801 1031 3883 eripuit
1055 3808 1085 3864 et
1109 3802 1213 3866 salutis
1231 3802 1340 3866 direxit
1355 3802 1386 3866 in

188 3909 341 3982 semitam,
369 3910 445 3973 beu!
469 3915 540 3973 tunc
563 3915 682 3974 nostros
705 3911 866 3995 dereliquit
882 3915 1042 3993 aspectus,
1070 3931 1129 3973 non
1146 3911 1386 3992 promerentibus

185 4020 263 4082 torte
280 4024 382 4082 nostre
398 4019 626 4102 inperfectionis
642 4019 786 4084 reatibus.
816 4019 933 4084 Placuit
948 4018 1075 4083 Domino
1092 4022 1199 4101 pocius
1217 4040 1282 4083 eam
1301 4020 1384 4083 soliis

187 4128 330 4192 claruisse
364 4129 527 4194 celestibus
559 4131 720 4213 gloriosam
748 4150 838 4215 quam
866 4130 1035 4211 graciosam
1063 4129 1217 4194 sororibus
1249 4131 1383 4195 terrenis

187 4237 263 4302 ultra
279 4236 402 4301 sedibus
419 4238 593 4321 possedisse
610 4239 658 4326 e).

278 4400 589 4467 conuitiorum,
612 4403 660 4456 mit
681 4401 823 4456 derselben
846 4390 1023 4467 llbersohrilt
1046 4402 1095 4457 wie
1118 4401 1183 4458 bier.
1206 4404 1283 4459 Perta
1301 4402 1384 4459 aren,

187 4491 213 4555 7,
227 4491 289 4545 908.

277 4642 311 4711 α)
333 4644 388 4696 orbi
409 4648 481 4698 torre
499 4645 527 4698 b.
543 4674 573 4683 -
589 4644 619 4712 b)
638 4644 729 4699 fierem
748 4642 774 4696 Z.
793 4674 821 4683 -
837 4645 869 4714 r)
888 4644 1033 4698 luctisonis
1054 4642 1082 4697 Z.
1097 4674 1130 4682 -
1146 4645 1182 4712 d)
1196 4642 1292 4698 siderei
1308 4642 1336 4695 71.
1349 4670 1387 4685 -

187 4732 219 4800 e)
235 4734 388 4804 presedisse
402 4736 429 4788 Z.
