3209 5392
1280 493 1358 562 ata

166 669 195 721 et
214 667 342 728 Moravia,
362 665 458 721 eastris
475 670 527 719 etc.
544 694 572 703 -
589 663 622 736 g)
640 667 723 720 Porro
737 666 761 720 ei
775 667 821 736 qui
835 667 1012 736 dignabuntur
1025 667 1072 719 Dei
1086 666 1213 735 obsequio
1227 669 1255 718 et
1268 669 1359 719 nostro

164 759 306 815 succursui
318 774 378 810 sese
393 758 499 818 offerre,
513 756 545 810 de
559 774 607 810 suo
622 774 669 811 uos
683 757 830 812 certificent
843 757 1003 818 aduentuut
1014 758 1038 810 in
1051 755 1170 811 confiniis
1184 755 1260 825 regni
1275 756 1357 809 nostri

166 865 217 903 eoo
231 848 378 901 honorifice
391 847 475 918 recipi
493 847 628 901 faciamus.
654 848 787 918 Quidquid
812 865 874 900 raro
895 849 966 901 lator
980 848 1150 918 presencium
1165 844 1190 900 in
1206 847 1289 900 nostri
1302 847 1359 900 vice

163 938 253 993 nuncii
269 939 375 998 dixerit,
388 937 467 992 fidem
480 942 507 992 et
520 939 686 992 credenciam
700 940 722 991 ei
737 939 878 1008 dignemini
892 939 1028 993 adbibere.
1043 939 1145 991 flatrum.

737 1143 772 1214 3.

413 1284 545 1367 legistrl
560 1286 698 1350 friderici
715 1288 833 1351 abbatis
851 1284 1053 1350 (lerstnrerelo
1074 1282 1110 1370 ¹).

636 1407 708 1461 1276
727 1408 796 1464 oder
814 1408 894 1463 1277.

161 1520 217 1573 Der
238 1518 288 1571 Aba
309 1512 452 1570 Friedrich
474 1532 521 1569 con
547 1517 660 1570 Garaten
682 1517 765 1572 todelt
785 1517 831 1572 die
847 1517 997 1585 Minoriteo,
1018 1518 1083 1572 dcco
1100 1518 1140 1573 aie
1157 1515 1215 1573 ried
1236 1517 1263 1571 ire
1277 1520 1358 1584 Eone,

160 1607 317 1679 pependere
337 1605 561 1660 ausdrdclclr'cden
588 1606 683 1660 Wifleo
706 1609 755 1661 dea
772 1609 895 1662 Deccnea
920 1608 969 1662 der
987 1607 1106 1678 dorte‘pen
1127 1607 1231 1671 ffercbe,
1253 1608 1360 1662 ededer-

160 1686 359 1769 pcloaaenund,
382 1706 460 1750 under
472 1695 725 1768 Beccadedeile‘punp
742 1699 792 1751 der
811 1700 872 1752 dort
897 1698 992 1753 derecte
1010 1716 1202 1769 unpcceooenen
1219 1698 1359 1754 Geistlicb·

442 1787 505 1850 teir,
526 1785 572 1840 die
585 1787 726 1859 Seelaorpe
738 1805 772 1841 on
784 1785 843 1841 cieb
855 1788 977 1859 pere'scen
989 1786 1081 1843 boden.

259 1931 491 1996 Honorabilibus
507 1931 538 1994 in
555 1914 674 1996 Christo
691 1933 836 1996 fratribus
854 1935 1021 1997 Minoribus
1043 1935 1122 2017 apud
1138 1935 1269 1999 dnesum
1286 1954 1360 1997 con-

124 2116 127 2121 ·
167 2043 280 2108 stitutis
308 2042 342 2104 Ε.
362 2042 414 2127 a),
441 2041 641 2104 miseracione
671 2041 772 2104 divina
801 2043 974 2105 Gerstensis
1008 2042 1138 2106 ecclesie
1171 2044 1282 2117 abbas,
1315 2043 1360 2108 sic

165 2150 433 2236 predicacionibus
455 2156 486 2214 et
514 2150 756 2214 confessionibus
780 2150 967 2225 habundare,
989 2151 1069 2236 quod
1084 2152 1166 2217 salus
1182 2173 1242 2215 non
1256 2156 1361 2235 pereat

165 2262 347 2325 animarum!

254 2371 406 2455 Eloquens
439 2370 572 2433 sciencia
603 2389 663 2454 qua
696 2370 823 2453 vigetis,
858 2371 1019 2455 aliquando
1047 2391 1162 2453 ponens
1193 2390 1247 2435 vos
1278 2375 1362 2434 extra

1368 1311 1413 1351 ror.
1423 1311 1448 1352 ta
1456 1310 1477 1353 b.

166 2478 311 2544 terminos
341 2476 491 2549 karitatis,
519 2482 635 2541 tantum
664 2479 716 2543 dat
737 2477 856 2563 spiritui
878 2484 980 2542 uestro
1001 2486 1125 2552 motum,
1147 2479 1231 2542 utin
1253 2480 1362 2543 vestris
1386 2517 1392 2530 ·

168 2585 433 2673 predicacionibus
457 2587 617 2669 dignitates
648 2587 873 2672 antiquissimas
903 2587 1087 2671 prelatorum
1121 2593 1152 2651 et
1186 2587 1363 2652 clericorum

169 2699 294 2762 aliorum
323 2693 423 2758 officia
451 2695 635 2769 deformatis,
663 2697 749 2780 quasi
777 2696 865 2758 nullis
895 2696 962 2758 aliis
984 2697 1131 2760 hactenus
1155 2698 1194 2760 sit
1216 2717 1363 2762 concessa

167 2807 296 2872 facultas
308 2804 462 2889 loquendi,
479 2805 607 2878 sciendi,
625 2806 804 2869 consulendi
822 2825 857 2869 ac
875 2806 1001 2889 regendi
1018 2805 1137 2889 plebem
1149 2806 1291 2880 fidelium,
1304 2806 1363 2869 nisi

169 2915 265 2980 uobis.
299 2916 338 2978 Et
353 2915 413 2978 hoc
428 2934 535 2998 parum
552 2915 671 2979 omnino
688 2916 775 2978 nobis
792 2921 823 2979 et
839 2915 939 2978 multis
957 2915 1023 2978 aliis
1041 2914 1203 2988 uideretur,
1223 2917 1251 2979 si
1265 2916 1363 2979 latens

171 3026 331 3097 detractio,
353 3032 497 3108 tanquam
518 3026 634 3108 anguis
658 3046 717 3088 non
739 3032 875 3108 serperet
897 3027 929 3088 in
952 3024 1074 3088 auribus
1091 3026 1254 3108 laycorum.
1289 3028 1363 3100 Sed,

170 3142 204 3200 ut
233 3136 269 3199 de
300 3133 359 3196 hiis
388 3138 418 3195 et
446 3133 593 3196 similibus
619 3133 775 3197 silencium
802 3133 978 3205 habeamus,
1001 3133 1040 3195 ad
1061 3154 1188 3216 presens
1211 3155 1301 3198 unum
1318 3139 1365 3197 est

169 3247 249 3309 inter
273 3248 375 3306 cetera
403 3242 587 3325 principale,
620 3242 699 3325 quod
717 3243 753 3304 de
770 3242 905 3305 sciencia
934 3262 1035 3305 coram
1065 3243 1144 3307 omni
1171 3243 1282 3326 populo
1309 3263 1363 3307 uos

168 3352 310 3417 extollitis
327 3356 432 3414 contra
449 3350 654 3414 modicitatem
670 3351 824 3414 literarum
841 3357 1011 3415 nostrarum
1028 3356 1059 3414 et
1076 3351 1206 3414 omnium
1228 3352 1364 3424 aliorum,

168 3462 253 3535 curn,
275 3460 301 3524 si
317 3459 431 3524 karitas
454 3460 576 3522 adesset
598 3458 701 3532 uobis,
724 3460 913 3523 inflacionem
941 3458 1112 3524 huiusmodi
1135 3465 1236 3523 uestra
1257 3479 1366 3543 magna

169 3571 303 3635 sciencia
320 3589 379 3632 non
395 3569 522 3631 haberet
540 3567 579 3655 2).
598 3569 653 3631 Est
676 3571 754 3631 enim
777 3570 912 3633 sciencia
934 3568 1000 3632 sine
1024 3569 1151 3632 karitate
1174 3568 1286 3639 fauilla,
1309 3587 1364 3630 nec

170 3679 291 3745 edificat
304 3684 350 3742 set
363 3680 401 3759 b)
418 3678 556 3749 destruit,
575 3697 633 3740 non
650 3677 741 3762 erigit
758 3677 909 3741 edificium
926 3684 973 3741 set
990 3677 1147 3740 consumit.

260 3791 329 3853 Non
349 3791 475 3851 miretur
497 3794 599 3852 uestra
621 3808 714 3871 sagax
736 3788 904 3871 prudencia
926 3789 973 3852 rel
990 3788 1121 3871 prudens
1138 3789 1291 3870 sagacitas
1307 3787 1365 3850 ullo

169 3899 270 3969 modo,
289 3898 369 3983 quod
386 3897 473 3960 nobis
491 3896 631 3979 displicet
647 3902 749 3959 vestra
765 3898 899 3960 intencio
924 3897 961 3959 de
983 3901 1145 3967 structura,
1163 3915 1251 3979 quam
1266 3894 1366 3958 facitis

171 4013 279 4072 contra
302 4007 486 4070 voluntatem
509 4005 566 4068 uiri
589 4003 785 4075 honorabilis,
809 4005 928 4068 seilicet
953 4005 1060 4070 decani
1082 4003 1209 4069 rectoris
1238 4003 1367 4066 ecclesie

264 4136 298 4202 a)
313 4134 342 4187 F.
355 4151 389 4187 nu
402 4134 475 4187 lesen
489 4129 686 4202 (fridericus).
706 4162 741 4171 —
754 4131 785 4198 b)
798 4132 851 4184 sic!

172 4256 499 4284 'm

202 4359 225 4420 ¹)
239 4362 324 4408 Dieacr
335 4361 403 4407 Brief
413 4361 445 4405 ist
458 4360 501 4405 der
514 4357 608 4419 cinzigc
621 4371 720 4404 unsercr
733 4358 876 4417 Sammlung‚
890 4358 969 4403 dorin
983 4357 1001 4401 Z
1014 4356 1082 4402 fehlt.

201 4450 226 4509 ²)
240 4453 323 4498 flieffrr
348 4453 415 4512 giebt
432 4452 553 4497 Mathaeur
565 4451 630 4497 Paris
649 4451 689 4496 ed.
700 4450 799 4496 London
820 4447 927 4494 tedoad
947 4461 969 4493 a.
989 4446 1050 4493 124⁰
1069 4462 1092 4505 p.
1111 4446 1159 4492 aar
1177 4447 1247 4491 einen
1261 4446 1366 4492 interes·
1460 4460 1467 4471 ·

247 4545 330 4589 senten
348 4542 431 4603 Belcg:
456 4573 506 4587 ...
524 4541 692 4588 Prodicatores
710 4572 716 4585 .
731 4572 758 4585 ..
777 4554 803 4585 se
822 4541 960 4599 ingerentes
981 4538 1050 4584 nimis
1068 4537 1216 4594 impudenter
1228 4537 1366 4595 rogitabant

247 4634 356 4697 singulos
370 4635 440 4680 etiam
453 4646 510 4691 repe
523 4633 588 4678 viror
600 4631 743 4691 religiosos:
758 4644 815 4677 esne
828 4629 968 4678 confessus!
983 4628 1071 4686 Quibus
1084 4627 1105 4673 si
1119 4639 1255 4684 responsum
1269 4628 1366 4673 fuisset:

250 4727 327 4771 etlam.
340 4724 402 4769 -Α
415 4725 479 4782 quot
492 4745 525 4753 -—
539 4726 558 4767 Α
571 4721 695 4767 sacerdote
709 4734 768 4765 meo.
782 4746 813 4755 -
826 4722 855 4766 nt
868 4721 920 4778 quis
934 4718 974 4764 ille
988 4717 1078 4763 idiota?
1092 4730 1209 4775 nunquam
1221 4718 1366 4776 theologiam
