3209 5392
235 494 312 564 226
413 526 416 530 ’

231 665 396 737 involucro,
413 665 488 728 lidos
505 666 677 729 evidencior
693 665 856 736 habeatem
873 684 947 727 coco
962 665 1042 748 quod
1057 666 1137 729 bona
1152 665 1212 729 lide
1228 668 1428 748 promittimus

230 778 264 835 et
284 773 324 834 ad
344 773 405 835 boe
430 793 485 837 aos
507 778 613 836 tenore
629 772 819 854 presencium
844 772 1030 853 obligamus,
1058 772 1139 855 quod
1162 791 1217 834 nos
1234 773 1272 835 ab
1290 773 1428 837 omnibus

231 878 299 953 aliis
321 878 550 961 quibuscunque
574 877 800 942 difficultatibus
824 878 924 940 taliter
947 878 1096 959 explicare
1121 879 1322 959 disponimus,
1346 882 1427 963 quod

227 986 262 1047 in
275 986 409 1066 proximo
437 1005 516 1049 nunc
531 985 655 1049 instanti
682 986 761 1048 testo
783 984 1015 1048 resurrectionis
1044 983 1193 1048 dominice
1217 986 1298 1049 iuxta
1324 994 1426 1049 vestre

230 1092 427 1156 beatitudinis
458 1094 600 1175 placitum
631 1113 648 1155 e
675 1091 805 1173 vestigio
837 1092 876 1153 ad
908 1105 1049 1154 coronam
1076 1092 1193 1173 imperii
1215 1093 1425 1173 procedemus.

198 1202 356 1282 ,insuper
381 1200 534 1264 sanctitati
559 1206 659 1264 vestre
684 1217 740 1281 vpro
767 1201 893 1263 materia
920 1199 1082 1281 oongaudii
1110 1196 1261 1281 amplioris
1292 1200 1426 1264 duximus

227 1309 408 1373 fiducialiter
434 1308 663 1380 declarandum,
691 1309 772 1390 quod
800 1307 955 1371 ordinator
982 1308 1058 1370 casti
1088 1308 1204 1372 consilii
1228 1313 1259 1370 et
1274 1316 1425 1373 rectarum

226 1418 396 1499 dispositor
410 1416 592 1479 voluntatum
609 1434 664 1477 nos
679 1433 748 1477 oum
764 1413 923 1495 magnifico
940 1414 1093 1496 principe,
1116 1434 1212 1495 rege
1235 1413 1426 1478 videlicet

229 1523 410 1593 Francis,
433 1524 478 1584 sie
495 1523 681 1586 uniformiter
696 1521 901 1593 concordavit,
919 1522 998 1603 quod
1014 1522 1090 1585 alter
1106 1528 1241 1586 nostrum
1256 1522 1287 1584 in
1302 1523 1425 1586 alterius

226 1630 383 1712 dampnis,
408 1628 541 1708 comodis
566 1635 597 1692 et
619 1628 785 1692 incomodis
810 1609 922 1690 factum
945 1628 1097 1709 proprium
1120 1628 1234 1690 versari
1258 1629 1378 1691 estimet
1394 1634 1425 1690 et

226 1758 316 1801 suurn
332 1737 465 1820 speciale
488 1741 608 1818 reputet
631 1736 788 1799 interesse.
818 1736 951 1816 Nuper
974 1736 1126 1818 quidem
1149 1734 1261 1798 nobis
1287 1754 1424 1798 conve-

229 1844 427 1907 nientibus
452 1849 484 1906 et
508 1843 569 1906 leta
594 1842 802 1924 spectantibus
830 1840 964 1913 visione,
991 1842 1044 1905 tali
1072 1846 1206 1922 tempore
1234 1846 1325 1923 atque
1340 1842 1420 1915 loco,

229 1952 385 2014 uniuersas
409 1955 440 2013 et
465 1949 601 2030 singulas
621 1948 839 2031 promissiones
862 1969 916 2011 seu
940 1948 1151 2011 ordinaciones
1179 1947 1343 2010 hincinde
1368 1961 1424 2029 per

231 2064 353 2121 nostros
368 2057 558 2121 consiliarios
575 2057 703 2119 dirersis
720 2055 905 2138 temporibus
922 2055 1090 2126 inchoatas,
1114 2060 1145 2117 et
1165 2054 1286 2118 tandem
1309 2055 1423 2118 nnius*

228 2184 288 2247 que
310 2171 444 2228 nostrum
471 2164 643 2246 patentibus
665 2164 761 2227 literis
783 2163 983 2245 approbatas,
1011 2180 1066 2224 nos
1089 2162 1175 2224 ambo
1197 2177 1288 2242 reges
1310 2162 1424 2243 pariter

230 2272 386 2335 constituti
401 2277 482 2335 ratas
500 2277 532 2334 et
547 2277 650 2351 gratas
674 2270 786 2332 babere
811 2276 841 2332 et
862 2274 1007 2351 perpetuo
1029 2283 1210 2332 conservare
1231 2268 1423 2349 promisimus

229 2379 289 2442 lide
310 2380 381 2443 data
402 2379 478 2442 alter
501 2378 539 2442 ab
572 2379 666 2441 altero
689 2378 883 2448 manualiter,
912 2396 1001 2459 quam
1023 2376 1091 2438 vice
1108 2381 1139 2438 et
1152 2376 1219 2438 loeo
1236 2375 1422 2458 prestitimus

229 2486 419 2549 sacramenti.
438 2487 502 2548 Hoc
519 2485 616 2547 eciam
631 2485 670 2548 de
694 2485 844 2547 communi
863 2483 1029 2547 adiecimus
1051 2483 1214 2554 voluntate,
1236 2484 1317 2565 quod
1331 2483 1376 2569 a)
1391 2487 1423 2545 in

228 2594 331 2656 litibus
347 2598 379 2655 et
393 2591 615 2675 questionibus,
633 2592 664 2654 in
679 2591 767 2654 bellis
784 2590 914 2673 publicis
932 2611 987 2654 seu
1002 2590 1127 2672 privatis
1150 2596 1242 2673 atque
1259 2591 1420 2654 occasione

228 2700 415 2783 quantalibet
430 2720 466 2763 ex
482 2719 561 2762 nunc
576 2700 623 2761 vel
639 2699 670 2761 in
685 2705 775 2762 antea
790 2699 916 2762 fortuitu
928 2698 1115 2780 inpellemur,
1128 2718 1203 2760 unus
1217 2697 1343 2761 alterum
1359 2703 1421 2760 tam

228 2808 359 2871 fideliter
381 2826 470 2890 quam
492 2806 617 2869 viriliter
633 2805 795 2877 adiuvabit,
817 2826 875 2869 neo
898 2805 974 2869 alter
995 2805 1060 2868 sine
1083 2806 1205 2868 alterius
1227 2804 1420 2887 beneplacito

230 2920 261 2978 et
277 2935 427 2978 consensu
444 2934 512 2977 oum
525 2913 696 2977 huiusmodi
708 2912 887 2976 torbacione
900 2918 1034 2993 treugas,
1046 2931 1152 2993 paoem
1170 2912 1217 2974 vel
1229 2912 1421 2975 concordiam

230 3020 411 3093 celebrabit,
440 3041 497 3084 nec
525 3021 563 3083 de
590 3021 649 3083 hiis
672 3025 834 3084 tractatum
855 3019 980 3083 babebit
986 3040 996 3090 ;
1027 3018 1065 3082 ad
1088 3019 1168 3101 quod
1190 3019 1351 3101 presertim
1367 3040 1421 3082 nos

229 3130 419 3193 astrinximus
447 3129 503 3192 sub
533 3129 669 3192 eiusdem
696 3127 766 3190 lidei
794 3128 967 3209 sponsione.
988 3127 1104 3190 Cetera
1125 3127 1218 3198 lator,
1248 3127 1297 3190 cui
1318 3148 1422 3191 aurem

227 3237 423 3300 beatitudinis
446 3236 621 3308 clemencia,
650 3255 753 3297 amem
776 3235 890 3321 fauoris
913 3240 944 3298 et
966 3234 1128 3297 eredenoie
1153 3240 1296 3316 tanquam
1318 3241 1421 3298 nostro

229 3346 448 3428 specialissimo
464 3345 593 3426 petimus
611 3344 756 3408 exhiberi.

319 3503 426 3575 Gregor
444 3505 475 3557 X.
496 3505 569 3557 batte
587 3520 635 3557 nur
649 3505 867 3574 Kaiserkrbnung
881 3503 992 3557 Rudolfs
1015 3481 1203 3573 urspringlich
1222 3502 1419 3558 (111111111ὴοί-

230 3594 357 3664 ligensest
377 3593 446 3647 1276
466 3594 607 3647 bestimmt
630 3595 746 3663 Pnlaoky
763 3594 820 3647 Ital.
836 3594 915 3647 Reise
932 3592 1149 3665 14111352.
1174 3593 1284 3663 Spttor,
1305 3595 1351 3647 bei
1372 3595 1421 3649 der

231 3683 463 3739 zusammenlrunft
480 3684 527 3737 mit
539 3685 641 3748 Rudolf
656 3702 687 3737 nn
707 3685 858 3745 Leusonna,
876 3684 966 3738 wurde
985 3684 1010 3736 in
1031 3672 1289 3753 Ubereinslimmung
1305 3685 1352 3737 mit
1371 3685 1421 3736 den

229 3775 381 3830 Winscben
393 3773 505 3827 lludolts
518 3773 566 3827 dor
578 3773 685 3827 Tarmia
698 3775 746 3827 aul
756 3774 898 3843 Ptingsten
912 3771 983 3826 1276
998 3771 1171 3825 verschoben.
1191 3773 1261 3841 Papa
1283 3772 1341 3842 regi
1355 3789 1421 3826 con-

227 3867 345 3929 snlerat,
364 3869 393 3917 ot
405 3865 514 3917 Romam
527 3864 561 3917 ad
574 3864 672 3917 festum
686 3864 879 3934 penthecostes
893 3863 945 3934 (21
960 3864 1009 3916 bisi
1025 3862 1112 3933 1276)
1127 3880 1188 3916 enm
1201 3862 1304 3915 duobus
1318 3863 1420 3915 milibus

227 3956 335 4007 militum
348 3953 458 4013 veniret,
477 3957 506 4006 ut
519 3971 579 4008 enm
592 3955 617 4007 in
630 3954 819 4024 imperatorem
833 3955 1006 4007 Romanorum
1019 3953 1166 4007 solenniter
1178 3957 1329 4007 coronaret.
1350 3950 1418 4004 dnn.

233 4041 580 4106 Basilicnsesll.G.SS.17‚
595 4042 712 4098 19811111
729 4045 805 4113 Kopp
819 4043 845 4104 1,
859 4041 912 4096 126
926 4042 1136 4097 domi-Nur
1154 4042 1300 4112 1111111111
1314 4042 1420 4096 Tarmia

229 4136 306 4203 passt
325 4130 437 4185 lludolls
456 4132 636 4200 Anmeldung:
657 4150 699 4185 nm
716 4129 854 4201 Plingstcn
876 4131 901 4184 in
922 4134 988 4185 Rom
1011 4150 1043 4184 au
1065 4132 1137 4193 sein,
1159 4132 1252 4185 wollte
1276 4148 1307 4184 er
1325 4132 1421 4185 0111111

130 4217 133 4221 ”
229 4239 280 4276 von
300 4220 481 4276 Deutsebland
500 4222 673 4275 aufbrecben.
695 4222 831 4276 Demnaob
851 4221 943 4275 wirde
962 4237 1043 4274 unser
1061 4220 1136 4275 Brief
1152 4238 1239 4291 gegen
1258 4222 1332 4275 Eudo
1351 4219 1421 4272 1276

230 4311 299 4365 oder
316 4311 351 4363 im
368 4311 470 4365 ,Ianuar
489 4311 560 4365 1276
577 4310 753 4382 gescbrirben
772 4311 843 4374 sein;
867 4309 935 4362 donn
955 4312 1038 4364 sebon
1058 4309 1160 4364 111116.
1179 4312 1237 4384 1111.
1259 4309 1421 4362 1276111111

232 4400 342 4469 Gregor
354 4402 385 4454 ll.
408 4402 437 4453 ln
456 4400 515 4454 eins
532 4400 992 4471 11111112111111111111111111111
1010 4404 1101 4453 setaen
1119 4400 1187 4453 sein.
1210 4401 1298 4460 Denn,
1321 4415 1350 4452 so
1370 4399 1421 4451 viel

230 4489 273 4542 leb
298 4489 388 4549 weiss,
410 4489 528 4543 berielen
551 4508 600 4543 von
623 4490 673 4542 don
696 4489 841 4559 folgenden
861 4489 975 4559 Ptpstcn
998 4506 1048 4543 nur
1069 4491 1140 4543 noch
1157 4490 1288 4542 Honorius
1307 4488 1348 4542 lv.
1371 4487 1422 4539 und

320 4650 354 4717 a)
370 4650 391 4701 sl
405 4666 436 4701 no
451 4654 591 4718 ergtnzen.
