3209 5392
289 513 365 592 140

286 670 442 734 nDomino
457 669 634 743 benedicte,
660 675 785 753 patemo
807 668 1042 735 contribulemur
1062 667 1189 740 abiectu,
1217 666 1362 737 scientes,
1386 671 1414 727 te
1428 666 1455 728 in

285 780 489 844 subtractione
514 780 590 843 tanti
615 779 688 852 viri,
716 799 784 844 nrm
807 799 866 863 quo
885 798 943 843 una
964 798 1035 842 caro
1058 777 1159 848 sucu,
1174 775 1294 839 acerbis
1317 773 1457 840 doloribus

285 887 423 952 eruciari.
456 888 567 952 Verum
596 909 650 960 ne,
678 888 704 951 si
728 887 840 953 doloris
864 908 972 951 causas
989 906 1174 969 exaggerare
1197 883 1338 955 velimus,
1362 883 1458 946 vulnus

284 996 395 1062 doloris
419 1017 478 1061 nou
500 1002 561 1063 tarn
582 997 801 1061 medicinaliter
816 1002 1020 1080 pertractare,
1049 1014 1137 1079 quam
1158 994 1294 1058 lacerare
1310 991 1460 1055 crudeliter

282 1106 447 1180 vincemur,
463 1126 591 1171 necesse
607 1112 664 1179 est,
681 1113 714 1170 ut
727 1106 767 1170 ad
782 1127 862 1180 eum,
874 1107 924 1190 qui
935 1107 1073 1170 vulnerat
1085 1111 1116 1169 et
1127 1103 1264 1168 medetur
1276 1109 1307 1166 et
1321 1107 1460 1164 merentes

283 1216 372 1300 erigit
387 1207 545 1301 sospitate,
560 1237 616 1282 uos
633 1223 664 1281 et
679 1216 729 1281 alii
746 1221 934 1281 revertamur
948 1215 1109 1288 humiliter,
1126 1220 1159 1278 ut
1174 1213 1214 1277 ab
1231 1233 1284 1284 eo,
1301 1211 1353 1295 qui
1367 1230 1419 1273 nos
1433 1210 1460 1272 in

165 1356 209 1396 ru.
221 1353 247 1395 so
256 1367 274 1395 ..
283 1327 362 1391 omui
377 1326 576 1392 tribulacione
590 1327 828 1391 misericorditer
843 1327 1032 1399 consolatur,
1059 1323 1272 1389 consolationis
1289 1319 1459 1386 muriciam

283 1455 469 1509 mereamur,
500 1437 628 1501 maxime
649 1455 719 1501 cum
741 1436 878 1521 deupnis
901 1434 1073 1500 huiusmodi
1097 1454 1158 1498 uon
1178 1431 1300 1525 oecurri
1323 1428 1460 1494 valentin

283 1546 403 1611 homine
424 1547 473 1611 vel
494 1547 640 1611 succurri.
659 1545 717 1629 Qui
745 1546 966 1630 eumproprio
988 1544 1047 1609 filio
1073 1565 1127 1609 suo
1150 1564 1210 1608 non
1231 1541 1388 1626 pepercit,
1414 1537 1462 1601 sed

282 1675 337 1738 pro
353 1656 490 1722 omnibus
506 1657 632 1721 tradidit
644 1657 743 1730 illum,
771 1676 923 1740 nunquam
942 1656 1033 1719 ullum
1057 1660 1162 1719 contra
1184 1652 1359 1736 generalem
1373 1650 1463 1731 legen

283 1771 388 1830 nature
412 1766 505 1830 voluit
527 1767 615 1831 eximi
637 1772 734 1831 morte
757 1766 875 1838 carnis3
906 1770 939 1830 ut
961 1765 1051 1829 etiam
1074 1764 1145 1827 nulli
1161 1762 1350 1846 preiudicet,
1378 1778 1464 1841 gene

283 1874 377 1938 salem
403 1881 509 1940 nature
538 1876 746 1941 condicionem
773 1876 899 1959 singulis
927 1874 1108 1940 observavit.
1138 1873 1277 1937 Ceterum
1301 1889 1372 1946 cum
1394 1868 1465 1930 idem

284 1983 343 2047 dux
364 1984 456 2048 corde
486 1985 651 2057 contritus,
668 2005 720 2049 ore
743 1985 918 2058 confessus,
947 1991 1066 2068 sumpto
1090 1983 1200 2048 viatico
1223 1978 1366 2052 salutari,
1394 1978 1464 2041 sicut

283 2090 477 2167 confidimus,
498 2093 644 2164 ,feliciter
679 2094 717 2158 ad
749 2094 902 2160 Christum
940 2093 1130 2178 migraverit,
1170 2089 1369 2172 diligentibus
1406 2107 1465 2150 eum

284 2201 476 2284 gaudendum
493 2205 599 2287 pocius
622 2211 687 2277 est,
714 2224 804 2288 quam
826 2203 1003 2277 dolendum,
1031 2203 1121 2288 qnia,
1148 2200 1175 2264 si
1196 2220 1323 2265 currens
1347 2198 1467 2263 stadium

283 2310 372 2378 huius
406 2314 466 2377 vite
500 2314 623 2378 celestis
660 2313 756 2397 glorie
789 2313 926 2378 bravium
959 2312 1174 2397 apprehendit,
1207 2315 1320 2395 quanto
1354 2324 1467 2371 cursum

282 2421 410 2486 celerius
428 2423 630 2495 consumavit,
658 2428 705 2486 est
720 2429 803 2487 tanto
826 2413 945 2487 felicior
960 2421 1154 2506 reputandus.
1187 2419 1266 2491 Sed,
1296 2418 1416 2502 inquies
1432 2415 1466 2501 α]

280 2531 379 2601 forte,
406 2551 464 2594 nec
487 2532 629 2595 tortitudo
650 2532 760 2615 lapidis
782 2532 926 2596 fortitudo
948 2552 1032 2605 mea,
1061 2551 1117 2595 nec
1142 2549 1213 2597 caro
1236 2548 1304 2592 mea
1321 2546 1399 2591 enea
1415 2532 1467 2596 est,

282 2640 353 2724 quin
370 2641 474 2704 eadem
502 2661 573 2706 caro
602 2661 668 2705 mea
695 2648 755 2705 tam
783 2641 882 2723 rigide
910 2641 1005 2705 incisa
1039 2640 1138 2704 doleat
1171 2637 1385 2708 vehementer,
1416 2654 1466 2697 nec

281 2750 448 2836 conjugalis
476 2749 596 2814 allectio
622 2752 751 2834 patitur,
780 2756 814 2815 ut
840 2752 871 2814 in
898 2771 935 2815 ea
950 2751 1046 2834 ipsius
1063 2751 1120 2813 viri
1141 2748 1285 2812 memoria
1310 2748 1464 2818 moriatur,

193 2871 196 2873 ’
281 2881 350 2924 cum
374 2860 485 2924 caritas
508 2880 567 2923 non
589 2859 724 2931 excidat,
753 2880 844 2923 carne
860 2860 950 2924 etiam
967 2859 1144 2923 decedente.
1193 2858 1259 2920 Nec
1276 2861 1333 2919 nos
1351 2856 1466 2941 quidem

280 2969 438 3052 castigati,
469 2968 579 3034 doloris
600 2968 765 3034 molestiam
788 2968 970 3033 intendimus
992 2968 1149 3040 inhibere,
1178 2989 1215 3031 ne
1243 2974 1352 3032 contra
1374 2968 1466 3049 legem
1510 2979 1512 2982 ·

279 3086 385 3148 nature
412 3081 523 3143 frustra
557 3077 741 3142 contendere
773 3077 943 3151 videamur,
976 3097 1034 3161 que
1068 3085 1170 3141 tamen
1197 3077 1242 3140 sic
1268 3082 1316 3140 est
1345 3075 1465 3159 provide

278 3188 491 3273 temperanda,
516 3208 554 3251 ne
571 3192 676 3251 contra
691 3186 788 3268 legem
805 3186 861 3249 Dei
878 3187 955 3269 erigi
972 3189 1116 3252 videatur.
1135 3188 1210 3251 Nam
1228 3207 1286 3271 que
1302 3186 1466 3250 secundum

279 3300 414 3364 seculum
445 3304 492 3362 est
522 3296 666 3368 tristicia,
698 3303 841 3368 mortem,
875 3317 932 3381 que
964 3304 1063 3361 autem
1095 3296 1260 3362 secundum
1281 3296 1380 3359 Deum
1412 3300 1465 3366 est,

279 3408 477 3498 penitentiam
506 3413 647 3489 operatur
674 3404 813 3468 stabilem
840 3406 871 3468 in
900 3407 1036 3469 salutem.
1069 3406 1125 3471 uso
1152 3407 1247 3478 enim,
1275 3407 1356 3469 unde
1383 3411 1465 3489 potes

279 3521 369 3583 etiam
386 3515 590 3599 temporaliter
606 3513 773 3584 consolari,
790 3515 858 3596 quia
876 3515 912 3577 de
930 3515 1046 3598 sepulta
1062 3516 1165 3578 radice
1182 3500 1286 3579 'ramus
1303 3516 1417 3599 prodiit
1431 3514 1466 3597 l)

279 3630 445 3714 gloriosus,
475 3626 543 3688 dum
561 3624 598 3687 de
614 3629 700 3707 patre
717 3629 803 3686 natus
822 3630 868 3687 est
883 3623 977 3697 tilius,
999 3624 1025 3711 1)
1048 3631 1081 3688 ut
1096 3627 1144 3687 vix
1159 3605 1312 3689 senciatur
1328 3626 1466 3694 amissus,

278 3738 363 3804 cuius
393 3757 452 3800 uon
480 3737 639 3797 extraneus
667 3739 714 3795 est
736 3751 905 3795 successor.
938 3733 1067 3816 ldeoque
1090 3753 1244 3797 monemus
1269 3740 1299 3798 et
1313 3754 1464 3818 rogamus,

278 3854 426 3935 quatenus
455 3864 515 3908 non
542 3861 636 3924 neges
665 3839 813 3905 consolari
840 3841 969 3905 animam
995 3848 1093 3916 tuam,
1125 3843 1181 3906 sed
1206 3864 1322 3908 memor
1350 3842 1464 3909 Domini

280 3955 442 4025 delecteris
471 3953 502 4016 in
530 3949 668 4015 omnibus
697 3948 839 4032 operibus
860 3950 923 4014 suis
946 3957 992 4025 et,
1017 3953 1097 4016 omni
1119 3971 1237 4016 merore
1254 3951 1410 4035 deposito,
1435 3961 1463 4017 te

279 4076 310 4134 et
326 4075 392 4132 tuos
411 4061 573 4129 salubriter
589 4059 771 4132 consoleris,
799 4066 833 4124 ut
848 4059 890 4123 sis
907 4060 1013 4135 cham,
1042 4061 1122 4125 sicut
1137 4060 1302 4135 condecet,
1330 4061 1464 4128 consola-

280 4175 375 4244 cionis
392 4174 459 4240 aliis
471 4172 503 4234 in
520 4169 702 4253 exemplum,
730 4170 876 4234 clamores
893 4177 924 4235 et
938 4171 1037 4236 luctus
1053 4178 1232 4237 convertens
1248 4172 1279 4236 in
1295 4174 1462 4240 oracionum

370 4344 404 4414 o)
418 4341 492 4398 dices
505 4337 633 4411 corrigirt
645 4335 675 4392 V.
686 4367 713 4379 -
723 4334 756 4406 d)
769 4337 853 4392 alius:
867 4351 1015 4407 generosus
1027 4337 1153 4411 corrigirt
1160 4337 1188 4392 V.

279 4551 601 4575 Μ

304 4712 327 4773 1)
347 4714 391 4758 llos
407 4711 438 4757 ist
454 4704 576 4756 Friedrich
593 4704 620 4751 11.
639 4701 681 4750 der
704 4704 847 4762 Streithare;
867 4703 903 4753 die
922 4704 1021 4757 anderen
1043 4707 1122 4757 senne
1141 4709 1275 4771 Leopoid's,
1297 4714 1401 4772 Leopold
1418 4712 1461 4757 nod

344 4793 461 4846 Heinrich,
479 4801 557 4836 waren
576 4788 648 4834 sehon
666 4799 709 4833 vor
727 4788 789 4835 1230
805 4791 943 4849 gestorbeu.
