3209 5392
272 761 327 804 sue
349 742 506 807 suauitatis
529 742 693 826 bagrancia
709 743 764 829 a),
780 740 871 807 uelud
894 741 924 803 in
947 739 1012 822 agri
1034 740 1115 825 pleni
1133 741 1237 810 odore,
1262 742 1311 805 cui
1328 740 1468 803 Dominus

272 847 436 924 benedixit,
453 852 609 933 potissime
626 851 821 914 delectemur.
855 848 972 914 Idcirco
989 869 1048 912 uon
1064 850 1214 914 immerito
1239 848 1408 933 prolnptum
1425 854 1467 911 est

273 953 305 1021 in
327 959 431 1033 nobis,
454 959 718 1026 commoditatibus
734 960 798 1025 suis
814 959 946 1024 libenter
967 959 1141 1030 intendere,
1163 979 1200 1024 ac
1222 959 1390 1023 bonoribus
1411 978 1470 1022 am·

272 1068 401 1152 pliandis
418 1069 449 1133 in
465 1069 604 1134 omnibus
625 1072 666 1155 b)
688 1069 812 1153 spiritus
828 1067 1065 1156 promptitudine
1097 1068 1240 1154 aspirare.
1291 1070 1373 1133 Sane
1403 1068 1470 1131 licet

273 1180 419 1244 honestus
435 1179 481 1245 uir
502 1180 539 1245 N.
563 1181 615 1267 c),
643 1181 714 1265 qui,
743 1179 890 1264 preclaris
907 1180 971 1243 suis
988 1178 1180 1260 exigentibus
1197 1178 1330 1250 meritis,
1354 1179 1386 1241 in
1401 1198 1470 1242 con·

273 1293 380 1370 spectu
394 1288 478 1371 regio
485 1289 644 1371 graciosus
651 1288 796 1370 assurgit,
803 1287 842 1351 de
850 1291 954 1352 nostra
961 1286 1089 1351 licencia
1096 1287 1135 1349 ad
1141 1286 1331 1371 presenciam
1344 1292 1470 1351 vestram

273 1397 400 1462 accedat
416 1397 454 1462 ad
470 1397 567 1480 prime
582 1418 636 1461 sue
653 1397 823 1462 resideucie
840 1396 1039 1460 ministerium
1056 1395 1087 1458 in
1103 1395 1234 1460 ecclesia
1250 1401 1364 1467 vestra,
1382 1396 1470 1459 devo-

272 1505 359 1569 cione
382 1526 441 1590 qua
463 1508 620 1578 conuenit,
648 1506 850 1576 offerendum,
876 1505 946 1590 quia
961 1512 1079 1575 tamen,
1108 1504 1298 1568 condicionis
1320 1509 1352 1566 et
1377 1509 1470 1568 status

271 1613 405 1678 eiusdem
422 1615 552 1679 ecclesie
568 1615 810 1680 circumstanciis
826 1614 952 1699 provide
968 1614 1134 1687 trutinatis,
1152 1620 1182 1678 et
1204 1613 1291 1678 vobis
1315 1614 1420 1678 utilius
1443 1619 1470 1675 et

272 1723 403 1786 ecclesie
425 1729 525 1788 vestre
553 1724 643 1806 longe
673 1723 839 1787 consultius
867 1722 1068 1793 arbitramur,
1099 1722 1179 1807 quod
1203 1722 1302 1786 adhuc
1327 1723 1411 1786 idem
1433 1722 1467 1786 N.

272 1833 402 1896 ecclesie
418 1838 519 1897 vestre
536 1834 566 1895 in
583 1832 666 1896 curia
683 1838 787 1897 nostra
804 1834 967 1904 deserviat,
984 1852 1072 1918 quam
1089 1833 1121 1895 in
1138 1832 1248 1895 choro:
1273 1833 1469 1918 prudenciam

271 1946 402 2006 vestram
429 1962 571 2025 rogamus
599 1942 711 2006 affectu
739 1963 799 2028 quo
827 1961 989 2025 possumus
1018 1941 1171 2027 ampliori,
1199 1948 1352 2027 quatenus
1382 1961 1470 2024 super

271 2051 376 2116 eadem
397 2051 567 2116 residencia
588 2072 643 2137 pro
667 2058 770 2117 nostra
791 2052 967 2115 reverencia
984 2056 1014 2114 et
1033 2050 1160 2115 utilitate
1176 2053 1310 2137 propria,
1335 2071 1470 2134 congrua

272 2161 370 2244 ipsum
397 2162 501 2245 gracia
526 2166 763 2245 prosequentes,
792 2161 891 2243 ipsum
919 2159 958 2223 ad
985 2159 1099 2223 curiam
1128 2165 1261 2224 nostram
1289 2160 1468 2245 quantocius

270 2272 417 2335 studeatis
428 2270 591 2343 remittere,
608 2271 716 2334 vestris
733 2277 764 2333 et
780 2269 911 2333 ecclesie
924 2276 1082 2353 prenotate
1095 2270 1232 2334 serviciis
1245 2269 1319 2333 inibi
1332 2271 1466 2335 fructuo-

270 2380 333 2443 sius
365 2379 576 2453 insistentem,
608 2379 715 2442 scituri
747 2377 940 2448 certissime,
977 2378 1058 2463 quod
1089 2382 1213 2463 propter
1244 2378 1469 2441 commodorum

269 2494 441 2571 augmenta,
457 2508 517 2573 que
533 2487 619 2551 nobis
636 2485 742 2551 exinde
758 2486 948 2572 provenient,
966 2506 1021 2551 nos
1034 2487 1064 2548 in
1077 2486 1186 2551 uestris
1201 2485 1328 2569 agendis
1341 2485 1469 2570 quibus·

268 2597 342 2662 libet
358 2616 478 2685 semper
494 2597 689 2683 experiemini
704 2596 919 2681 prompeiores.

845 2803 909 2875 43.

594 2946 655 3012 uer
673 2945 870 3010 Bonanernur
887 2933 1145 3029 scrlblt'prlnclpl.

704 3070 778 3125 1271
790 3071 864 3125 Ende
878 3070 945 3125 oder
959 3069 1039 3124 tara.

270 3179 358 3250 Konip
370 3179 475 3251 codols
484 3178 563 3234 droht
575 3181 634 3234 dero
647 3181 764 3251 Herzope
777 3178 905 3234 Heinrich
917 3197 967 3234 von
981 3179 1189 3244 Niederbcc‘erm,
1203 3180 1240 3234 dc
1253 3180 1306 3234 alle
1325 3179 1466 3245 Verracde,

268 3269 314 3325 ibn
334 3289 391 3326 zum
405 3270 538 3342 Empfanp
550 3270 600 3324 der
617 3269 706 3325 beben
724 3288 756 3323 zu
774 3268 904 3339 detergeo,
917 3266 1067 3340 vergeblt‘cb
1085 3268 1171 3336 eciem,
1191 3269 1236 3323 dle
1249 3269 1337 3324 Scede
1356 3288 1404 3324 vor
1423 3271 1465 3325 die

484 3363 598 3417 Fitreten
611 3362 659 3418 der
671 3358 769 3417 Reicba
780 3377 839 3415 zum
851 3357 1047 3430 liecdtceprucd
1059 3377 1091 3413 au
1104 3359 1225 3433 bringen.

359 3471 483 3536 Gerbert,
498 3471 524 3535 1,
537 3471 581 3527 31.

358 3604 393 3667 ln
409 3604 473 3667 zelo
489 3602 605 3668 fervide
621 3600 770 3674 karitatis,
786 3620 847 3685 qua
864 3600 1021 3665 universos
1038 3605 1071 3664 et
1087 3600 1223 3683 singulos
1246 3601 1326 3664 sacri
1348 3598 1464 3683 imperii

265 3713 430 3799 principes,
447 3713 536 3777 velud
553 3711 686 3776 membra
702 3709 815 3773 nobilia
831 3729 888 3773 suo
905 3708 997 3792 capiti
1013 3708 1207 3782 adherentes,
1224 3710 1343 3773 sincere
1357 3727 1463 3794 prose·

267 3824 397 3905 quimur‚
413 3821 451 3907 ad
468 3821 498 3884 id
514 3820 672 3892 hactenus,
689 3817 778 3883 nullis
793 3818 948 3901 parcendo
965 3816 1143 3902 dispendiis,
1166 3818 1302 3882 studiosa
1318 3837 1410 3903 opera
1433 3821 1462 3880 et

270 3936 417 4014 oportuna
433 3929 647 4001 convertimus,
666 3933 699 3990 ut
713 3945 769 4009 per
784 3932 871 4008 grate
888 3926 1062 3990 devocionis
1084 3926 1262 4009 applausum
1279 3945 1345 3998 nos,
1361 3944 1461 4007 regem

268 4044 369 4112 tuum,
390 4039 422 4101 in
444 4057 533 4122 quem
548 4038 654 4121 utiquc
669 4040 739 4099 voto
756 4054 889 4099 consono
905 4035 1099 4099 consensisse
1115 4035 1300 4106 dinosceris,
1321 4041 1461 4119 tanquam

267 4148 385 4232 imperii
401 4165 609 4230 possessorem
625 4164 810 4228 agnosceres
833 4152 865 4209 et
887 4165 903 4207 a
927 4144 1014 4208 nobis
1040 4145 1077 4209 de
1101 4145 1199 4211 feodis
1220 4145 1281 4209 tuis
1297 4150 1328 4209 te
1343 4151 1460 4227 peteres

147 4299 256 4341 mg„
267 4257 403 4322 investiri
424 4256 460 4343 1).
480 4257 580 4339 Super
596 4275 655 4340 quo
672 4256 799 4319 diversis
817 4254 1004 4337 temporibus
1020 4255 1122 4338 plures
1139 4239 1265 4319 idoneos
1281 4255 1460 4318 mediatores

1584 4114 1585 4141 r

359 4385 393 4454 a)
408 4382 558 4454 fraglancia
571 4383 598 4435 Ζ.
612 4412 648 4420 -
661 4382 693 4450 b)
710 4382 779 4436 omni
792 4382 820 4436 Z.
837 4410 867 4420 -
883 4382 915 4449 c)
930 4383 961 4436 Α.
976 4382 1009 4435 de
1023 4382 1098 4437 Rode
1112 4383 1221 4437 Stobbe.

1584 4998 1585 5049 l

299 4606 322 4666 ¹)
341 4611 411 4656 Dieee
427 4609 504 4657 stelle
524 4609 637 4664 beweirt,
657 4609 711 4654 daos
729 4609 774 4655 der
791 4608 859 4653 Briel
875 4621 904 4654 an
922 4609 1033 4655 Heinrich
1051 4622 1098 4654 ron
1116 4608 1287 4657 lliederbniern
1307 4606 1458 4669 geecbriebeu

339 4703 389 4748 sein
403 4715 474 4756 muso,
488 4701 530 4746 der
543 4713 607 4744 zuar
620 4699 709 4745 liudolf
719 4700 758 4744 bei
776 4700 863 4745 descen
876 4700 943 4745 Wabl
963 4700 1029 4746 eeine
1043 4701 1139 4746 Stimme
1159 4701 1205 4761 gab
1236 4701 1328 4756 (Herm.
1342 4701 1457 4747 Altnbenc·

341 4795 371 4838 ll·
387 4794 413 4836 G.
428 4793 469 4836 SS.
485 4791 524 4844 17,
536 4789 584 4834 tue
598 4789 645 4833 und
659 4790 788 4835 besonders
802 4789 860 4847 Reg.
876 4789 934 4834 llud.
949 4803 988 4834 no.
1005 4787 1073 4845 175),
1087 4791 1145 4838 aber
1163 4792 1207 4837 wie
1228 4791 1317 4836 Otalnar
1336 4805 1381 4837 ron
1398 4789 1457 4847 Bob-
