3209 5392
237 485 311 558 158

230 680 283 725 vos
316 667 420 726 contra
451 663 576 726 eandem
608 665 742 725 sanctam
773 665 898 724 matrem
930 659 1090 723 ecclesiam
1121 659 1312 743 provocavit,
1343 677 1417 723 vasa

230 769 347 833 sincera
363 774 505 852 satagens
521 768 694 852 ingr-assare
711 768 760 860 α).
778 766 928 850 Quantum
944 767 1037 849 igitur
1052 766 1220 832 offendatur
1235 767 1419 832 excellencia

229 878 303 941 lesu
320 876 431 942 Christi
447 877 479 940 iu
495 877 536 964 ᾳ)
553 877 669 941 iniuriis
691 896 802 960 sponse
826 897 891 948 sue,
912 896 1002 958 reges
1019 881 1050 940 et
1065 876 1218 959 principes
1236 882 1266 942 et
1281 876 1417 941 universi

231 985 395 1050 christiane
416 986 487 1072 lidei
507 988 671 1058 zelatores,
700 1006 736 1050 ex
757 985 867 1070 quihus
889 984 1028 1049 consistit
1048 977 1179 1049 ecclesia
1202 991 1233 1049 et
1254 986 1284 1049 in
1305 984 1418 1069 quibus

231 1096 356 1162 cottidie
372 1096 562 1168 fecundatur,
579 1096 732 1160 evidenter
746 1095 875 1178 potestis
889 1077 1088 1178 perpendere,
1106 1113 1186 1165 cum,
1203 1114 1263 1158 non
1277 1101 1417 1159 metuens

233 1225 344 1289 ponere
361 1226 395 1269 os
412 1205 443 1268 in
460 1206 567 1277 celum,
583 1206 613 1268 in
628 1204 715 1268 nohis
733 1209 762 1269 et
779 1205 908 1267 ecclesia
925 1203 994 1276 Dei,
1011 1223 1086 1287 quos
1103 1202 1205 1267 multis
1221 1201 1420 1268 detractioni·

232 1314 290 1380 hus
322 1319 352 1378 et
385 1312 649 1385 oblocutionibus,
679 1312 769 1376 lactis
801 1317 832 1376 et
862 1311 983 1395 scriptis
1015 1314 1095 1385 suis,
1128 1311 1208 1376 sicut
1239 1321 1287 1375 est
1316 1316 1421 1374 notum

234 1424 382 1497 omnihus,
398 1424 481 1486 nisus
499 1428 546 1486 est
562 1422 769 1505 multipliciter
783 1422 936 1486 lacessere
953 1422 1002 1509 t),
1018 1421 1117 1505 ipsum
1138 1422 1244 1485 salutis
1265 1425 1422 1484 auctorem

233 1532 368 1615 tetigerit
382 1532 571 1615 inpudenter,
589 1532 685 1615 quiin
701 1530 790 1594 heato
807 1532 895 1595 Petro
912 1530 1083 1614 ceterisque
1106 1530 1262 1613 apostolis,
1285 1529 1419 1593 ecclesie

235 1640 390 1713 ministris,
413 1639 640 1705 successorihus
658 1639 838 1711 eorundem,
866 1637 916 1703 cui
931 1638 1004 1702 licet
1019 1639 1135 1721 indigni
1151 1650 1275 1702 auctore
1291 1639 1424 1702 Domino

235 1751 439 1834 presidemus,
468 1771 502 1814 se
528 1749 612 1832 tangi
638 1755 780 1832 tanquam
801 1749 944 1831 pupillam
966 1750 1045 1812 oculi
1067 1749 1114 1814 sui
1134 1748 1232 1813 innuit
1247 1748 1416 1812 manifeste.

237 1859 385 1941 erantum
402 1858 496 1921 eciam
513 1878 616 1922 omnes
631 1857 783 1929 ledamini,
798 1858 957 1940 presertim
975 1858 1170 1922 ecclesiarum
1190 1857 1314 1940 prelati,
1341 1857 1425 1939 quod

237 1987 291 2031 vos
318 1968 524 2050 depauperare
550 1967 678 2031 intendit
706 1971 752 2039 et,
780 1971 924 2049 quantum
946 1966 977 2029 in
999 1985 1034 2029 eo
1058 1971 1126 2038 est,
1148 1966 1282 2048 disponit
1301 1967 1425 2048 penitus

238 2076 385 2148 anullare,
409 2076 554 2139 advertite
571 2075 748 2146 Christiani,
776 2075 828 2158 qui
849 2073 901 2137 dlii
918 2075 1064 2147 ecclesie,
1087 2076 1196 2138 fratres
1213 2076 1377 2139 censemini
1394 2082 1428 2139 et

238 2185 342 2258 amici,
358 2181 424 2249 'etsi
446 2186 549 2248 matris
570 2184 678 2248 iniuria
699 2184 826 2267 relinqui
843 2183 952 2247 debeat
967 2183 1113 2266 inpunita,
1129 2183 1208 2248 sicut
1230 2184 1372 2249 tenemini
1397 2190 1431 2247 et

238 2294 372 2366 dehetis,
398 2294 543 2358 attendite
570 2294 735 2376 diligenter.
769 2293 844 2357 Cum
865 2294 944 2356 euim
965 2292 1244 2376 maledicenspatri
1261 2295 1308 2357 vel
1336 2293 1430 2356 matri
1524 2327 1528 2337 ·

237 2408 333 2476 morte
345 2402 454 2468 debeat
460 2402 534 2465 mori
545 2402 701 2484 legittima,
714 2407 744 2466 et
755 2422 805 2465 res
817 2406 922 2465 contra
928 2407 1063 2467 naturam
1075 2402 1115 2467 sit
1123 2401 1215 2466 lilium
1226 2402 1384 2484 insurgere
1396 2403 1432 2464 in

241 2516 406 2594 parentem,
418 2511 524 2574 merito
541 2511 572 2573 in
587 2511 770 2594 degenerem
787 2508 1048 2583 'Fridcricum
1072 2510 1191 2574 scilieet
1204 2511 1431 2594 imperatorem,

244 2620 294 2703 qui
309 2639 369 2682 uon
386 2624 433 2683 est
448 2619 556 2701 dignus
572 2618 690 2681 nomine
705 2616 757 2681 filii
773 2618 829 2681 sed
844 2609 985 2701 privigni,
1002 2617 1041 2681 ob
1056 2624 1174 2682 reatum
1190 2638 1277 2682 suum
1292 2623 1432 2682 materna

244 2727 455 2792 benedictione
482 2728 646 2810 privatum.
674 2746 732 2791 uon
757 2727 853 2791 solum
881 2727 919 2789 ad
946 2726 1170 2800 defensionem,
1197 2728 1253 2791 sed
1274 2728 1371 2790 eciam
1387 2727 1429 2789 ad

244 2837 365 2901 vitanda
379 2836 475 2920 ipsius
497 2835 675 2919 obprobria,
702 2838 824 2900 armatis
848 2836 965 2900 debetis
981 2835 1094 2900 viribus
1109 2836 1284 2919 insurgere,
1308 2840 1339 2900 et
1360 2854 1430 2907 vos,

243 2953 384 3031 quantum
400 2947 431 3009 in
447 2946 511 3010 eius
528 2947 643 3011 lesione
664 2945 840 3028 gravemini,
857 2946 1016 3010 ostendere
1033 2946 1133 3028 operis
1155 2965 1211 3028 per
1226 2944 1383 3017 ellectum,
1400 2944 1429 3007 si

241 3056 440 3121 hereditatem
480 3056 538 3120 Dei
579 3056 706 3121 viventis
750 3074 807 3139 per
848 3055 1000 3119 Christum
1041 3060 1072 3119 et
1113 3055 1276 3119 ecclesiam
1317 3055 1429 3137 cupitis

243 3165 369 3248 adipisci
386 3164 436 3249 β).
470 3166 629 3229 Hortamur
656 3164 757 3247 itaque
783 3183 838 3227 vos
862 3165 972 3228 iratres
993 3163 1024 3227 in
1046 3163 1165 3228 Christo
1187 3164 1274 3236 lesu,
1297 3164 1347 3249 qui
1370 3182 1428 3246 pro

244 3275 340 3338 salute
357 3275 487 3338 omnium
503 3274 541 3336 de
558 3274 624 3337 sinu
640 3274 735 3355 patris
752 3274 958 3346 descendens,
982 3273 1082 3338 crucis
1105 3273 1244 3356 dignatus
1261 3278 1309 3337 est
1324 3272 1429 3337 subire

243 3381 407 3465 patibulum
441 3388 472 3446 et
498 3401 552 3465 pro
585 3388 688 3446 nostra
718 3382 924 3464 redemptione
961 3382 1088 3445 fundere
1125 3402 1213 3446 suum
1249 3382 1429 3463 sanguinem

244 3492 432 3575 preciosum,
460 3491 608 3555 attencius
631 3490 844 3573 deprecamur,
872 3496 1018 3575 quatenus
1041 3495 1147 3555 contra
1173 3491 1344 3573 predictum
1364 3491 1430 3564 Fr„

244 3602 300 3665 Dei
317 3605 348 3664 et
362 3600 513 3664 hominum
535 3599 705 3672 inimicum,
733 3600 784 3682 qui
799 3605 941 3683 tanquam
963 3599 1010 3663 leo
1026 3601 1168 3683 rugiens,
1190 3600 1326 3664 devictus
1342 3598 1429 3663 rabie

244 3710 453 3773 incunctanter
469 3709 568 3792 querit
588 3727 676 3792 quern
704 3707 856 3780 destruat,
884 3708 994 3792 quique
1011 3708 1147 3772 misereri
1164 3728 1223 3771 non
1245 3709 1344 3790 eligit,
1374 3708 1430 3771 sed

203 3865 207 3870 -
244 3818 347 3889 irasci,
364 3822 395 3881 et
409 3817 532 3881 multum
547 3816 578 3878 in
592 3816 767 3899 perdicione
788 3815 985 3879 moriencium
1007 3816 1189 3889 delectatur,
1211 3815 1242 3878 in
1264 3817 1431 3882 devocione

246 3930 419 3990 constantes
447 3944 484 3988 ac
511 3926 607 3987 sortes
633 3925 665 3986 iu
685 3922 744 3986 lide
767 3924 983 4005 persistentes,
1005 3929 1121 3988 mentes
1142 3945 1308 4008 manusque
1324 3925 1431 3998 tollite,

246 4056 302 4099 nec
329 4054 389 4098 non
414 4034 445 4097 in
473 4037 551 4106 eum,
575 4033 658 4096 cuius
686 4051 793 4095 manus
813 4037 883 4096 sunt
899 4039 1003 4096 contm
1020 4053 1144 4105 omncs,
1166 4034 1205 4097 ad
1221 4034 1430 4099 defensionem

247 4145 378 4208 ecclesie
410 4163 464 4225 pro
495 4142 714 4224 redempcione
739 4142 869 4204 omnium
900 4142 1099 4225 redemptoris
1137 4143 1317 4207 unanimiter
1348 4164 1432 4210 arma

247 4258 415 4324 sumentes,
436 4250 525 4314 fidem
549 4256 681 4315 vestram
697 4249 838 4332 operibus
853 4250 972 4315 iusticie
994 4251 1161 4325 roboretis,
1183 4258 1231 4324 ut,
1260 4253 1433 4317 devocionis

247 4366 347 4424 vestre
364 4365 395 4423 et
410 4358 479 4421 fidei
494 4361 612 4422 fervore
629 4363 755 4430 attento,
771 4358 1014 4441 tranquillitatem
1030 4359 1143 4425 tribuat
1158 4360 1304 4424 Dominus
1320 4381 1431 4444 sponse

250 4490 302 4532 sue
335 4473 366 4532 et
395 4472 464 4549 post
493 4467 643 4549 presentis
675 4467 735 4530 vite
766 4467 915 4532 curricula
952 4468 983 4532 in
1020 4473 1124 4533 eterna
1155 4468 1348 4535 tabernacula
1379 4492 1431 4534 vos

250 4577 394 4641 admittat.
1294 4591 1296 4593 ’

341 4704 375 4780 a)
390 4702 416 4756 in
430 4718 470 4755 am
483 4700 584 4754 Raude.
603 4730 623 4741 -
646 4700 677 4769 d)
690 4699 812 4755 lacessiri
827 4701 855 4755 V.
