<?xml version="1.0" encoding="UTF-8"?>
<!DOCTYPE html PUBLIC "-//W3C//DTD XHTML 1.0 Transitional//EN"
    "http://www.w3.org/TR/xhtml1/DTD/xhtml1-transitional.dtd">
<html xmlns="http://www.w3.org/1999/xhtml" xml:lang="en" lang="en">
 <head>
  <title>
</title>
<meta http-equiv="Content-Type" content="text/html;charset=utf-8" />
  <meta name='ocr-system' content='tesseract 3.04.00' />
  <meta name='ocr-capabilities' content='ocr_page ocr_carea ocr_par ocr_line ocrx_word'/>
</head>
<body>
  <div class='ocr_page' id='page_1' title='image "./fontesrerumaust00unkngoog_0158.png"; bbox 0 0 3209 5392; ppageno 0'>
   <div class='ocr_carea' id='block_1_1' title="bbox 1250 514 1322 589">
    <p class='ocr_par' dir='ltr' id='par_1_1' title="bbox 1250 514 1322 589">
     <span class='ocr_line' id='line_1_1' title="bbox 1250 514 1322 589; baseline -0.014 0"><span class='ocrx_word' id='word_1_1' title='bbox 1250 514 1322 589; x_wconf 80' lang='lat'><strong>131</strong></span> 
     </span>
    </p>
   </div>
   <div class='ocr_carea' id='block_1_2' title="bbox 127 689 1326 3514">
    <p class='ocr_par' dir='ltr' id='par_1_2' title="bbox 127 689 1326 3514">
     <span class='ocr_line' id='line_1_2' title="bbox 134 689 1326 775; baseline -0.001 -20"><span class='ocrx_word' id='word_1_2' title='bbox 134 691 255 756; x_wconf 82' lang='lat' dir='ltr'><strong>sedicet</strong></span> <span class='ocrx_word' id='word_1_3' title='bbox 281 692 386 763; x_wconf 87' lang='lat' dir='ltr'><strong>Petro,</strong></span> <span class='ocrx_word' id='word_1_4' title='bbox 413 689 492 772; x_wconf 84' lang='lat' dir='ltr'><strong>apud</strong></span> <span class='ocrx_word' id='word_1_5' title='bbox 521 709 609 774; x_wconf 87' lang='lat' dir='ltr'><strong>quem</strong></span> <span class='ocrx_word' id='word_1_6' title='bbox 631 689 662 754; x_wconf 92' lang='lat' dir='ltr'><strong>in</strong></span> <span class='ocrx_word' id='word_1_7' title='bbox 691 689 920 775; x_wconf 78' lang='lat' dir='ltr'><strong>dispensacione</strong></span> <span class='ocrx_word' id='word_1_8' title='bbox 948 692 1070 756; x_wconf 89' lang='lat' dir='ltr'><strong>celestis</strong></span> <span class='ocrx_word' id='word_1_9' title='bbox 1091 691 1195 775; x_wconf 80' lang='lat' dir='ltr'>gracie</span> <span class='ocrx_word' id='word_1_10' title='bbox 1212 709 1326 756; x_wconf 90' lang='lat' dir='ltr'><strong>summa</strong></span> 
     </span>
     <span class='ocr_line' id='line_1_3' title="bbox 135 797 1326 885; baseline -0.002 -19"><span class='ocrx_word' id='word_1_11' title='bbox 135 801 237 866; x_wconf 82' lang='lat' dir='ltr'><strong>divine</strong></span> <span class='ocrx_word' id='word_1_12' title='bbox 265 799 386 885; x_wconf 90' lang='lat' dir='ltr'><strong>pietatis</strong></span> <span class='ocrx_word' id='word_1_13' title='bbox 413 797 577 862; x_wconf 87' lang='lat' dir='ltr'><strong>auctoritas</strong></span> <span class='ocrx_word' id='word_1_14' title='bbox 604 798 764 866; x_wconf 77' lang='lat' dir='ltr'><strong>resideret.</strong></span> <span class='ocrx_word' id='word_1_15' title='bbox 797 801 851 867; x_wconf 83' lang='lat' dir='ltr'><strong>Cui</strong></span> <span class='ocrx_word' id='word_1_16' title='bbox 879 821 934 865; x_wconf 91' lang='lat' dir='ltr'><strong>nos</strong></span> <span class='ocrx_word' id='word_1_17' title='bbox 960 801 1050 885; x_wconf 86' lang='lat' dir='ltr'><strong>longa</strong></span> <span class='ocrx_word' id='word_1_18' title='bbox 1076 799 1326 865; x_wconf 80' lang='lat' dir='ltr'><strong>intercedentium</strong></span> 
     </span>
     <span class='ocr_line' id='line_1_4' title="bbox 133 907 1325 995; baseline -0.003 -20"><span class='ocrx_word' id='word_1_19' title='bbox 133 916 255 995; x_wconf 89' lang='lat' dir='ltr'><strong>patrum</strong></span> <span class='ocrx_word' id='word_1_20' title='bbox 277 909 390 983; x_wconf 91' lang='lat' dir='ltr'><strong>series,</strong></span> <span class='ocrx_word' id='word_1_21' title='bbox 418 907 583 972; x_wconf 91' lang='lat' dir='ltr'><strong>secundum</strong></span> <span class='ocrx_word' id='word_1_22' title='bbox 612 908 710 974; x_wconf 85' lang='lat' dir='ltr'><strong>divine</strong></span> <span class='ocrx_word' id='word_1_23' title='bbox 739 908 976 994; x_wconf 89' lang='lat' dir='ltr'><strong>dispensacionis</strong></span> <span class='ocrx_word' id='word_1_24' title='bbox 1004 910 1155 985; x_wconf 82' lang='lat' dir='ltr'><strong>ordinem,</strong></span> <span class='ocrx_word' id='word_1_25' title='bbox 1183 908 1325 983; x_wconf 84' lang='lat' dir='ltr'><strong>subdidit,</strong></span> 
     </span>
     <span class='ocr_line' id='line_1_5' title="bbox 132 1019 1325 1106; baseline -0.002 -20"><span class='ocrx_word' id='word_1_26' title='bbox 132 1022 217 1106; x_wconf 88' lang='lat' dir='ltr'><strong>paris</strong></span> <span class='ocrx_word' id='word_1_27' title='bbox 237 1019 413 1105; x_wconf 83' lang='lat' dir='ltr'><strong>potestatis,</strong></span> <span class='ocrx_word' id='word_1_28' title='bbox 433 1019 506 1083; x_wconf 88' lang='lat' dir='ltr'><strong>licet</strong></span> <span class='ocrx_word' id='word_1_29' title='bbox 526 1019 639 1102; x_wconf 88' lang='lat' dir='ltr'><strong>inparis</strong></span> <span class='ocrx_word' id='word_1_30' title='bbox 667 1020 781 1095; x_wconf 84' lang='lat' dir='ltr'><strong>meriti,</strong></span> <span class='ocrx_word' id='word_1_31' title='bbox 803 1041 1010 1087; x_wconf 79' lang='lat' dir='ltr'><strong>successores.</strong></span> <span class='ocrx_word' id='word_1_32' title='bbox 1042 1021 1208 1086; x_wconf 87' lang='lat' dir='ltr'><strong>iniunctum</strong></span> <span class='ocrx_word' id='word_1_33' title='bbox 1223 1021 1325 1105; x_wconf 89' lang='lat' dir='ltr'><strong>itaque</strong></span> 
     </span>
     <span class='ocr_line' id='line_1_6' title="bbox 131 1128 1325 1216; baseline -0.003 -18"><span class='ocrx_word' id='word_1_34' title='bbox 131 1131 340 1216; x_wconf 73' lang='lat' dir='ltr'><strong>principaliter</strong></span> <span class='ocrx_word' id='word_1_35' title='bbox 356 1129 496 1198; x_wconf 89' lang='lat' dir='ltr'><strong>divinitus</strong></span> <span class='ocrx_word' id='word_1_36' title='bbox 513 1128 600 1194; x_wconf 90' lang='lat' dir='ltr'><strong>nobis</strong></span> <span class='ocrx_word' id='word_1_37' title='bbox 623 1130 745 1194; x_wconf 85' lang='lat' dir='ltr'><strong>celestis</strong></span> <span class='ocrx_word' id='word_1_38' title='bbox 773 1131 858 1196; x_wconf 88' lang='lat' dir='ltr'><strong>verbi</strong></span> <span class='ocrx_word' id='word_1_39' title='bbox 873 1131 1047 1215; x_wconf 83' lang='lat' dir='ltr'><strong>preconium</strong></span> <span class='ocrx_word' id='word_1_40' title='bbox 1065 1151 1124 1216; x_wconf 91' lang='lat' dir='ltr'><strong>quo</strong></span> <span class='ocrx_word' id='word_1_41' title='bbox 1145 1130 1185 1202; x_wconf 87' lang='lat' dir='ltr'><strong>ad</strong></span> <span class='ocrx_word' id='word_1_42' title='bbox 1207 1150 1325 1215; x_wconf 89' lang='lat' dir='ltr'><strong>cogno-</strong></span> 
     </span>
     <span class='ocr_line' id='line_1_7' title="bbox 133 1237 1318 1325; baseline -0.003 -17"><span class='ocrx_word' id='word_1_43' title='bbox 133 1241 280 1308; x_wconf 89' lang='lat' dir='ltr'><strong>scendmn</strong></span> <span class='ocrx_word' id='word_1_44' title='bbox 302 1239 398 1306; x_wconf 88' lang='lat' dir='ltr'><strong>solum</strong></span> <span class='ocrx_word' id='word_1_45' title='bbox 425 1245 456 1304; x_wconf 91' lang='lat' dir='ltr'><strong>et</strong></span> <span class='ocrx_word' id='word_1_46' title='bbox 471 1258 574 1303; x_wconf 91' lang='lat' dir='ltr'><strong>verum</strong></span> <span class='ocrx_word' id='word_1_47' title='bbox 588 1238 685 1303; x_wconf 90' lang='lat' dir='ltr'><strong>Deum</strong></span> <span class='ocrx_word' id='word_1_48' title='bbox 711 1246 758 1314; x_wconf 89' lang='lat' dir='ltr'><strong>et,</strong></span> <span class='ocrx_word' id='word_1_49' title='bbox 786 1260 874 1325; x_wconf 87' lang='lat' dir='ltr'><strong>quem</strong></span> <span class='ocrx_word' id='word_1_50' title='bbox 900 1240 981 1311; x_wconf 87' lang='lat' dir='ltr'><strong>misit</strong></span> <span class='ocrx_word' id='word_1_51' title='bbox 1007 1240 1088 1324; x_wconf 88' lang='lat' dir='ltr'><strong>ipse,</strong></span> <span class='ocrx_word' id='word_1_52' title='bbox 1115 1237 1206 1304; x_wconf 88' lang='lat' dir='ltr'><strong>lilium</strong></span> <span class='ocrx_word' id='word_1_53' title='bbox 1233 1261 1318 1304; x_wconf 90' lang='lat' dir='ltr'><strong>suum</strong></span> 
     </span>
     <span class='ocr_line' id='line_1_8' title="bbox 132 1344 1321 1419; baseline -0.003 -4"><span class='ocrx_word' id='word_1_54' title='bbox 132 1350 253 1415; x_wconf 90' lang='lat' dir='ltr'><strong>unicum</strong></span> <span class='ocrx_word' id='word_1_55' title='bbox 268 1349 373 1415; x_wconf 84' lang='lat' dir='ltr'><strong>lesum</strong></span> <span class='ocrx_word' id='word_1_56' title='bbox 389 1346 551 1419; x_wconf 82' lang='lat' dir='ltr'><strong>Christum,</strong></span> <span class='ocrx_word' id='word_1_57' title='bbox 567 1366 627 1410; x_wconf 87' lang='lat' dir='ltr'><strong>non</strong></span> <span class='ocrx_word' id='word_1_58' title='bbox 644 1344 733 1411; x_wconf 88' lang='lat' dir='ltr'><strong>decet</strong></span> <span class='ocrx_word' id='word_1_59' title='bbox 747 1366 837 1412; x_wconf 88' lang='lat' dir='ltr'><strong>aures</strong></span> <span class='ocrx_word' id='word_1_60' title='bbox 853 1353 920 1411; x_wconf 89' lang='lat' dir='ltr'><strong>tuas</strong></span> <span class='ocrx_word' id='word_1_61' title='bbox 936 1355 968 1412; x_wconf 91' lang='lat' dir='ltr'><strong>et</strong></span> <span class='ocrx_word' id='word_1_62' title='bbox 983 1346 1103 1412; x_wconf 87' lang='lat' dir='ltr'><strong>subdite</strong></span> <span class='ocrx_word' id='word_1_63' title='bbox 1118 1346 1172 1411; x_wconf 91' lang='lat' dir='ltr'><strong>tibi</strong></span> <span class='ocrx_word' id='word_1_64' title='bbox 1188 1346 1321 1411; x_wconf 89' lang='lat' dir='ltr'><strong>multitu-</strong></span> 
     </span>
     <span class='ocr_line' id='line_1_9' title="bbox 134 1454 1325 1542; baseline -0.005 -18"><span class='ocrx_word' id='word_1_65' title='bbox 134 1460 214 1525; x_wconf 88' lang='lat' dir='ltr'><strong>dinis</strong></span> <span class='ocrx_word' id='word_1_66' title='bbox 229 1457 385 1542; x_wconf 88' lang='lat' dir='ltr'><strong>preterire.</strong></span> <span class='ocrx_word' id='word_1_67' title='bbox 412 1454 502 1519; x_wconf 84' lang='lat' dir='ltr'><strong>Cuius</strong></span> <span class='ocrx_word' id='word_1_68' title='bbox 515 1474 619 1527; x_wconf 92' lang='lat' dir='ltr'><strong>sonus,</strong></span> <span class='ocrx_word' id='word_1_69' title='bbox 636 1454 766 1519; x_wconf 85' lang='lat' dir='ltr'><strong>ecclesia</strong></span> <span class='ocrx_word' id='word_1_70' title='bbox 781 1456 930 1530; x_wconf 82' lang='lat' dir='ltr'><strong>Romana,</strong></span> <span class='ocrx_word' id='word_1_71' title='bbox 958 1456 1006 1520; x_wconf 88' lang='lat' dir='ltr'><strong>cui</strong></span> <span class='ocrx_word' id='word_1_72' title='bbox 1021 1475 1196 1539; x_wconf 82' lang='lat' dir='ltr'><strong>presumas,</strong></span> <span class='ocrx_word' id='word_1_73' title='bbox 1223 1456 1325 1539; x_wconf 89' lang='lat' dir='ltr'><strong>predi-</strong></span> 
     </span>
     <span class='ocr_line' id='line_1_10' title="bbox 133 1563 1325 1651; baseline -0.003 -18"><span class='ocrx_word' id='word_1_74' title='bbox 133 1575 224 1633; x_wconf 91' lang='lat' dir='ltr'><strong>cante</strong></span> <span class='ocrx_word' id='word_1_75' title='bbox 239 1607 283 1618; x_wconf 89' lang='lat'>-</span> <span class='ocrx_word' id='word_1_76' title='bbox 296 1586 385 1651; x_wconf 89' lang='lat' dir='ltr'><strong>quam</strong></span> <span class='ocrx_word' id='word_1_77' title='bbox 398 1563 477 1628; x_wconf 91' lang='lat' dir='ltr'><strong>idem</strong></span> <span class='ocrx_word' id='word_1_78' title='bbox 483 1564 574 1629; x_wconf 78' lang='lat' dir='ltr'><strong>lesus</strong></span> <span class='ocrx_word' id='word_1_79' title='bbox 586 1564 617 1627; x_wconf 92' lang='lat' dir='ltr'><strong>in</strong></span> <span class='ocrx_word' id='word_1_80' title='bbox 630 1563 740 1649; x_wconf 87' lang='lat' dir='ltr'><strong>seipso</strong></span> <span class='ocrx_word' id='word_1_81' title='bbox 753 1564 889 1630; x_wconf 85' lang='lat' dir='ltr'><strong>fundavit</strong></span> <span class='ocrx_word' id='word_1_82' title='bbox 901 1566 931 1629; x_wconf 90' lang='lat' dir='ltr'><strong>in</strong></span> <span class='ocrx_word' id='word_1_83' title='bbox 944 1566 1055 1639; x_wconf 89' lang='lat' dir='ltr'><strong>secula,</strong></span> <span class='ocrx_word' id='word_1_84' title='bbox 1069 1571 1099 1629; x_wconf 92' lang='lat' dir='ltr'><strong>et</strong></span> <span class='ocrx_word' id='word_1_85' title='bbox 1110 1564 1325 1648; x_wconf 86' lang='lat' dir='ltr'><strong>primitivorum</strong></span> 
     </span>
     <span class='ocr_line' id='line_1_11' title="bbox 130 1673 1325 1762; baseline -0.004 -18"><span class='ocrx_word' id='word_1_86' title='bbox 130 1678 345 1762; x_wconf 86' lang='lat' dir='ltr'><strong>prophetarum</strong></span> <span class='ocrx_word' id='word_1_87' title='bbox 359 1680 390 1739; x_wconf 93' lang='lat' dir='ltr'><strong>et</strong></span> <span class='ocrx_word' id='word_1_88' title='bbox 402 1674 603 1758; x_wconf 88' lang='lat' dir='ltr'><strong>apostolorum</strong></span> <span class='ocrx_word' id='word_1_89' title='bbox 614 1673 816 1739; x_wconf 82' lang='lat' dir='ltr'><strong>fundamentis</strong></span> <span class='ocrx_word' id='word_1_90' title='bbox 829 1674 1022 1758; x_wconf 83' lang='lat' dir='ltr'><strong>originalibus</strong></span> <span class='ocrx_word' id='word_1_91' title='bbox 1035 1674 1177 1740; x_wconf 84' lang='lat' dir='ltr'><strong>stabilivit</strong></span> <span class='ocrx_word' id='word_1_92' title='bbox 1193 1713 1236 1724; x_wconf 91' lang='lat'>-</span> <span class='ocrx_word' id='word_1_93' title='bbox 1254 1675 1325 1739; x_wconf 82' lang='lat' dir='ltr'><strong>exiit</strong></span> 
     </span>
     <span class='ocr_line' id='line_1_12' title="bbox 129 1782 1324 1868; baseline -0.003 -16"><span class='ocrx_word' id='word_1_94' title='bbox 129 1787 324 1854; x_wconf 87' lang='lat' dir='ltr'><strong>interminus</strong></span> <span class='ocrx_word' id='word_1_95' title='bbox 349 1783 430 1850; x_wconf 89' lang='lat' dir='ltr'><strong>orbis</strong></span> <span class='ocrx_word' id='word_1_96' title='bbox 447 1789 545 1856; x_wconf 86' lang='lat' dir='ltr'><strong>terre,</strong></span> <span class='ocrx_word' id='word_1_97' title='bbox 567 1802 627 1868; x_wconf 87' lang='lat' dir='ltr'><strong>quo</strong></span> <span class='ocrx_word' id='word_1_98' title='bbox 655 1782 764 1866; x_wconf 88' lang='lat' dir='ltr'><strong>sepulti</strong></span> <span class='ocrx_word' id='word_1_99' title='bbox 781 1783 962 1868; x_wconf 87' lang='lat' dir='ltr'><strong>inpeccatis</strong></span> <span class='ocrx_word' id='word_1_100' title='bbox 978 1783 1017 1849; x_wconf 92' lang='lat' dir='ltr'><strong>ad</strong></span> <span class='ocrx_word' id='word_1_101' title='bbox 1033 1785 1141 1858; x_wconf 85' lang='lat' dir='ltr'><strong>vitam,</strong></span> <span class='ocrx_word' id='word_1_102' title='bbox 1157 1803 1214 1868; x_wconf 90' lang='lat' dir='ltr'><strong>que</strong></span> <span class='ocrx_word' id='word_1_103' title='bbox 1231 1786 1324 1849; x_wconf 91' lang='lat' dir='ltr'><strong>estin</strong></span> 
     </span>
     <span class='ocr_line' id='line_1_13' title="bbox 130 1893 1324 1979; baseline -0.003 -15"><span class='ocrx_word' id='word_1_104' title='bbox 130 1898 255 1964; x_wconf 84' lang='lat' dir='ltr'><strong>Christo</strong></span> <span class='ocrx_word' id='word_1_105' title='bbox 271 1893 459 1967; x_wconf 89' lang='lat' dir='ltr'><strong>abscondita,</strong></span> <span class='ocrx_word' id='word_1_106' title='bbox 476 1893 670 1958; x_wconf 87' lang='lat' dir='ltr'><strong>suscitantur.</strong></span> <span class='ocrx_word' id='word_1_107' title='bbox 703 1893 780 1959; x_wconf 92' lang='lat' dir='ltr'><strong>llinc</strong></span> <span class='ocrx_word' id='word_1_108' title='bbox 801 1901 850 1960; x_wconf 90' lang='lat' dir='ltr'><strong>est</strong></span> <span class='ocrx_word' id='word_1_109' title='bbox 871 1894 951 1979; x_wconf 89' lang='lat' dir='ltr'><strong>quod</strong></span> <span class='ocrx_word' id='word_1_110' title='bbox 973 1914 1029 1959; x_wconf 89' lang='lat' dir='ltr'><strong>nos</strong></span> <span class='ocrx_word' id='word_1_111' title='bbox 1050 1900 1132 1960; x_wconf 89' lang='lat' dir='ltr'><strong>tuam</strong></span> <span class='ocrx_word' id='word_1_112' title='bbox 1153 1900 1184 1959; x_wconf 91' lang='lat' dir='ltr'><strong>et</strong></span> <span class='ocrx_word' id='word_1_113' title='bbox 1205 1901 1324 1961; x_wconf 83' lang='lat' dir='ltr'><strong>tuorum</strong></span> 
     </span>
     <span class='ocr_line' id='line_1_14' title="bbox 131 2002 1326 2088; baseline -0.004 -15"><span class='ocrx_word' id='word_1_114' title='bbox 131 2009 278 2079; x_wconf 90' lang='lat' dir='ltr'><strong>salutem,</strong></span> <span class='ocrx_word' id='word_1_115' title='bbox 308 2025 345 2070; x_wconf 86' lang='lat' dir='ltr'><strong>ex</strong></span> <span class='ocrx_word' id='word_1_116' title='bbox 376 2002 484 2088; x_wconf 88' lang='lat' dir='ltr'><strong>quibus</strong></span> <span class='ocrx_word' id='word_1_117' title='bbox 517 2007 697 2088; x_wconf 89' lang='lat' dir='ltr'><strong>conceptum</strong></span> <span class='ocrx_word' id='word_1_118' title='bbox 728 2023 832 2069; x_wconf 89' lang='lat' dir='ltr'><strong>semen</strong></span> <span class='ocrx_word' id='word_1_119' title='bbox 869 2011 954 2069; x_wconf 91' lang='lat' dir='ltr'><strong>recte</strong></span> <span class='ocrx_word' id='word_1_120' title='bbox 989 2002 1059 2068; x_wconf 86' lang='lat' dir='ltr'><strong>fidei</strong></span> <span class='ocrx_word' id='word_1_121' title='bbox 1090 2003 1261 2088; x_wconf 89' lang='lat' dir='ltr'><strong>copiosam,</strong></span> <span class='ocrx_word' id='word_1_122' title='bbox 1292 2011 1326 2068; x_wconf 89' lang='lat' dir='ltr'><strong>ut</strong></span> 
     </span>
     <span class='ocr_line' id='line_1_15' title="bbox 136 2108 1323 2194; baseline -0.003 -14"><span class='ocrx_word' id='word_1_123' title='bbox 136 2113 298 2186; x_wconf 88' lang='lat' dir='ltr'><strong>credimus,</strong></span> <span class='ocrx_word' id='word_1_124' title='bbox 314 2110 440 2176; x_wconf 89' lang='lat' dir='ltr'><strong>liliorum</strong></span> <span class='ocrx_word' id='word_1_125' title='bbox 455 2109 511 2174; x_wconf 90' lang='lat' dir='ltr'><strong>Dei</strong></span> <span class='ocrx_word' id='word_1_126' title='bbox 528 2108 682 2194; x_wconf 86' lang='lat' dir='ltr'><strong>repperiet</strong></span> <span class='ocrx_word' id='word_1_127' title='bbox 698 2111 878 2193; x_wconf 89' lang='lat' dir='ltr'><strong>genituram,</strong></span> <span class='ocrx_word' id='word_1_128' title='bbox 891 2110 962 2175; x_wconf 88' lang='lat' dir='ltr'><strong>totis</strong></span> <span class='ocrx_word' id='word_1_129' title='bbox 975 2110 1192 2176; x_wconf 90' lang='lat' dir='ltr'><strong>desideriorum</strong></span> <span class='ocrx_word' id='word_1_130' title='bbox 1209 2111 1323 2177; x_wconf 92' lang='lat' dir='ltr'><strong>viribus</strong></span> 
     </span>
     <span class='ocr_line' id='line_1_16' title="bbox 133 2218 1322 2307; baseline -0.004 -16"><span class='ocrx_word' id='word_1_131' title='bbox 133 2224 328 2292; x_wconf 66' lang='lat' dir='ltr'><strong>affectantes:</strong></span> <span class='ocrx_word' id='word_1_132' title='bbox 352 2220 481 2286; x_wconf 91' lang='lat' dir='ltr'><strong>dilectos</strong></span> <span class='ocrx_word' id='word_1_133' title='bbox 502 2218 578 2283; x_wconf 90' lang='lat' dir='ltr'><strong>lilios</strong></span> <span class='ocrx_word' id='word_1_134' title='bbox 601 2225 721 2285; x_wconf 88' lang='lat' dir='ltr'><strong>nostros</strong></span> <span class='ocrx_word' id='word_1_135' title='bbox 738 2220 776 2285; x_wconf 92' lang='lat' dir='ltr'><strong>N.</strong></span> <span class='ocrx_word' id='word_1_136' title='bbox 794 2219 833 2284; x_wconf 89' lang='lat' dir='ltr'><strong>de</strong></span> <span class='ocrx_word' id='word_1_137' title='bbox 855 2219 961 2286; x_wconf 90' lang='lat' dir='ltr'><strong>ordine</strong></span> <span class='ocrx_word' id='word_1_138' title='bbox 981 2221 1034 2285; x_wconf 87' lang='lat' dir='ltr'><strong>tali</strong></span> <span class='ocrx_word' id='word_1_139' title='bbox 1051 2220 1106 2307; x_wconf 84' lang='grc' dir='ltr'><strong>α),</strong></span> <span class='ocrx_word' id='word_1_140' title='bbox 1122 2220 1203 2285; x_wconf 88' lang='lat' dir='ltr'><strong>vires</strong></span> <span class='ocrx_word' id='word_1_141' title='bbox 1219 2226 1322 2306; x_wconf 85' lang='lat' dir='ltr'><strong>utique</strong></span> 
     </span>
     <span class='ocr_line' id='line_1_17' title="bbox 127 2329 1324 2416; baseline -0.003 -16"><span class='ocrx_word' id='word_1_142' title='bbox 127 2336 160 2400; x_wconf 89' lang='lat' dir='ltr'><strong>in</strong></span> <span class='ocrx_word' id='word_1_143' title='bbox 176 2334 266 2399; x_wconf 91' lang='lat' dir='ltr'><strong>unius</strong></span> <span class='ocrx_word' id='word_1_144' title='bbox 281 2332 339 2397; x_wconf 91' lang='lat' dir='ltr'><strong>Dei</strong></span> <span class='ocrx_word' id='word_1_145' title='bbox 353 2332 423 2415; x_wconf 85' lang='lat' dir='ltr'><strong>lego</strong></span> <span class='ocrx_word' id='word_1_146' title='bbox 438 2331 564 2415; x_wconf 89' lang='lat' dir='ltr'><strong>peritos,</strong></span> <span class='ocrx_word' id='word_1_147' title='bbox 581 2330 620 2395; x_wconf 92' lang='lat' dir='ltr'><strong>ad</strong></span> <span class='ocrx_word' id='word_1_148' title='bbox 635 2335 715 2395; x_wconf 88' lang='lat' dir='ltr'><strong>tuam</strong></span> <span class='ocrx_word' id='word_1_149' title='bbox 732 2329 942 2395; x_wconf 89' lang='lat' dir='ltr'><strong>celsitudinem</strong></span> <span class='ocrx_word' id='word_1_150' title='bbox 959 2330 1152 2405; x_wconf 87' lang='lat' dir='ltr'><strong>destinamus,</strong></span> <span class='ocrx_word' id='word_1_151' title='bbox 1169 2331 1200 2395; x_wconf 90' lang='lat' dir='ltr'><strong>in</strong></span> <span class='ocrx_word' id='word_1_152' title='bbox 1216 2331 1324 2416; x_wconf 91' lang='lat' dir='ltr'><strong>quibus</strong></span> 
     </span>
     <span class='ocr_line' id='line_1_18' title="bbox 129 2440 1325 2529; baseline -0.004 -18"><span class='ocrx_word' id='word_1_153' title='bbox 129 2452 163 2511; x_wconf 87' lang='lat' dir='ltr'><strong>ct</strong></span> <span class='ocrx_word' id='word_1_154' title='bbox 179 2465 236 2529; x_wconf 93' lang='lat' dir='ltr'><strong>per</strong></span> <span class='ocrx_word' id='word_1_155' title='bbox 252 2463 326 2529; x_wconf 86' lang='lat' dir='ltr'><strong>quos</strong></span> <span class='ocrx_word' id='word_1_156' title='bbox 344 2441 461 2506; x_wconf 76' lang='lat' dir='ltr'><strong>divium</strong></span> <span class='ocrx_word' id='word_1_157' title='bbox 478 2440 599 2524; x_wconf 88' lang='lat' dir='ltr'><strong>spiritus</strong></span> <span class='ocrx_word' id='word_1_158' title='bbox 615 2440 681 2523; x_wconf 88' lang='lat' dir='ltr'><strong>pias</strong></span> <span class='ocrx_word' id='word_1_159' title='bbox 698 2460 786 2504; x_wconf 87' lang='lat' dir='ltr'><strong>aures</strong></span> <span class='ocrx_word' id='word_1_160' title='bbox 813 2461 930 2506; x_wconf 91' lang='lat' dir='ltr'><strong>omnem</strong></span> <span class='ocrx_word' id='word_1_161' title='bbox 952 2440 1074 2510; x_wconf 89' lang='lat' dir='ltr'><strong>docebit</strong></span> <span class='ocrx_word' id='word_1_162' title='bbox 1095 2441 1132 2504; x_wconf 90' lang='lat' dir='ltr'><strong>de</strong></span> <span class='ocrx_word' id='word_1_163' title='bbox 1148 2441 1213 2508; x_wconf 89' lang='lat' dir='ltr'><strong>Deo</strong></span> <span class='ocrx_word' id='word_1_164' title='bbox 1230 2440 1276 2528; x_wconf 83' lang='grc' dir='ltr'><strong>β)</strong></span> <span class='ocrx_word' id='word_1_165' title='bbox 1294 2448 1325 2506; x_wconf 89' lang='lat' dir='ltr'><strong>et</strong></span> 
     </span>
     <span class='ocr_line' id='line_1_19' title="bbox 127 2549 1324 2634; baseline -0.004 -15"><span class='ocrx_word' id='word_1_166' title='bbox 127 2556 230 2619; x_wconf 83' lang='lat' dir='ltr'><strong>futuro</strong></span> <span class='ocrx_word' id='word_1_167' title='bbox 247 2551 349 2617; x_wconf 88' lang='lat' dir='ltr'><strong>seculo</strong></span> <span class='ocrx_word' id='word_1_168' title='bbox 364 2550 532 2621; x_wconf 90' lang='lat' dir='ltr'><strong>veritatem,</strong></span> <span class='ocrx_word' id='word_1_169' title='bbox 548 2554 691 2633; x_wconf 79' lang='lat' dir='ltr'><strong>rogantes</strong></span> <span class='ocrx_word' id='word_1_170' title='bbox 708 2550 857 2614; x_wconf 86' lang='lat' dir='ltr'><strong>attencius</strong></span> <span class='ocrx_word' id='word_1_171' title='bbox 881 2555 912 2614; x_wconf 90' lang='lat' dir='ltr'><strong>et</strong></span> <span class='ocrx_word' id='word_1_172' title='bbox 926 2569 988 2634; x_wconf 19' lang='lat' dir='ltr'><strong>,pro</strong></span> <span class='ocrx_word' id='word_1_173' title='bbox 1010 2555 1061 2614; x_wconf 90' lang='lat' dir='ltr'><strong>tue</strong></span> <span class='ocrx_word' id='word_1_174' title='bbox 1083 2549 1181 2614; x_wconf 90' lang='lat' dir='ltr'><strong>anime</strong></span> <span class='ocrx_word' id='word_1_175' title='bbox 1197 2550 1324 2614; x_wconf 90' lang='lat' dir='ltr'><strong>comodo</strong></span> 
     </span>
     <span class='ocr_line' id='line_1_20' title="bbox 129 2658 1325 2748; baseline -0.004 -19"><span class='ocrx_word' id='word_1_176' title='bbox 129 2664 345 2748; x_wconf 88' lang='lat' dir='ltr'><strong>deposcentes,</strong></span> <span class='ocrx_word' id='word_1_177' title='bbox 358 2666 504 2746; x_wconf 85' lang='lat' dir='ltr'><strong>quatenus</strong></span> <span class='ocrx_word' id='word_1_178' title='bbox 520 2661 628 2725; x_wconf 82' lang='lat' dir='ltr'><strong>tratres</strong></span> <span class='ocrx_word' id='word_1_179' title='bbox 641 2659 764 2725; x_wconf 91' lang='lat' dir='ltr'><strong>eosdem</strong></span> <span class='ocrx_word' id='word_1_180' title='bbox 776 2660 907 2744; x_wconf 80' lang='lat' dir='ltr'><strong>benigne</strong></span> <span class='ocrx_word' id='word_1_181' title='bbox 923 2660 1015 2725; x_wconf 89' lang='lat' dir='ltr'><strong>inDei</strong></span> <span class='ocrx_word' id='word_1_182' title='bbox 1027 2660 1146 2726; x_wconf 88' lang='lat' dir='ltr'><strong>nomine</strong></span> <span class='ocrx_word' id='word_1_183' title='bbox 1156 2658 1325 2745; x_wconf 87' lang='lat' dir='ltr'><strong>suscipiens</strong></span> 
     </span>
     <span class='ocr_line' id='line_1_21' title="bbox 129 2769 1324 2855; baseline -0.004 -15"><span class='ocrx_word' id='word_1_184' title='bbox 129 2780 161 2840; x_wconf 91' lang='lat' dir='ltr'><strong>et</strong></span> <span class='ocrx_word' id='word_1_185' title='bbox 179 2771 336 2839; x_wconf 82' lang='lat' dir='ltr'><strong>caritative</strong></span> <span class='ocrx_word' id='word_1_186' title='bbox 351 2775 551 2855; x_wconf 87' lang='lat' dir='ltr'><strong>pertractans,</strong></span> <span class='ocrx_word' id='word_1_187' title='bbox 567 2769 598 2834; x_wconf 95' lang='lat' dir='ltr'><strong>in</strong></span> <span class='ocrx_word' id='word_1_188' title='bbox 613 2788 707 2852; x_wconf 92' lang='lat' dir='ltr'><strong>regno</strong></span> <span class='ocrx_word' id='word_1_189' title='bbox 720 2777 771 2834; x_wconf 89' lang='lat' dir='ltr'><strong>tuo</strong></span> <span class='ocrx_word' id='word_1_190' title='bbox 790 2791 843 2834; x_wconf 92' lang='lat' dir='ltr'><strong>eos</strong></span> <span class='ocrx_word' id='word_1_191' title='bbox 859 2769 960 2835; x_wconf 90' lang='lat' dir='ltr'><strong>vivere</strong></span> <span class='ocrx_word' id='word_1_192' title='bbox 971 2769 1113 2854; x_wconf 85' lang='lat' dir='ltr'><strong>paciaris,</strong></span> <span class='ocrx_word' id='word_1_193' title='bbox 1129 2770 1232 2834; x_wconf 86' lang='lat' dir='ltr'><strong>utDoo</strong></span> <span class='ocrx_word' id='word_1_194' title='bbox 1244 2769 1324 2850; x_wconf 92' lang='lat' dir='ltr'><strong>vivo,</strong></span> 
     </span>
     <span class='ocr_line' id='line_1_22' title="bbox 130 2878 1324 2969; baseline -0.003 -21"><span class='ocrx_word' id='word_1_195' title='bbox 130 2883 210 2969; x_wconf 86' lang='lat' dir='ltr'><strong>patri</strong></span> <span class='ocrx_word' id='word_1_196' title='bbox 228 2881 395 2966; x_wconf 90' lang='lat' dir='ltr'><strong>spirituum,</strong></span> <span class='ocrx_word' id='word_1_197' title='bbox 411 2899 466 2963; x_wconf 90' lang='lat' dir='ltr'><strong>per</strong></span> <span class='ocrx_word' id='word_1_198' title='bbox 483 2885 587 2943; x_wconf 88' lang='lat' dir='ltr'><strong>eterna</strong></span> <span class='ocrx_word' id='word_1_199' title='bbox 602 2878 663 2943; x_wconf 88' lang='lat' dir='ltr'><strong>vite</strong></span> <span class='ocrx_word' id='word_1_200' title='bbox 680 2878 771 2943; x_wconf 91' lang='lat' dir='ltr'><strong>verba</strong></span> <span class='ocrx_word' id='word_1_201' title='bbox 784 2898 842 2963; x_wconf 87' lang='lat' dir='ltr'><strong>que</strong></span> <span class='ocrx_word' id='word_1_202' title='bbox 855 2879 1020 2954; x_wconf 89' lang='lat' dir='ltr'><strong>continent,</strong></span> <span class='ocrx_word' id='word_1_203' title='bbox 1032 2878 1062 2943; x_wconf 92' lang='lat' dir='ltr'><strong>in</strong></span> <span class='ocrx_word' id='word_1_204' title='bbox 1074 2885 1106 2944; x_wconf 89' lang='lat' dir='ltr'><strong>te</strong></span> <span class='ocrx_word' id='word_1_205' title='bbox 1116 2878 1231 2963; x_wconf 89' lang='lat' dir='ltr'><strong>pariter</strong></span> <span class='ocrx_word' id='word_1_206' title='bbox 1247 2885 1278 2945; x_wconf 93' lang='lat' dir='ltr'><strong>et</strong></span> <span class='ocrx_word' id='word_1_207' title='bbox 1293 2879 1324 2944; x_wconf 92' lang='lat' dir='ltr'><strong>in</strong></span> 
     </span>
     <span class='ocr_line' id='line_1_23' title="bbox 130 2987 1323 3073; baseline -0.005 -14"><span class='ocrx_word' id='word_1_208' title='bbox 130 2995 191 3059; x_wconf 88' lang='lat' dir='ltr'><strong>tuis</strong></span> <span class='ocrx_word' id='word_1_209' title='bbox 219 3012 278 3056; x_wconf 92' lang='lat' dir='ltr'><strong>nec</strong></span> <span class='ocrx_word' id='word_1_210' title='bbox 304 3012 363 3058; x_wconf 89' lang='lat' dir='ltr'><strong>nun</strong></span> <span class='ocrx_word' id='word_1_211' title='bbox 390 2989 421 3053; x_wconf 94' lang='lat' dir='ltr'><strong>in</strong></span> <span class='ocrx_word' id='word_1_212' title='bbox 448 2988 514 3053; x_wconf 89' lang='lat' dir='ltr'><strong>aliis</strong></span> <span class='ocrx_word' id='word_1_213' title='bbox 537 2987 729 3062; x_wconf 86' lang='lat' dir='ltr'><strong>nacionibus,</strong></span> <span class='ocrx_word' id='word_1_214' title='bbox 761 3009 820 3073; x_wconf 86' lang='lat' dir='ltr'><strong>quo</strong></span> <span class='ocrx_word' id='word_1_215' title='bbox 852 2988 1016 3054; x_wconf 88' lang='lat' dir='ltr'><strong>secundum</strong></span> <span class='ocrx_word' id='word_1_216' title='bbox 1048 2994 1151 3053; x_wconf 86' lang='lat' dir='ltr'><strong>nostre</strong></span> <span class='ocrx_word' id='word_1_217' title='bbox 1182 2988 1323 3053; x_wconf 89' lang='lat' dir='ltr'><strong>iussionis</strong></span> 
     </span>
     <span class='ocr_line' id='line_1_24' title="bbox 137 3096 1324 3186; baseline -0.003 -19"><span class='ocrx_word' id='word_1_218' title='bbox 137 3103 269 3168; x_wconf 88' lang='lat' dir='ltr'><strong>debitum</strong></span> <span class='ocrx_word' id='word_1_219' title='bbox 291 3099 474 3186; x_wconf 88' lang='lat' dir='ltr'><strong>procedere,</strong></span> <span class='ocrx_word' id='word_1_220' title='bbox 497 3106 527 3163; x_wconf 84' lang='lat' dir='ltr'><strong>te</strong></span> <span class='ocrx_word' id='word_1_221' title='bbox 545 3097 690 3171; x_wconf 87' lang='lat' dir='ltr'><strong>ducente,</strong></span> <span class='ocrx_word' id='word_1_222' title='bbox 714 3098 877 3172; x_wconf 90' lang='lat' dir='ltr'><strong>voluerint,</strong></span> <span class='ocrx_word' id='word_1_223' title='bbox 900 3100 1029 3163; x_wconf 85' lang='lat' dir='ltr'><strong>fructum</strong></span> <span class='ocrx_word' id='word_1_224' title='bbox 1043 3096 1191 3182; x_wconf 90' lang='lat' dir='ltr'><strong>perticere</strong></span> <span class='ocrx_word' id='word_1_225' title='bbox 1206 3098 1324 3164; x_wconf 88' lang='lat' dir='ltr'><strong>valeant</strong></span> 
     </span>
     <span class='ocr_line' id='line_1_25' title="bbox 130 3207 1323 3294; baseline -0.006 -16"><span class='ocrx_word' id='word_1_226' title='bbox 130 3212 313 3281; x_wconf 88' lang='lat' dir='ltr'><strong>animarum;</strong></span> <span class='ocrx_word' id='word_1_227' title='bbox 338 3214 484 3294; x_wconf 88' lang='lat' dir='ltr'><strong>quatenus</strong></span> <span class='ocrx_word' id='word_1_228' title='bbox 508 3229 544 3272; x_wconf 80' lang='lat' dir='ltr'><strong>ex</strong></span> <span class='ocrx_word' id='word_1_229' title='bbox 559 3207 618 3272; x_wconf 91' lang='lat' dir='ltr'><strong>hoc</strong></span> <span class='ocrx_word' id='word_1_230' title='bbox 633 3208 716 3272; x_wconf 89' lang='lat' dir='ltr'><strong>Deus</strong></span> <span class='ocrx_word' id='word_1_231' title='bbox 733 3209 808 3282; x_wconf 90' lang='lat' dir='ltr'><strong>celi,</strong></span> <span class='ocrx_word' id='word_1_232' title='bbox 837 3214 957 3274; x_wconf 91' lang='lat' dir='ltr'><strong>creator</strong></span> <span class='ocrx_word' id='word_1_233' title='bbox 977 3214 1064 3282; x_wconf 91' lang='lat' dir='ltr'><strong>tuus,</strong></span> <span class='ocrx_word' id='word_1_234' title='bbox 1090 3207 1146 3273; x_wconf 91' lang='lat' dir='ltr'><strong>tibi</strong></span> <span class='ocrx_word' id='word_1_235' title='bbox 1162 3212 1247 3273; x_wconf 88' lang='lat' dir='ltr'><strong>recta</strong></span> <span class='ocrx_word' id='word_1_236' title='bbox 1262 3207 1323 3271; x_wconf 90' lang='lat' dir='ltr'><strong>lide</strong></span> 
     </span>
     <span class='ocr_line' id='line_1_26' title="bbox 130 3317 1323 3402; baseline -0.007 -14"><span class='ocrx_word' id='word_1_237' title='bbox 130 3323 286 3388; x_wconf 90' lang='lat' dir='ltr'><strong>veraciter</strong></span> <span class='ocrx_word' id='word_1_238' title='bbox 309 3320 519 3392; x_wconf 88' lang='lat' dir='ltr'><strong>innotescens,</strong></span> <span class='ocrx_word' id='word_1_239' title='bbox 546 3317 668 3401; x_wconf 86' lang='lat' dir='ltr'><strong>pietatis</strong></span> <span class='ocrx_word' id='word_1_240' title='bbox 697 3339 752 3383; x_wconf 89' lang='lat' dir='ltr'><strong>sue</strong></span> <span class='ocrx_word' id='word_1_241' title='bbox 779 3325 811 3383; x_wconf 89' lang='lat' dir='ltr'><strong>et</strong></span> <span class='ocrx_word' id='word_1_242' title='bbox 837 3318 1065 3386; x_wconf 81' lang='lat' dir='ltr'><strong>immortalitatis</strong></span> <span class='ocrx_word' id='word_1_243' title='bbox 1089 3318 1231 3402; x_wconf 87' lang='lat' dir='ltr'><strong>gloriam,</strong></span> <span class='ocrx_word' id='word_1_244' title='bbox 1255 3318 1323 3382; x_wconf 84' lang='lat' dir='ltr'><strong>feli-</strong></span> 
     </span>
     <span class='ocr_line' id='line_1_27' title="bbox 130 3427 1322 3514; baseline -0.005 -17"><span class='ocrx_word' id='word_1_245' title='bbox 130 3430 234 3497; x_wconf 83' lang='lat' dir='ltr'><strong>citatis</strong></span> <span class='ocrx_word' id='word_1_246' title='bbox 265 3428 416 3513; x_wconf 86' lang='lat' dir='ltr'><strong>graciam‚</strong></span> <span class='ocrx_word' id='word_1_247' title='bbox 448 3449 506 3514; x_wconf 87' lang='lat' dir='ltr'><strong>que</strong></span> <span class='ocrx_word' id='word_1_248' title='bbox 538 3428 596 3493; x_wconf 92' lang='lat' dir='ltr'><strong>nisi</strong></span> <span class='ocrx_word' id='word_1_249' title='bbox 626 3448 681 3512; x_wconf 91' lang='lat' dir='ltr'><strong>per</strong></span> <span class='ocrx_word' id='word_1_250' title='bbox 712 3429 863 3494; x_wconf 86' lang='lat' dir='ltr'><strong>Christum</strong></span> <span class='ocrx_word' id='word_1_251' title='bbox 895 3435 926 3495; x_wconf 87' lang='lat' dir='ltr'><strong>et</strong></span> <span class='ocrx_word' id='word_1_252' title='bbox 956 3429 987 3494; x_wconf 91' lang='lat' dir='ltr'><strong>in</strong></span> <span class='ocrx_word' id='word_1_253' title='bbox 1018 3429 1138 3494; x_wconf 85' lang='lat' dir='ltr'><strong>Christo</strong></span> <span class='ocrx_word' id='word_1_254' title='bbox 1170 3427 1322 3513; x_wconf 88' lang='lat' dir='ltr'><strong>provenit,</strong></span> 
     </span>
    </p>
   </div>
   <div class='ocr_carea' id='block_1_3' title="bbox 130 3540 346 3626">
    <p class='ocr_par' dir='ltr' id='par_1_3' title="bbox 130 3540 346 3626">
     <span class='ocr_line' id='line_1_28' title="bbox 130 3540 346 3626; baseline -0.019 -19"><span class='ocrx_word' id='word_1_255' title='bbox 130 3541 279 3625; x_wconf 88' lang='lat' dir='ltr'><strong>largiatur</strong></span> <span class='ocrx_word' id='word_1_256' title='bbox 294 3540 346 3626; x_wconf 73' lang='lat' dir='ltr'><strong>p).</strong></span> 
     </span>
    </p>
   </div>
   <div class='ocr_carea' id='block_1_4' title="bbox 131 3736 1322 4165">
    <p class='ocr_par' dir='ltr' id='par_1_4' title="bbox 131 3736 1322 4165">
     <span class='ocr_line' id='line_1_29' title="bbox 229 3736 1320 3812; baseline -0.004 -20"><span class='ocrx_word' id='word_1_257' title='bbox 229 3738 421 3810; x_wconf 74' lang='lat' dir='ltr'><strong>urganzungen</strong></span> <span class='ocrx_word' id='word_1_258' title='bbox 453 3756 501 3793; x_wconf 79' lang='lat' dir='ltr'><strong>aus</strong></span> <span class='ocrx_word' id='word_1_259' title='bbox 532 3737 618 3811; x_wconf 88' lang='lat' dir='ltr'><strong>llipoll</strong></span> <span class='ocrx_word' id='word_1_260' title='bbox 646 3736 790 3793; x_wconf 76' lang='lat' dir='ltr'><strong>Bullrrium</strong></span> <span class='ocrx_word' id='word_1_261' title='bbox 821 3738 920 3794; x_wconf 86' lang='lat' dir='ltr'><strong>ordinis</strong></span> <span class='ocrx_word' id='word_1_262' title='bbox 942 3738 968 3794; x_wconf 85' lang='lat' dir='ltr'><strong>ll.</strong></span> <span class='ocrx_word' id='word_1_263' title='bbox 995 3737 1208 3812; x_wconf 82' lang='lat' dir='ltr'><strong>praedicatorum</strong></span> <span class='ocrx_word' id='word_1_264' title='bbox 1232 3736 1320 3801; x_wconf 77' lang='lat' dir='ltr'><strong>l,2ld</strong></span> 
     </span>
     <span class='ocr_line' id='line_1_30' title="bbox 133 3829 1322 3906; baseline -0.003 -18"><span class='ocrx_word' id='word_1_265' title='bbox 133 3832 271 3906; x_wconf 78' lang='lat' dir='ltr'><strong>(ilaynald</strong></span> <span class='ocrx_word' id='word_1_266' title='bbox 306 3831 378 3884; x_wconf 75' lang='lat' dir='ltr'><strong>laur</strong></span> <span class='ocrx_word' id='word_1_267' title='bbox 407 3848 450 3887; x_wconf 91' lang='lat' dir='ltr'><strong>no.</strong></span> <span class='ocrx_word' id='word_1_268' title='bbox 483 3829 526 3903; x_wconf 74' lang='lat' dir='ltr'><strong>b).</strong></span> <span class='ocrx_word' id='word_1_269' title='bbox 567 3830 735 3887; x_wconf 83' lang='lat' dir='ltr'><strong>Innocentius</strong></span> <span class='ocrx_word' id='word_1_270' title='bbox 769 3849 814 3905; x_wconf 90' lang='lat' dir='ltr'><strong>cp.</strong></span> <span class='ocrx_word' id='word_1_271' title='bbox 837 3850 858 3886; x_wconf 83' lang='lat' dir='ltr'><strong>s.</strong></span> <span class='ocrx_word' id='word_1_272' title='bbox 890 3850 911 3885; x_wconf 83' lang='lat' dir='ltr'><strong>s.</strong></span> <span class='ocrx_word' id='word_1_273' title='bbox 940 3832 972 3887; x_wconf 87' lang='lat' dir='ltr'><strong>D.</strong></span> <span class='ocrx_word' id='word_1_274' title='bbox 1007 3831 1088 3887; x_wconf 89' lang='lat' dir='ltr'><strong>nobili</strong></span> <span class='ocrx_word' id='word_1_275' title='bbox 1121 3830 1177 3886; x_wconf 85' lang='lat' dir='ltr'><strong>viro</strong></span> <span class='ocrx_word' id='word_1_276' title='bbox 1211 3831 1322 3887; x_wconf 81' lang='lat' dir='ltr'><strong>soldano</strong></span> 
     </span>
     <span class='ocr_line' id='line_1_31' title="bbox 133 3921 1319 3996; baseline -0.003 -17"><span class='ocrx_word' id='word_1_277' title='bbox 133 3924 254 3981; x_wconf 81' lang='lat' dir='ltr'><strong>Terebia</strong></span> <span class='ocrx_word' id='word_1_278' title='bbox 266 3925 349 3978; x_wconf 82' lang='lat' dir='ltr'><strong>Deum</strong></span> <span class='ocrx_word' id='word_1_279' title='bbox 372 3938 462 3979; x_wconf 86' lang='lat' dir='ltr'><strong>verum</strong></span> <span class='ocrx_word' id='word_1_280' title='bbox 485 3923 575 3978; x_wconf 83' lang='lat' dir='ltr'><strong>colere</strong></span> <span class='ocrx_word' id='word_1_281' title='bbox 593 3926 620 3978; x_wconf 85' lang='lat' dir='ltr'><strong>ct</strong></span> <span class='ocrx_word' id='word_1_282' title='bbox 640 3923 741 3977; x_wconf 86' lang='lat' dir='ltr'><strong>timere.</strong></span> <span class='ocrx_word' id='word_1_283' title='bbox 761 3921 797 3996; x_wconf 69' lang='lat' dir='ltr'><strong>p)</strong></span> <span class='ocrx_word' id='word_1_284' title='bbox 820 3924 918 3979; x_wconf 79' lang='lat' dir='ltr'><strong>iratres</strong></span> <span class='ocrx_word' id='word_1_285' title='bbox 941 3922 1039 3980; x_wconf 82' lang='lat' dir='ltr'><strong>ordinis</strong></span> <span class='ocrx_word' id='word_1_286' title='bbox 1061 3922 1267 3995; x_wconf 85' lang='lat' dir='ltr'><strong>predicatorum.</strong></span> <span class='ocrx_word' id='word_1_287' title='bbox 1283 3953 1319 3963; x_wconf 89' lang='lat'>-</span> 
     </span>
     <span class='ocr_line' id='line_1_32' title="bbox 132 4012 1321 4090; baseline 0 -21"><span class='ocrx_word' id='word_1_288' title='bbox 132 4013 168 4090; x_wconf 83' lang='grc' dir='ltr'><strong>β)</strong></span> <span class='ocrx_word' id='word_1_289' title='bbox 184 4015 295 4086; x_wconf 80' lang='lat' dir='ltr'><strong>eiusque</strong></span> <span class='ocrx_word' id='word_1_290' title='bbox 318 4014 425 4069; x_wconf 78' lang='lat' dir='ltr'><strong>iustitia.</strong></span> <span class='ocrx_word' id='word_1_291' title='bbox 440 4044 472 4055; x_wconf 85' lang='lat'><em>-</em></span> <span class='ocrx_word' id='word_1_292' title='bbox 486 4013 519 4086; x_wconf 66' lang='lat' dir='ltr'><strong>p)</strong></span> <span class='ocrx_word' id='word_1_293' title='bbox 540 4015 599 4069; x_wconf 71' lang='lat' dir='ltr'><strong>but.</strong></span> <span class='ocrx_word' id='word_1_294' title='bbox 621 4014 747 4068; x_wconf 83' lang='lat' dir='ltr'><strong>Laterani</strong></span> <span class='ocrx_word' id='word_1_295' title='bbox 769 4014 834 4069; x_wconf 81' lang='lat' dir='ltr'><strong>mv.</strong></span> <span class='ocrx_word' id='word_1_296' title='bbox 856 4014 913 4069; x_wconf 83' lang='lat' dir='ltr'><strong>llal.</strong></span> <span class='ocrx_word' id='word_1_297' title='bbox 936 4014 1022 4070; x_wconf 72' lang='lat' dir='ltr'><strong>Martii</strong></span> <span class='ocrx_word' id='word_1_298' title='bbox 1044 4012 1213 4087; x_wconf 78' lang='lat' dir='ltr'><strong>pontificatus</strong></span> <span class='ocrx_word' id='word_1_299' title='bbox 1237 4013 1321 4070; x_wconf 83' lang='lat' dir='ltr'><strong>nostri</strong></span> 
     </span>
     <span class='ocr_line' id='line_1_33' title="bbox 131 4106 256 4165; baseline -0.04 0"><span class='ocrx_word' id='word_1_300' title='bbox 131 4124 200 4165; x_wconf 75' lang='lat' dir='ltr'><strong>nuno</strong></span> <span class='ocrx_word' id='word_1_301' title='bbox 214 4106 256 4161; x_wconf 82' lang='lat' dir='ltr'><strong>xl.</strong></span> 
     </span>
    </p>
   </div>
   <div class='ocr_carea' id='block_1_5' title="bbox 0 0 1610 5392">
    <p class='ocr_par' dir='ltr' id='par_1_5' title="bbox 0 0 1610 5392">
     <span class='ocr_line' id='line_1_34' title="bbox 0 0 1610 5392; baseline 0 1"><span class='ocrx_word' id='word_1_302' title='bbox 0 0 1610 5392; x_wconf 95' lang='lat' dir='ltr'><strong> </strong></span> 
     </span>
    </p>
   </div>
  </div>
 </body>
</html>
