<?xml version="1.0" encoding="UTF-8"?>
<!DOCTYPE html PUBLIC "-//W3C//DTD XHTML 1.0 Transitional//EN"
    "http://www.w3.org/TR/xhtml1/DTD/xhtml1-transitional.dtd">
<html xmlns="http://www.w3.org/1999/xhtml" xml:lang="en" lang="en">
 <head>
  <title>
</title>
<meta http-equiv="Content-Type" content="text/html;charset=utf-8" />
  <meta name='ocr-system' content='tesseract 3.04.00' />
  <meta name='ocr-capabilities' content='ocr_page ocr_carea ocr_par ocr_line ocrx_word'/>
</head>
<body>
  <div class='ocr_page' id='page_1' title='image "./fontesrerumaust00unkngoog_0486.png"; bbox 0 0 3209 5392; ppageno 0'>
   <div class='ocr_carea' id='block_1_1' title="bbox 120 661 1360 959">
    <p class='ocr_par' dir='ltr' id='par_1_1' title="bbox 120 661 1360 959">
     <span class='ocr_line' id='line_1_1' title="bbox 158 661 1356 743; baseline 0.003 -21"><span class='ocrx_word' id='word_1_1' title='bbox 158 665 209 724; x_wconf 87' lang='lat' dir='ltr'>tur</span> <span class='ocrx_word' id='word_1_2' title='bbox 224 663 395 725; x_wconf 89' lang='lat' dir='ltr'>necessitas</span> <span class='ocrx_word' id='word_1_3' title='bbox 407 665 437 725; x_wconf 92' lang='lat' dir='ltr'>in</span> <span class='ocrx_word' id='word_1_4' title='bbox 450 663 602 726; x_wconf 84' lang='lat' dir='ltr'>rirbrtem.</span> <span class='ocrx_word' id='word_1_5' title='bbox 619 663 731 728; x_wconf 90' lang='lat' dir='ltr'>Verum</span> <span class='ocrx_word' id='word_1_6' title='bbox 744 665 770 726; x_wconf 93' lang='lat' dir='ltr'>si</span> <span class='ocrx_word' id='word_1_7' title='bbox 782 661 976 743; x_wconf 92' lang='lat' dir='ltr'>contemplari</span> <span class='ocrx_word' id='word_1_8' title='bbox 990 662 1138 743; x_wconf 78' lang='lat' dir='ltr'>placuerit</span> <span class='ocrx_word' id='word_1_9' title='bbox 1151 665 1356 728; x_wconf 86' lang='lat' dir='ltr'>constanciam</span> 
     </span>
     <span class='ocr_line' id='line_1_2' title="bbox 160 770 1357 856; baseline 0.003 -26"><span class='ocrx_word' id='word_1_10' title='bbox 160 774 258 833; x_wconf 88' lang='lat' dir='ltr'>status</span> <span class='ocrx_word' id='word_1_11' title='bbox 273 771 351 841; x_wconf 91' lang='lat' dir='ltr'>mei,</span> <span class='ocrx_word' id='word_1_12' title='bbox 374 791 463 854; x_wconf 92' lang='lat' dir='ltr'>quam</span> <span class='ocrx_word' id='word_1_13' title='bbox 481 771 614 834; x_wconf 90' lang='lat' dir='ltr'>diuturni</span> <span class='ocrx_word' id='word_1_14' title='bbox 632 771 724 834; x_wconf 90' lang='lat' dir='ltr'>studii</span> <span class='ocrx_word' id='word_1_15' title='bbox 740 772 850 833; x_wconf 89' lang='lat' dir='ltr'>lamine</span> <span class='ocrx_word' id='word_1_16' title='bbox 867 770 1024 833; x_wconf 90' lang='lat' dir='ltr'>constituit</span> <span class='ocrx_word' id='word_1_17' title='bbox 1039 771 1106 856; x_wconf 85' lang='lat'><strong>(.),</strong></span> <span class='ocrx_word' id='word_1_18' title='bbox 1130 772 1289 834; x_wconf 85' lang='lat' dir='ltr'>inuenietis</span> <span class='ocrx_word' id='word_1_19' title='bbox 1307 792 1357 834; x_wconf 92' lang='lat' dir='ltr'>me</span> 
     </span>
     <span class='ocr_line' id='line_1_3' title="bbox 120 877 1360 959; baseline 0 -17"><span class='ocrx_word' id='word_1_20' title='bbox 120 936 125 942; x_wconf 89' lang='lat'><em>.</em></span> <span class='ocrx_word' id='word_1_21' title='bbox 161 879 353 941; x_wconf 84' lang='lat' dir='ltr'>novissimum</span> <span class='ocrx_word' id='word_1_22' title='bbox 370 881 503 941; x_wconf 88' lang='lat' dir='ltr'>virorum</span> <span class='ocrx_word' id='word_1_23' title='bbox 519 884 550 941; x_wconf 90' lang='lat' dir='ltr'>ct</span> <span class='ocrx_word' id='word_1_24' title='bbox 568 877 700 942; x_wconf 77' lang='lat' dir='ltr'>uberiori</span> <span class='ocrx_word' id='word_1_25' title='bbox 713 878 921 941; x_wconf 77' lang='lat' dir='ltr'>misericordia</span> <span class='ocrx_word' id='word_1_26' title='bbox 934 877 1129 959; x_wconf 81' lang='lat' dir='ltr'>indigentem.</span> <span class='ocrx_word' id='word_1_27' title='bbox 1148 877 1289 942; x_wconf 80' lang='lat' dir='ltr'>Vestram</span> <span class='ocrx_word' id='word_1_28' title='bbox 1301 882 1360 942; x_wconf 88' lang='lat' dir='ltr'>ita·</span> 
     </span>
    </p>
   </div>
   <div class='ocr_carea' id='block_1_2' title="bbox 160 985 1360 1165">
    <p class='ocr_par' dir='ltr' id='par_1_2' title="bbox 160 985 1360 1165">
     <span class='ocr_line' id='line_1_4' title="bbox 160 985 1360 1070; baseline 0 -21"><span class='ocrx_word' id='word_1_29' title='bbox 160 1005 218 1068; x_wconf 87' lang='lat' dir='ltr'>que</span> <span class='ocrx_word' id='word_1_30' title='bbox 234 985 462 1049; x_wconf 89' lang='lat' dir='ltr'>miseracionem</span> <span class='ocrx_word' id='word_1_31' title='bbox 480 987 588 1049; x_wconf 88' lang='lat' dir='ltr'>invoco</span> <span class='ocrx_word' id='word_1_32' title='bbox 605 992 636 1049; x_wconf 92' lang='lat' dir='ltr'>et</span> <span class='ocrx_word' id='word_1_33' title='bbox 650 987 786 1068; x_wconf 91' lang='lat' dir='ltr'>imploro,</span> <span class='ocrx_word' id='word_1_34' title='bbox 800 992 947 1070; x_wconf 88' lang='lat' dir='ltr'>quatenus</span> <span class='ocrx_word' id='word_1_35' title='bbox 961 986 1126 1049; x_wconf 91' lang='lat' dir='ltr'>secundum</span> <span class='ocrx_word' id='word_1_36' title='bbox 1140 986 1360 1050; x_wconf 78' lang='lat' dir='ltr'>multitudinem</span> 
     </span>
     <span class='ocr_line' id='line_1_5' title="bbox 160 1093 1244 1165; baseline 0 -8"><span class='ocrx_word' id='word_1_37' title='bbox 160 1093 390 1157; x_wconf 76' lang='lat' dir='ltr'>nnsemoionnm</span> <span class='ocrx_word' id='word_1_38' title='bbox 406 1100 576 1159; x_wconf 84' lang='lat' dir='ltr'>uestrarum</span> <span class='ocrx_word' id='word_1_39' title='bbox 592 1094 712 1158; x_wconf 90' lang='lat' dir='ltr'>miserie</span> <span class='ocrx_word' id='word_1_40' title='bbox 728 1114 793 1157; x_wconf 91' lang='lat' dir='ltr'>mee</span> <span class='ocrx_word' id='word_1_41' title='bbox 812 1094 1049 1165; x_wconf 84' lang='lat' dir='ltr'>misericorditer</span> <span class='ocrx_word' id='word_1_42' title='bbox 1067 1094 1244 1158; x_wconf 89' lang='lat' dir='ltr'>consulatis.</span> 
     </span>
    </p>
   </div>
   <div class='ocr_carea' id='block_1_3' title="bbox 748 1282 775 1322">
    <p class='ocr_par' dir='ltr' id='par_1_3' title="bbox 748 1282 775 1322">
     <span class='ocr_line' id='line_1_6' title="bbox 748 1282 775 1322; baseline -0.074 0"><span class='ocrx_word' id='word_1_43' title='bbox 748 1282 775 1322; x_wconf 85' lang='lat'>⁰.</span> 
     </span>
    </p>
   </div>
   <div class='ocr_carea' id='block_1_4' title="bbox 592 1387 925 1468">
    <p class='ocr_par' dir='ltr' id='par_1_4' title="bbox 592 1387 925 1468">
     <span class='ocr_line' id='line_1_7' title="bbox 592 1387 925 1468; baseline 0 -19"><span class='ocrx_word' id='word_1_44' title='bbox 592 1389 633 1449; x_wconf 88' lang='lat' dir='ltr'>lle</span> <span class='ocrx_word' id='word_1_45' title='bbox 650 1389 764 1468; x_wconf 74' lang='lat' dir='ltr'>negocii</span> <span class='ocrx_word' id='word_1_46' title='bbox 782 1387 925 1451; x_wconf 81' lang='lat' dir='ltr'>utilitate.</span> 
     </span>
    </p>
   </div>
   <div class='ocr_carea' id='block_1_5' title="bbox 159 1507 1361 2675">
    <p class='ocr_par' dir='ltr' id='par_1_5' title="bbox 159 1507 1361 2675">
     <span class='ocr_line' id='line_1_8' title="bbox 251 1507 1358 1600; baseline 0.002 -29"><span class='ocrx_word' id='word_1_47' title='bbox 251 1510 478 1575; x_wconf 75' lang='lat' dir='ltr'>consultissimo</span> <span class='ocrx_word' id='word_1_48' title='bbox 495 1510 615 1574; x_wconf 91' lang='lat' dir='ltr'>domino</span> <span class='ocrx_word' id='word_1_49' title='bbox 640 1531 694 1573; x_wconf 91' lang='lat' dir='ltr'>suo</span> <span class='ocrx_word' id='word_1_50' title='bbox 717 1515 747 1572; x_wconf 91' lang='lat' dir='ltr'>et</span> <span class='ocrx_word' id='word_1_51' title='bbox 769 1507 1001 1592; x_wconf 69' lang='lat' dir='ltr'>circumspectis</span> <span class='ocrx_word' id='word_1_52' title='bbox 1025 1511 1119 1600; x_wconf 91' lang='lat' dir='ltr'>oculis</span> <span class='ocrx_word' id='word_1_53' title='bbox 1143 1511 1358 1573; x_wconf 87' lang='lat' dir='ltr'>circumcincto</span> 
     </span>
     <span class='ocr_line' id='line_1_9' title="bbox 161 1616 1361 1701; baseline 0 -21"><span class='ocrx_word' id='word_1_54' title='bbox 161 1616 194 1680; x_wconf 79' lang='lat' dir='ltr'>C.</span> <span class='ocrx_word' id='word_1_55' title='bbox 212 1623 271 1681; x_wconf 89' lang='lat' dir='ltr'>etc.</span> <span class='ocrx_word' id='word_1_56' title='bbox 289 1619 324 1681; x_wconf 92' lang='lat' dir='ltr'>H.</span> <span class='ocrx_word' id='word_1_57' title='bbox 343 1625 401 1682; x_wconf 86' lang='lat' dir='ltr'>etc.</span> <span class='ocrx_word' id='word_1_58' title='bbox 420 1619 547 1682; x_wconf 89' lang='lat' dir='ltr'>salutem</span> <span class='ocrx_word' id='word_1_59' title='bbox 564 1638 633 1681; x_wconf 91' lang='lat' dir='ltr'>cum</span> <span class='ocrx_word' id='word_1_60' title='bbox 652 1618 797 1701; x_wconf 87' lang='lat' dir='ltr'>obsequio</span> <span class='ocrx_word' id='word_1_61' title='bbox 815 1617 918 1681; x_wconf 89' lang='lat' dir='ltr'>humili</span> <span class='ocrx_word' id='word_1_62' title='bbox 935 1623 967 1681; x_wconf 90' lang='lat' dir='ltr'>ct</span> <span class='ocrx_word' id='word_1_63' title='bbox 983 1618 1101 1683; x_wconf 86' lang='lat' dir='ltr'>devoto.</span> <span class='ocrx_word' id='word_1_64' title='bbox 1127 1618 1248 1682; x_wconf 89' lang='lat' dir='ltr'>Utinam</span> <span class='ocrx_word' id='word_1_65' title='bbox 1263 1618 1361 1680; x_wconf 87' lang='lat' dir='ltr'>samo-</span> 
     </span>
     <span class='ocr_line' id='line_1_10' title="bbox 163 1726 1360 1810; baseline -0.001 -21"><span class='ocrx_word' id='word_1_66' title='bbox 163 1747 198 1789; x_wconf 91' lang='lat' dir='ltr'>sa</span> <span class='ocrx_word' id='word_1_67' title='bbox 215 1728 369 1809; x_wconf 81' lang='lat' dir='ltr'>sapiencia</span> <span class='ocrx_word' id='word_1_68' title='bbox 385 1734 486 1790; x_wconf 87' lang='lat' dir='ltr'>restra</span> <span class='ocrx_word' id='word_1_69' title='bbox 502 1731 660 1810; x_wconf 88' lang='lat' dir='ltr'>superaret</span> <span class='ocrx_word' id='word_1_70' title='bbox 677 1733 708 1789; x_wconf 94' lang='lat' dir='ltr'>et</span> <span class='ocrx_word' id='word_1_71' title='bbox 730 1727 914 1807; x_wconf 81' lang='lat' dir='ltr'>intelligeret</span> <span class='ocrx_word' id='word_1_72' title='bbox 937 1730 967 1788; x_wconf 90' lang='lat' dir='ltr'>et</span> <span class='ocrx_word' id='word_1_73' title='bbox 991 1726 1152 1789; x_wconf 87' lang='lat' dir='ltr'>novissima</span> <span class='ocrx_word' id='word_1_74' title='bbox 1176 1727 1360 1810; x_wconf 86' lang='lat' dir='ltr'>provideret,</span> 
     </span>
     <span class='ocr_line' id='line_1_11' title="bbox 162 1834 1361 1920; baseline -0.001 -21"><span class='ocrx_word' id='word_1_75' title='bbox 162 1836 390 1900; x_wconf 88' lang='lat' dir='ltr'>imminentibus</span> <span class='ocrx_word' id='word_1_76' title='bbox 417 1834 560 1920; x_wconf 84' lang='lat' dir='ltr'>periculis</span> <span class='ocrx_word' id='word_1_77' title='bbox 588 1837 664 1899; x_wconf 88' lang='lat' dir='ltr'>viam</span> <span class='ocrx_word' id='word_1_78' title='bbox 693 1835 897 1920; x_wconf 91' lang='lat' dir='ltr'>precludendo</span> <span class='ocrx_word' id='word_1_79' title='bbox 927 1840 958 1897; x_wconf 88' lang='lat' dir='ltr'>et</span> <span class='ocrx_word' id='word_1_80' title='bbox 984 1834 1166 1898; x_wconf 87' lang='lat' dir='ltr'>instantibus</span> <span class='ocrx_word' id='word_1_81' title='bbox 1194 1837 1361 1899; x_wconf 87' lang='lat' dir='ltr'>commodis</span> 
     </span>
     <span class='ocr_line' id='line_1_12' title="bbox 162 1943 1360 2028; baseline 0.002 -22"><span class='ocrx_word' id='word_1_82' title='bbox 162 1944 274 2008; x_wconf 88' lang='lat' dir='ltr'>aditum</span> <span class='ocrx_word' id='word_1_83' title='bbox 291 1945 496 2028; x_wconf 89' lang='lat' dir='ltr'>preparandu!</span> <span class='ocrx_word' id='word_1_84' title='bbox 519 1945 641 2014; x_wconf 89' lang='lat' dir='ltr'>Verum,</span> <span class='ocrx_word' id='word_1_85' title='bbox 664 1944 691 2005; x_wconf 91' lang='lat' dir='ltr'>si</span> <span class='ocrx_word' id='word_1_86' title='bbox 714 1943 851 2007; x_wconf 87' lang='lat' dir='ltr'>confiteri</span> <span class='ocrx_word' id='word_1_87' title='bbox 873 1944 977 2013; x_wconf 90' lang='lat' dir='ltr'>liceat,</span> <span class='ocrx_word' id='word_1_88' title='bbox 1006 1945 1085 2005; x_wconf 88' lang='lat' dir='ltr'>fama</span> <span class='ocrx_word' id='word_1_89' title='bbox 1101 1947 1203 2005; x_wconf 88' lang='lat' dir='ltr'>vestra</span> <span class='ocrx_word' id='word_1_90' title='bbox 1219 1944 1360 2008; x_wconf 87' lang='lat' dir='ltr'>landitlua</span> 
     </span>
     <span class='ocr_line' id='line_1_13' title="bbox 161 2050 1360 2136; baseline 0.002 -23"><span class='ocrx_word' id='word_1_91' title='bbox 161 2053 192 2113; x_wconf 90' lang='lat' dir='ltr'>in</span> <span class='ocrx_word' id='word_1_92' title='bbox 209 2052 340 2115; x_wconf 88' lang='lat' dir='ltr'>derisum</span> <span class='ocrx_word' id='word_1_93' title='bbox 356 2052 500 2136; x_wconf 90' lang='lat' dir='ltr'>paulatim</span> <span class='ocrx_word' id='word_1_94' title='bbox 517 2052 700 2115; x_wconf 91' lang='lat' dir='ltr'>convertitur</span> <span class='ocrx_word' id='word_1_95' title='bbox 724 2056 755 2114; x_wconf 91' lang='lat' dir='ltr'>et</span> <span class='ocrx_word' id='word_1_96' title='bbox 777 2052 963 2134; x_wconf 89' lang='lat' dir='ltr'>quorundam</span> <span class='ocrx_word' id='word_1_97' title='bbox 987 2050 1176 2114; x_wconf 81' lang='lat' dir='ltr'>familiarium</span> <span class='ocrx_word' id='word_1_98' title='bbox 1193 2055 1360 2115; x_wconf 85' lang='lat' dir='ltr'>vestrorum</span> 
     </span>
     <span class='ocr_line' id='line_1_14' title="bbox 161 2160 1361 2243; baseline 0 -21"><span class='ocrx_word' id='word_1_99' title='bbox 161 2160 325 2223; x_wconf 90' lang='lat' dir='ltr'>comoditas</span> <span class='ocrx_word' id='word_1_100' title='bbox 339 2161 522 2243; x_wconf 70' lang='lat' dir='ltr'>prepeditum</span> <span class='ocrx_word' id='word_1_101' title='bbox 537 2180 572 2221; x_wconf 90' lang='lat' dir='ltr'>eo</span> <span class='ocrx_word' id='word_1_102' title='bbox 587 2161 667 2241; x_wconf 90' lang='lat' dir='ltr'>quod</span> <span class='ocrx_word' id='word_1_103' title='bbox 682 2180 741 2230; x_wconf 87' lang='lat' dir='ltr'>mc,</span> <span class='ocrx_word' id='word_1_104' title='bbox 758 2163 899 2242; x_wconf 83' lang='lat' dir='ltr'>nepotem</span> <span class='ocrx_word' id='word_1_105' title='bbox 914 2163 1058 2225; x_wconf 84' lang='lat' dir='ltr'>uestrum.</span> <span class='ocrx_word' id='word_1_106' title='bbox 1076 2160 1250 2222; x_wconf 88' lang='lat' dir='ltr'>avunculari</span> <span class='ocrx_word' id='word_1_107' title='bbox 1267 2160 1361 2222; x_wconf 90' lang='lat' dir='ltr'>dilee-</span> 
     </span>
     <span class='ocr_line' id='line_1_15' title="bbox 159 2267 1360 2348; baseline -0.001 -16"><span class='ocrx_word' id='word_1_108' title='bbox 159 2270 239 2332; x_wconf 88' lang='lat' dir='ltr'>tione</span> <span class='ocrx_word' id='word_1_109' title='bbox 252 2269 452 2338; x_wconf 87' lang='lat' dir='ltr'>tractandum,</span> <span class='ocrx_word' id='word_1_110' title='bbox 465 2269 674 2331; x_wconf 88' lang='lat' dir='ltr'>neccessitatis</span> <span class='ocrx_word' id='word_1_111' title='bbox 688 2269 813 2331; x_wconf 86' lang='lat' dir='ltr'>articulo</span> <span class='ocrx_word' id='word_1_112' title='bbox 828 2268 885 2330; x_wconf 90' lang='lat' dir='ltr'>nisi</span> <span class='ocrx_word' id='word_1_113' title='bbox 901 2268 1019 2331; x_wconf 86' lang='lat' dir='ltr'>fovetis.</span> <span class='ocrx_word' id='word_1_114' title='bbox 1034 2268 1144 2331; x_wconf 91' lang='lat' dir='ltr'>Verum</span> <span class='ocrx_word' id='word_1_115' title='bbox 1158 2267 1360 2348; x_wconf 85' lang='lat' dir='ltr'>glorievestre</span> 
     </span>
     <span class='ocr_line' id='line_1_16' title="bbox 163 2375 1359 2440; baseline 0.001 -1"><span class='ocrx_word' id='word_1_116' title='bbox 163 2377 264 2439; x_wconf 87' lang='lat' dir='ltr'>zeloet</span> <span class='ocrx_word' id='word_1_117' title='bbox 275 2377 466 2440; x_wconf 87' lang='lat' dir='ltr'>familiarium</span> <span class='ocrx_word' id='word_1_118' title='bbox 474 2383 643 2440; x_wconf 89' lang='lat' dir='ltr'>vestrorum</span> <span class='ocrx_word' id='word_1_119' title='bbox 657 2377 837 2440; x_wconf 88' lang='lat' dir='ltr'>comoditate</span> <span class='ocrx_word' id='word_1_120' title='bbox 850 2376 990 2439; x_wconf 90' lang='lat' dir='ltr'>inductus</span> <span class='ocrx_word' id='word_1_121' title='bbox 999 2375 1218 2438; x_wconf 89' lang='lat' dir='ltr'>discrecionem</span> <span class='ocrx_word' id='word_1_122' title='bbox 1227 2381 1359 2440; x_wconf 84' lang='lat' dir='ltr'>vestram</span> 
     </span>
     <span class='ocr_line' id='line_1_17' title="bbox 161 2482 1359 2567; baseline 0.002 -21"><span class='ocrx_word' id='word_1_123' title='bbox 161 2502 235 2565; x_wconf 83' lang='lat' dir='ltr'>rogo</span> <span class='ocrx_word' id='word_1_124' title='bbox 260 2486 437 2567; x_wconf 87' lang='lat' dir='ltr'>suppliciter</span> <span class='ocrx_word' id='word_1_125' title='bbox 464 2491 494 2547; x_wconf 86' lang='lat' dir='ltr'>et</span> <span class='ocrx_word' id='word_1_126' title='bbox 521 2485 686 2556; x_wconf 84' lang='lat' dir='ltr'>instanter,</span> <span class='ocrx_word' id='word_1_127' title='bbox 716 2491 944 2567; x_wconf 86' lang='lat' dir='ltr'>quatenusper</span> <span class='ocrx_word' id='word_1_128' title='bbox 973 2482 1207 2546; x_wconf 86' lang='lat' dir='ltr'>subvencionem</span> <span class='ocrx_word' id='word_1_129' title='bbox 1228 2491 1359 2548; x_wconf 85' lang='lat' dir='ltr'>vestram</span> 
     </span>
     <span class='ocr_line' id='line_1_18' title="bbox 162 2591 1310 2675; baseline -0.001 -20"><span class='ocrx_word' id='word_1_130' title='bbox 162 2595 223 2655; x_wconf 89' lang='lat' dir='ltr'>tam</span> <span class='ocrx_word' id='word_1_131' title='bbox 239 2593 333 2673; x_wconf 85' lang='lat' dir='ltr'>glorie</span> <span class='ocrx_word' id='word_1_132' title='bbox 349 2599 447 2655; x_wconf 85' lang='lat' dir='ltr'>restro</span> <span class='ocrx_word' id='word_1_133' title='bbox 465 2612 554 2675; x_wconf 89' lang='lat' dir='ltr'>quam</span> <span class='ocrx_word' id='word_1_134' title='bbox 569 2592 758 2656; x_wconf 86' lang='lat' dir='ltr'>familiarium</span> <span class='ocrx_word' id='word_1_135' title='bbox 775 2599 944 2655; x_wconf 84' lang='lat' dir='ltr'>vestrorum</span> <span class='ocrx_word' id='word_1_136' title='bbox 967 2592 1116 2674; x_wconf 84' lang='lat' dir='ltr'>profectui</span> <span class='ocrx_word' id='word_1_137' title='bbox 1133 2591 1310 2654; x_wconf 89' lang='lat' dir='ltr'>consulatis.</span> 
     </span>
    </p>
   </div>
   <div class='ocr_carea' id='block_1_6' title="bbox 158 2778 1426 4254">
    <p class='ocr_par' dir='ltr' id='par_1_6' title="bbox 583 2778 935 2963">
     <span class='ocr_line' id='line_1_19' title="bbox 745 2778 780 2841; baseline 0 -22"><span class='ocrx_word' id='word_1_138' title='bbox 745 2778 780 2841; x_wconf 81' lang='lat' dir='ltr'>p.</span> 
     </span>
     <span class='ocr_line' id='line_1_20' title="bbox 583 2884 935 2963; baseline 0 -19"><span class='ocrx_word' id='word_1_139' title='bbox 583 2885 616 2946; x_wconf 86' lang='lat' dir='ltr'>ln</span> <span class='ocrx_word' id='word_1_140' title='bbox 633 2885 750 2963; x_wconf 80' lang='lat' dir='ltr'>negocll</span> <span class='ocrx_word' id='word_1_141' title='bbox 767 2884 935 2947; x_wconf 77' lang='lat' dir='ltr'>honestate.</span> 
     </span>
    </p>

    <p class='ocr_par' dir='ltr' id='par_1_7' title="bbox 161 2987 1426 3176">
     <span class='ocr_line' id='line_1_21' title="bbox 251 2987 1426 3073; baseline -0.002 -21"><span class='ocrx_word' id='word_1_142' title='bbox 251 2989 468 3052; x_wconf 84' lang='lat' dir='ltr'>Honestissima</span> <span class='ocrx_word' id='word_1_143' title='bbox 490 2989 554 3051; x_wconf 81' lang='lat' dir='ltr'>viro</span> <span class='ocrx_word' id='word_1_144' title='bbox 577 2994 607 3050; x_wconf 94' lang='lat' dir='ltr'>et</span> <span class='ocrx_word' id='word_1_145' title='bbox 628 2987 754 3050; x_wconf 88' lang='lat' dir='ltr'>honesta</span> <span class='ocrx_word' id='word_1_146' title='bbox 778 2988 933 3071; x_wconf 86' lang='lat' dir='ltr'>proposita</span> <span class='ocrx_word' id='word_1_147' title='bbox 956 2989 1030 3050; x_wconf 88' lang='lat' dir='ltr'>totis</span> <span class='ocrx_word' id='word_1_148' title='bbox 1054 2988 1223 3052; x_wconf 84' lang='lat' dir='ltr'>visceribus</span> <span class='ocrx_word' id='word_1_149' title='bbox 1246 2990 1360 3073; x_wconf 91' lang='lat' dir='ltr'>ample·</span> <span class='ocrx_word' id='word_1_150' title='bbox 1417 3021 1426 3035; x_wconf 90' lang='lat'><strong>·</strong></span> 
     </span>
     <span class='ocr_line' id='line_1_22' title="bbox 161 3095 1167 3176; baseline -0.004 -16"><span class='ocrx_word' id='word_1_151' title='bbox 161 3098 243 3160; x_wconf 80' lang='lat' dir='ltr'>nanti</span> <span class='ocrx_word' id='word_1_152' title='bbox 259 3097 292 3160; x_wconf 79' lang='grc' dir='ltr'>ί).</span> <span class='ocrx_word' id='word_1_153' title='bbox 312 3103 368 3160; x_wconf 88' lang='lat' dir='ltr'>etc.</span> <span class='ocrx_word' id='word_1_154' title='bbox 388 3099 422 3160; x_wconf 90' lang='lat' dir='ltr'>H.</span> <span class='ocrx_word' id='word_1_155' title='bbox 441 3102 499 3159; x_wconf 90' lang='lat' dir='ltr'>etc.</span> <span class='ocrx_word' id='word_1_156' title='bbox 518 3097 726 3161; x_wconf 80' lang='lat' dir='ltr'>veneracionis</span> <span class='ocrx_word' id='word_1_157' title='bbox 743 3095 957 3176; x_wconf 86' lang='lat' dir='ltr'>plenitudinem</span> <span class='ocrx_word' id='word_1_158' title='bbox 975 3115 1043 3158; x_wconf 90' lang='lat' dir='ltr'>cnm</span> <span class='ocrx_word' id='word_1_159' title='bbox 1060 3097 1167 3159; x_wconf 89' lang='lat' dir='ltr'>salute.</span> 
     </span>
    </p>

    <p class='ocr_par' dir='ltr' id='par_1_8' title="bbox 158 3202 1360 4254">
     <span class='ocr_line' id='line_1_23' title="bbox 251 3202 1360 3285; baseline 0.003 -20"><span class='ocrx_word' id='word_1_160' title='bbox 251 3203 411 3267; x_wconf 85' lang='lat' dir='ltr'>Olelicem</span> <span class='ocrx_word' id='word_1_161' title='bbox 428 3204 671 3285; x_wconf 83' lang='lat' dir='ltr'>negociatorem!</span> <span class='ocrx_word' id='word_1_162' title='bbox 701 3224 718 3263; x_wconf 97' lang='lat' dir='ltr'>o</span> <span class='ocrx_word' id='word_1_163' title='bbox 741 3202 872 3265; x_wconf 89' lang='lat' dir='ltr'>nobilem</span> <span class='ocrx_word' id='word_1_164' title='bbox 895 3206 1110 3266; x_wconf 89' lang='lat' dir='ltr'>mercatorem!</span> <span class='ocrx_word' id='word_1_165' title='bbox 1140 3223 1157 3264; x_wconf 97' lang='lat' dir='ltr'>o</span> <span class='ocrx_word' id='word_1_166' title='bbox 1184 3204 1360 3269; x_wconf 89' lang='lat' dir='ltr'>admirabile</span> 
     </span>
     <span class='ocr_line' id='line_1_24' title="bbox 162 3311 1360 3396; baseline 0.004 -24"><span class='ocrx_word' id='word_1_167' title='bbox 162 3314 389 3382; x_wconf 88' lang='lat' dir='ltr'>commercium,</span> <span class='ocrx_word' id='word_1_168' title='bbox 418 3332 484 3374; x_wconf 90' lang='lat' dir='ltr'>cum</span> <span class='ocrx_word' id='word_1_169' title='bbox 508 3313 567 3396; x_wconf 89' lang='lat' dir='ltr'>piis</span> <span class='ocrx_word' id='word_1_170' title='bbox 592 3312 765 3375; x_wconf 83' lang='lat' dir='ltr'>elemosinis</span> <span class='ocrx_word' id='word_1_171' title='bbox 790 3330 918 3392; x_wconf 83' lang='lat' dir='ltr'>ragnum</span> <span class='ocrx_word' id='word_1_172' title='bbox 942 3311 1074 3373; x_wconf 90' lang='lat' dir='ltr'>celorum</span> <span class='ocrx_word' id='word_1_173' title='bbox 1091 3316 1301 3392; x_wconf 89' lang='lat' dir='ltr'>comparatur,</span> <span class='ocrx_word' id='word_1_174' title='bbox 1330 3319 1360 3377; x_wconf 92' lang='lat' dir='ltr'>et</span> 
     </span>
     <span class='ocr_line' id='line_1_25' title="bbox 160 3418 1358 3504; baseline 0 -21"><span class='ocrx_word' id='word_1_175' title='bbox 160 3422 342 3504; x_wconf 88' lang='lat' dir='ltr'>temporales</span> <span class='ocrx_word' id='word_1_176' title='bbox 375 3419 483 3482; x_wconf 84' lang='lat' dir='ltr'>diricie</span> <span class='ocrx_word' id='word_1_177' title='bbox 515 3439 568 3501; x_wconf 92' lang='lat' dir='ltr'>pro</span> <span class='ocrx_word' id='word_1_178' title='bbox 601 3420 713 3481; x_wconf 83' lang='lat' dir='ltr'>eternis</span> <span class='ocrx_word' id='word_1_179' title='bbox 744 3420 873 3482; x_wconf 88' lang='lat' dir='ltr'>teliciter</span> <span class='ocrx_word' id='word_1_180' title='bbox 894 3422 1120 3495; x_wconf 78' lang='lat' dir='ltr'>conmutantur!</span> <span class='ocrx_word' id='word_1_181' title='bbox 1144 3418 1358 3483; x_wconf 88' lang='lat' dir='ltr'>Verumtamen</span> 
     </span>
     <span class='ocr_line' id='line_1_26' title="bbox 160 3526 1359 3611; baseline 0.002 -21"><span class='ocrx_word' id='word_1_182' title='bbox 160 3529 373 3591; x_wconf 89' lang='lat' dir='ltr'>miserabilium</span> <span class='ocrx_word' id='word_1_183' title='bbox 385 3532 596 3611; x_wconf 88' lang='lat' dir='ltr'>paupertatum</span> <span class='ocrx_word' id='word_1_184' title='bbox 605 3528 685 3590; x_wconf 93' lang='lat' dir='ltr'>nulla</span> <span class='ocrx_word' id='word_1_185' title='bbox 699 3527 908 3596; x_wconf 90' lang='lat' dir='ltr'>miserabilior,</span> <span class='ocrx_word' id='word_1_186' title='bbox 926 3526 1005 3588; x_wconf 89' lang='lat' dir='ltr'>nulla</span> <span class='ocrx_word' id='word_1_187' title='bbox 1022 3526 1222 3589; x_wconf 89' lang='lat' dir='ltr'>miseracione</span> <span class='ocrx_word' id='word_1_188' title='bbox 1240 3528 1359 3609; x_wconf 84' lang='lat' dir='ltr'>dignior</span> 
     </span>
     <span class='ocr_line' id='line_1_27' title="bbox 162 3634 1357 3719; baseline 0.002 -21"><span class='ocrx_word' id='word_1_189' title='bbox 162 3640 340 3719; x_wconf 89' lang='lat' dir='ltr'>paupertate</span> <span class='ocrx_word' id='word_1_190' title='bbox 353 3635 525 3706; x_wconf 89' lang='lat' dir='ltr'>scolarium,</span> <span class='ocrx_word' id='word_1_191' title='bbox 542 3655 669 3716; x_wconf 90' lang='lat' dir='ltr'>qnorum</span> <span class='ocrx_word' id='word_1_192' title='bbox 682 3655 739 3716; x_wconf 85' lang='lat' dir='ltr'>ego</span> <span class='ocrx_word' id='word_1_193' title='bbox 756 3636 951 3706; x_wconf 87' lang='lat' dir='ltr'>miserrimus,</span> <span class='ocrx_word' id='word_1_194' title='bbox 964 3634 1130 3697; x_wconf 85' lang='lat' dir='ltr'>exinanitus</span> <span class='ocrx_word' id='word_1_195' title='bbox 1143 3656 1235 3719; x_wconf 89' lang='lat' dir='ltr'>snper</span> <span class='ocrx_word' id='word_1_196' title='bbox 1246 3636 1357 3700; x_wconf 90' lang='lat' dir='ltr'>labori-</span> 
     </span>
     <span class='ocr_line' id='line_1_28' title="bbox 161 3741 1357 3821; baseline 0.002 -17"><span class='ocrx_word' id='word_1_197' title='bbox 161 3744 221 3805; x_wconf 88' lang='lat' dir='ltr'>osis</span> <span class='ocrx_word' id='word_1_198' title='bbox 234 3742 344 3821; x_wconf 86' lang='lat' dir='ltr'>vigiliis</span> <span class='ocrx_word' id='word_1_199' title='bbox 357 3748 387 3804; x_wconf 88' lang='lat' dir='ltr'>et</span> <span class='ocrx_word' id='word_1_200' title='bbox 399 3742 536 3805; x_wconf 89' lang='lat' dir='ltr'>turbatus</span> <span class='ocrx_word' id='word_1_201' title='bbox 551 3742 692 3811; x_wconf 86' lang='lat' dir='ltr'>miseriis,</span> <span class='ocrx_word' id='word_1_202' title='bbox 706 3743 863 3806; x_wconf 88' lang='lat' dir='ltr'>demolitus</span> <span class='ocrx_word' id='word_1_203' title='bbox 877 3742 1012 3806; x_wconf 89' lang='lat' dir='ltr'>mordaci</span> <span class='ocrx_word' id='word_1_204' title='bbox 1025 3741 1223 3805; x_wconf 85' lang='lat' dir='ltr'>sollicitudine</span> <span class='ocrx_word' id='word_1_205' title='bbox 1238 3743 1357 3806; x_wconf 89' lang='lat' dir='ltr'>debito-</span> 
     </span>
     <span class='ocr_line' id='line_1_29' title="bbox 159 3849 1357 3934; baseline 0 -21"><span class='ocrx_word' id='word_1_206' title='bbox 159 3870 235 3913; x_wconf 91' lang='lat' dir='ltr'>rum.</span> <span class='ocrx_word' id='word_1_207' title='bbox 252 3849 1078 3931; x_wconf 78' lang='lat' dir='ltr'>Quapropterlaudabilemhonestatemvestramadtam</span> <span class='ocrx_word' id='word_1_208' title='bbox 1095 3850 1245 3913; x_wconf 88' lang='lat' dir='ltr'>salubrem</span> <span class='ocrx_word' id='word_1_209' title='bbox 1261 3872 1357 3934; x_wconf 83' lang='lat' dir='ltr'>nego-</span> 
     </span>
     <span class='ocr_line' id='line_1_30' title="bbox 160 3957 1356 4048; baseline 0.001 -27"><span class='ocrx_word' id='word_1_210' title='bbox 160 3957 325 4048; x_wconf 89' lang='lat' dir='ltr'>ciacionem</span> <span class='ocrx_word' id='word_1_211' title='bbox 341 3958 447 4019; x_wconf 82' lang='lat' dir='ltr'>invoco</span> <span class='ocrx_word' id='word_1_212' title='bbox 465 3962 494 4018; x_wconf 92' lang='lat' dir='ltr'>et</span> <span class='ocrx_word' id='word_1_213' title='bbox 510 3957 614 4027; x_wconf 84' lang='lat' dir='ltr'>invito,</span> <span class='ocrx_word' id='word_1_214' title='bbox 631 3979 743 4039; x_wconf 84' lang='lat' dir='ltr'>rogans</span> <span class='ocrx_word' id='word_1_215' title='bbox 760 3964 789 4020; x_wconf 90' lang='lat' dir='ltr'>et</span> <span class='ocrx_word' id='word_1_216' title='bbox 807 3959 974 4041; x_wconf 89' lang='lat' dir='ltr'>postulans,</span> <span class='ocrx_word' id='word_1_217' title='bbox 991 3964 1024 4020; x_wconf 90' lang='lat' dir='ltr'>ut</span> <span class='ocrx_word' id='word_1_218' title='bbox 1040 3957 1207 4020; x_wconf 80' lang='lat' dir='ltr'>miserentis</span> <span class='ocrx_word' id='word_1_219' title='bbox 1224 3960 1356 4022; x_wconf 92' lang='lat' dir='ltr'>miseriis</span> 
     </span>
     <span class='ocr_line' id='line_1_31' title="bbox 160 4065 1355 4151; baseline 0.001 -24"><span class='ocrx_word' id='word_1_220' title='bbox 160 4065 260 4128; x_wconf 83' lang='lat' dir='ltr'>devoti</span> <span class='ocrx_word' id='word_1_221' title='bbox 282 4065 386 4129; x_wconf 91' lang='lat' dir='ltr'>clerici</span> <span class='ocrx_word' id='word_1_222' title='bbox 408 4065 519 4136; x_wconf 88' lang='lat' dir='ltr'>vestri,</span> <span class='ocrx_word' id='word_1_223' title='bbox 539 4088 575 4128; x_wconf 88' lang='lat' dir='ltr'>ex</span> <span class='ocrx_word' id='word_1_224' title='bbox 591 4066 762 4149; x_wconf 79' lang='lat' dir='ltr'>provisione</span> <span class='ocrx_word' id='word_1_225' title='bbox 779 4087 846 4129; x_wconf 90' lang='lat' dir='ltr'>mec</span> <span class='ocrx_word' id='word_1_226' title='bbox 862 4067 1049 4151; x_wconf 89' lang='lat' dir='ltr'>paupertatis</span> <span class='ocrx_word' id='word_1_227' title='bbox 1066 4066 1151 4129; x_wconf 89' lang='lat' dir='ltr'>vobis</span> <span class='ocrx_word' id='word_1_228' title='bbox 1175 4067 1355 4149; x_wconf 83' lang='lat' dir='ltr'>comparetis</span> 
     </span>
     <span class='ocr_line' id='line_1_32' title="bbox 158 4173 1154 4254; baseline 0.002 -20"><span class='ocrx_word' id='word_1_229' title='bbox 158 4173 342 4242; x_wconf 88' lang='lat' dir='ltr'>thesaurum,</span> <span class='ocrx_word' id='word_1_230' title='bbox 361 4192 449 4254; x_wconf 89' lang='lat' dir='ltr'>quem</span> <span class='ocrx_word' id='word_1_231' title='bbox 466 4192 521 4235; x_wconf 89' lang='lat' dir='ltr'>nec</span> <span class='ocrx_word' id='word_1_232' title='bbox 539 4175 620 4235; x_wconf 89' lang='lat' dir='ltr'>lurcs</span> <span class='ocrx_word' id='word_1_233' title='bbox 638 4175 790 4246; x_wconf 84' lang='lat' dir='ltr'>iurantur,</span> <span class='ocrx_word' id='word_1_234' title='bbox 816 4194 873 4236; x_wconf 88' lang='lat' dir='ltr'>nec</span> <span class='ocrx_word' id='word_1_235' title='bbox 889 4176 970 4236; x_wconf 91' lang='lat' dir='ltr'>tinea</span> <span class='ocrx_word' id='word_1_236' title='bbox 988 4173 1154 4236; x_wconf 88' lang='lat' dir='ltr'>demolitur.</span> 
     </span>
    </p>
   </div>
   <div class='ocr_carea' id='block_1_7' title="bbox 249 4362 1470 4630">
    <p class='ocr_par' dir='ltr' id='par_1_9' title="bbox 249 4362 1470 4630">
     <span class='ocr_line' id='line_1_33' title="bbox 566 4362 944 4531; baseline 0.005 -21"><span class='ocrx_word' id='word_1_237' title='bbox 566 4449 586 4510; x_wconf 85' lang='lat' dir='ltr'>l</span> <span class='ocrx_word' id='word_1_238' title='bbox 602 4362 784 4531; x_wconf 60' lang='lat' dir='ltr'>prolaclcde</span> <span class='ocrx_word' id='word_1_239' title='bbox 800 4444 944 4514; x_wconf 80' lang='lat' dir='ltr'>naturali.</span> 
     </span>
     <span class='ocr_line' id='line_1_34' title="bbox 249 4551 1470 4630; baseline 0.002 -16"><span class='ocrx_word' id='word_1_240' title='bbox 249 4551 388 4616; x_wconf 89' lang='lat' dir='ltr'>Munifico</span> <span class='ocrx_word' id='word_1_241' title='bbox 406 4552 524 4616; x_wconf 90' lang='lat' dir='ltr'>domino</span> <span class='ocrx_word' id='word_1_242' title='bbox 542 4574 596 4616; x_wconf 93' lang='lat' dir='ltr'>sno</span> <span class='ocrx_word' id='word_1_243' title='bbox 615 4560 644 4616; x_wconf 93' lang='lat' dir='ltr'>et</span> <span class='ocrx_word' id='word_1_244' title='bbox 661 4574 678 4616; x_wconf 91' lang='lat' dir='ltr'>a</span> <span class='ocrx_word' id='word_1_245' title='bbox 695 4555 822 4618; x_wconf 88' lang='lat' dir='ltr'>naturali</span> <span class='ocrx_word' id='word_1_246' title='bbox 839 4554 979 4618; x_wconf 87' lang='lat' dir='ltr'>libertate</span> <span class='ocrx_word' id='word_1_247' title='bbox 997 4553 1122 4618; x_wconf 92' lang='lat' dir='ltr'>colendo</span> <span class='ocrx_word' id='word_1_248' title='bbox 1137 4554 1160 4616; x_wconf 84' lang='lat' dir='ltr'>C</span> <span class='ocrx_word' id='word_1_249' title='bbox 1178 4557 1235 4616; x_wconf 90' lang='lat' dir='ltr'>etc.</span> <span class='ocrx_word' id='word_1_250' title='bbox 1251 4555 1275 4616; x_wconf 89' lang='lat' dir='ltr'>H</span> <span class='ocrx_word' id='word_1_251' title='bbox 1294 4559 1351 4616; x_wconf 91' lang='lat' dir='ltr'>etc.</span> <span class='ocrx_word' id='word_1_252' title='bbox 1364 4589 1470 4630; x_wconf 56' lang='lat' dir='ltr'>mm</span> 
     </span>
    </p>
   </div>
   <div class='ocr_carea' id='block_1_8' title="bbox 159 4659 724 4744">
    <p class='ocr_par' dir='ltr' id='par_1_10' title="bbox 159 4659 724 4744">
     <span class='ocr_line' id='line_1_35' title="bbox 159 4659 724 4744; baseline 0.005 -24"><span class='ocrx_word' id='word_1_253' title='bbox 159 4659 287 4723; x_wconf 84' lang='lat' dir='ltr'>salutem</span> <span class='ocrx_word' id='word_1_254' title='bbox 304 4679 371 4723; x_wconf 92' lang='lat' dir='ltr'>cum</span> <span class='ocrx_word' id='word_1_255' title='bbox 389 4664 553 4744; x_wconf 89' lang='lat' dir='ltr'>spontaneo</span> <span class='ocrx_word' id='word_1_256' title='bbox 570 4661 724 4725; x_wconf 86' lang='lat' dir='ltr'>famulatu.</span> 
     </span>
    </p>
   </div>
   <div class='ocr_carea' id='block_1_9' title="bbox 0 0 1610 5392">
    <p class='ocr_par' dir='ltr' id='par_1_11' title="bbox 0 0 1610 5392">
     <span class='ocr_line' id='line_1_36' title="bbox 0 0 1610 5392; baseline 0 0"><span class='ocrx_word' id='word_1_257' title='bbox 0 0 1610 5392; x_wconf 95' lang='lat' dir='ltr'> </span> 
     </span>
    </p>
   </div>
  </div>
 </body>
</html>
