3209 5392
233 728 361 794 Domino
378 730 553 814 perenniter
565 728 605 813 a)
621 733 851 810 regnaturum“.
871 729 1075 796 Cenomanis
1091 728 1135 792 sic
1148 727 1198 801 fit,
1214 728 1300 791 verhi
1316 730 1438 809 gracia:

236 837 341 921 „quod
355 839 380 901 si
396 842 508 903 statum
519 843 615 909 tuum,
628 837 702 900 satis
716 836 839 920 quidem
855 836 993 902 omnihus
1011 844 1196 919 suspectum,
1211 837 1243 900 in
1256 838 1362 901 melius
1377 842 1439 900 nhu

231 947 412 1018 mutaveris,
446 946 526 1009 scias
558 945 630 1018 tihi,
658 951 802 1029 quantum
826 945 865 1008 ad
887 966 951 1017 me,
975 947 1072 1009 omnia
1095 946 1299 1027 promocionis
1323 964 1436 1026 genera

233 1052 375 1119 submota
392 1054 611 1139 quodammodo
628 1061 659 1117 et
675 1053 861 1119 subtracta.“

382 1258 425 1321 ee
440 1257 618 1340 quhmdsn
635 1256 817 1321 retehlllhm
833 1256 871 1320 ed
886 1258 1024 1340 predicte
1039 1252 1077 1336 d)
1095 1257 1286 1322 necessariis.

321 1416 476 1500 Expeditis
499 1422 530 1480 et
550 1417 742 1500 pertractatis
759 1416 898 1498 superius
921 1417 1052 1502 quinque
1068 1417 1204 1499 partibus
1220 1414 1438 1499 principalibus

230 1524 375 1606 epistole,
404 1545 484 1588 nunc
512 1525 641 1609 quedam
668 1525 827 1608 generales
855 1525 1024 1588 dictaminis
1052 1525 1156 1608 regule
1185 1529 1255 1589 sunt
1286 1523 1436 1607 ponende.

230 1631 404 1697 Notandum
430 1634 524 1716 igitur
545 1634 577 1697 in
598 1633 719 1715 primis,
741 1634 822 1717 qnod
850 1634 882 1696 in
909 1633 1004 1696 literis
1026 1635 1235 1698 inconsuetum
1257 1632 1438 1715 principium

226 1741 299 1822 poni
315 1761 376 1804 nou
392 1741 484 1805 dehet
500 1761 556 1806 nec
572 1743 779 1824 incompetens
796 1741 876 1813 finis,
894 1742 1022 1825 quedam
1046 1744 1126 1805 enim
1143 1742 1291 1804 dictiones
1309 1740 1348 1827 ο)
1366 1748 1438 1803 sunt

228 1848 448 1930 quodammodo
465 1851 658 1933 appropriate
675 1850 713 1913 ad
728 1849 887 1933 principia,
904 1855 952 1913 ut:
969 1850 1074 1933 liquet,
1090 1850 1161 1914 licet
1177 1850 1229 1935 d),
1246 1854 1367 1913 constat
1382 1868 1437 1930 pro

228 1962 332 2031 certo,
348 1979 402 2041 pro
420 1961 571 2024 constanti
587 1966 618 2023 et
641 1965 743 2030 cetera
765 1960 883 2032 similia,
906 1965 937 2022 et
958 1958 1018 2023 hoc
1041 1959 1072 2023 in
1089 1959 1189 2023 multis
1206 1958 1355 2041 negociis,
1373 1979 1434 2020 non

226 2067 375 2132 tamenin
392 2069 541 2142 omnihus,
559 2074 592 2134 ut
607 2074 691 2152 patet
707 2076 829 2152 experto
846 2069 973 2132 notario.
993 2069 1132 2133 Solemus
1149 2069 1244 2132 eciam
1260 2066 1435 2130 huiusmodi

226 2176 386 2256 genitivis,
403 2177 605 2251 accusativis,
622 2178 760 2241 ablativis
777 2178 821 2241 uti
837 2176 868 2239 in
883 2176 1040 2259 principiis
1057 2177 1184 2240 maxime
1200 2177 1434 2257 rescripturum

225 2283 309 2347 verhi
336 2287 457 2369 gracia:
490 2287 628 2362 „Tenere
656 2286 811 2351 literarum
839 2291 957 2349 tuarum
979 2286 1148 2368 perlecto“‚
1170 2286 1259 2348 item:
1291 2284 1432 2359 „hiteras

226 2395 401 2457 reverencie
429 2400 529 2459 vestre
557 2395 728 2478 recepimus
755 2395 786 2457 in
802 2395 860 2458 hec
884 2395 996 2459 verha“
1021 2399 1052 2457 et
1074 2394 1182 2458 similia
1209 2393 1311 2457 multa.
1330 2392 1437 2454 —De

228 2500 288 2564 fine
311 2505 493 2585 competenti
520 2504 579 2569 hoc
607 2509 723 2576 teneas,
753 2503 834 2586 quod
861 2504 1045 2585 respondeat
1071 2503 1219 2585 principio
1248 2500 1375 2564 materie
1405 2505 1436 2562 et

227 2610 325 2673 medio
348 2610 385 2698 ¹).
402 2612 495 2675 Item
511 2613 626 2697 antiqui
642 2612 674 2674 in
690 2612 825 2695 epistolis
841 2611 951 2694 triplici
968 2612 1014 2675 usi
1031 2618 1101 2675 sunt
1114 2610 1323 2675 distinctione:
1340 2609 1436 2691 prima

225 2722 273 2782 est
289 2721 477 2803 suspensiva,
500 2720 634 2785 secunda
651 2727 806 2793 constans,
823 2721 919 2784 tercia
936 2720 1131 2803 completiva,
1148 2720 1203 2783 sed
1224 2719 1282 2782 hee
1307 2718 1434 2781 distinc-

225 2828 325 2892 tiones
338 2829 418 2911 apud
430 2830 590 2894 modernos
608 2832 706 2895 minus
724 2830 760 2915 e)
777 2834 922 2894 curantur
933 2850 987 2912 pro
1001 2836 1096 2903 tanto,
1110 2831 1147 2894 de
1159 2830 1218 2893 hiis
1233 2831 1300 2894 duxi
1313 2830 1436 2893 minime

223 2937 476 3021 prosequendum.
509 2939 601 3002 ltem
622 2958 733 3003 nomen
747 2938 826 3011 loci,
851 2959 959 3002 nornen
974 2958 1122 3020 persone,
1151 2959 1260 3001 nomen
1278 2937 1434 3020 dignitatis

226 3049 273 3110 vel
300 3046 392 3111 officii
420 3067 541 3131 semper
569 3048 660 3112 dehet
686 3049 717 3112 in
738 3048 931 3133 {salutacione
959 3048 1086 3130 apponi,
1115 3055 1164 3112 ut:
1198 3048 1306 3124 „Petro
1338 3047 1434 3111 iudici

225 3155 437 3221 Wiennensi“.
455 3157 548 3219 ltem
565 3156 645 3220 nulla
661 3157 753 3221 dictio
770 3157 863 3219 semel
878 3157 977 3239 posita
992 3156 1096 3239 sepius
1112 3157 1247 3229 iteretur,
1258 3156 1324 3219 ‘nisi
1340 3157 1381 3219 sit
1397 3155 1435 3218 de

225 3268 333 3328 natura
350 3265 496 3327 sermonis
514 3270 545 3328 et
561 3284 653 3328 causa
671 3266 862 3328 necessitatis
879 3265 1002 3328 evidens
1018 3265 1077 3328 hoc
1093 3267 1248 3349 requirat,
1272 3272 1305 3330 ut
1326 3266 1358 3327 in
1374 3266 1434 3328 hoc

226 3374 378 3454 exemplo:
405 3373 531 3448 „Petrus
560 3378 601 3436 et·
613 3373 759 3437 Martinus
788 3375 881 3438 multa
903 3374 1027 3436 crimina
1053 3373 1284 3447 commiserunt,
1312 3382 1436 3458 propter

228 3500 286 3564 qne
307 3481 453 3545 Martinus
481 3480 643 3564 suspendio
671 3480 854 3562 traditurf)
871 3488 903 3545 et
923 3482 1030 3546 Petrus
1058 3482 1089 3543 in
1112 3481 1231 3544 exilium
1248 3483 1435 3565 relegatur“,

227 3609 297 3652 nam
328 3590 483 3653 fastidium
504 3594 541 3672 a)
565 3597 727 3672 generaret
758 3591 851 3654 dictio
883 3592 985 3673 sepius
1019 3592 1138 3663 iterata,
1167 3595 1200 3653 ut
1228 3591 1286 3654 ihi:
1319 3593 1432 3667 „Cuius

185 3774 189 3781 ,
229 3697 360 3763 racionis
374 3705 457 3763 racio
469 3719 530 3762 non
543 3699 662 3771 existat,
675 3699 703 3761 ei
719 3700 835 3763 vacinni
847 3721 907 3764 nun
921 3707 968 3763 est
979 3699 1053 3762 tides
1067 3699 1269 3765 adhihenda“.
1287 3702 1380 3764 Item
1397 3702 1427 3764 in

228 3827 343 3871 summa
370 3815 440 3872 nota
469 3808 549 3893 quod
578 3808 673 3872 omnis
701 3808 836 3873 notarius
864 3808 923 3872 ista
947 3808 1038 3871 debet
1069 3809 1263 3872 considerare
1296 3809 1436 3875 scilicet:

227 3914 1433 4002 ordinemconstructionis,dehitamadiectivorumetverhorumopposicionem,

225 4024 410 4101 intellectum
425 4024 604 4097 locucionis,
620 4045 720 4089 mores
743 4025 896 4089 hominum
913 4031 944 4109 et
966 4026 1214 4090 consuetudinem
1236 4033 1383 4092 terrarum
1405 4037 1436 4095 et

226 4134 405 4203 satisfacere
421 4133 564 4197 voluntati
581 4134 726 4198 mittentis
746 4140 776 4198 et
798 4154 876 4218 eque
899 4134 1074 4217 recipientis
1091 4142 1122 4199 et
1139 4155 1196 4219 que
1213 4138 1253 4201 sit
1269 4138 1388 4203 fortuna
1405 4145 1436 4204 et

227 4241 366 4308 condicio
383 4242 538 4325 utriusque
554 4248 586 4305 et
613 4243 692 4326 quod
719 4242 788 4307 talis
817 4244 863 4307 sit*
883 4243 1025 4316 materia,
1054 4264 1112 4327 que
1140 4245 1299 4311 conveniat
1320 4247 1361 4311 illi
1387 4250 1436 4313 oui

228 4352 318 4417 litera
333 4351 508 4415 destinatur.
1215 4368 1218 4373 ·

328 4514 363 4585 a)
392 4513 563 4585 perhenniter
585 4515 612 4568 Z.
631 4544 658 4554 —
675 4514 707 4587 h)
719 4514 753 4569 ad
765 4515 886 4587 prediola
899 4516 970 4570 fehlt
981 4515 1011 4569 V.
1031 4547 1058 4556 —
1074 4516 1104 4589 c)
1130 4515 1261 4572 dictiones
1273 4518 1340 4576 fehlt
1357 4520 1386 4577 V.
1400 4552 1436 4563 -

234 4606 270 4681 d)
286 4604 352 4663 lioet
361 4605 429 4660 fehlt
439 4603 468 4660 V.
486 4634 514 4645 —
531 4605 561 4677 e)
576 4624 627 4661 non
641 4608 667 4662 Ζ.
686 4636 714 4647 -
729 4605 888 4679 Otarditur
900 4607 931 4662 V.
944 4636 980 4647 -
996 4607 1033 4680 q)
1047 4607 1172 4680 iastigum
1187 4611 1217 4667 V.

230 4723 554 4739 §m

257 4796 279 4862 ί)
293 4799 436 4861 Vergleiohe
454 4800 479 4847 8.
497 4800 536 4847 20.
