3209 5392
205 485 284 557 252

290 660 484 729 Erganzungen
503 676 550 712 aus
566 658 654 729 Ripnll
671 661 814 716 Bullatium
834 663 891 716 ord.
909 660 1122 717 Praedicatorum
1142 662 1161 723 l,
1184 661 1247 715 419.
1273 663 1394 717 Urbanus

201 767 245 820 ep.
259 766 316 802 ss.
330 749 378 804 Dei
397 749 500 804 dilectis
519 749 579 803 filiis
592 750 727 818 magistro,
740 751 873 822 prioribus
888 756 914 806 et
926 751 1052 805 fratribus
1066 751 1165 805 ordinis
1183 753 1396 823 praedicatorum

201 837 227 889 in
241 839 356 908 generali
370 838 484 908 capitrdo
496 838 615 893 Bonouie
628 840 800 910 congregatis
814 858 836 893 s·
851 844 879 894 et
892 859 915 914 a.
928 842 953 894 b.
974 869 1008 879 —
1021 840 1054 910 α)
1070 840 1104 894 ad
1116 841 1200 895 instar
1213 842 1393 913 apostolorum

200 926 336 998 principis,
350 944 429 996 quem
444 929 532 1000 pelagi
542 927 638 983 fluctus
655 932 792 984 exterruit.
803 961 831 969 -
839 927 874 1002 β)
888 931 948 988 Wie
963 947 1053 984 ernon
1067 931 1146 986 ibnen
1159 931 1293 986 lriudlicbe
1307 933 1395 1002 Erge-

200 1015 309 1071 benbeit
321 1017 516 1089 beausprucbc‚
529 1036 560 1071 so
579 1020 667 1074 werde
687 1036 717 1073 er
736 1019 816 1074 ibnen
830 1020 976 1075 vlterlicbe
996 1020 1066 1073 Huld
1084 1021 1241 1088 gewahren:
1261 1019 1388 1075 Ceterum

202 1136 235 1145 -
253 1108 382 1162 sentietis.
395 1109 490 1161 Datum
502 1108 611 1163 Viterbii
625 1109 715 1162 ldibus
727 1110 825 1180 Aprilis
838 1110 1006 1181 pontificatus
1021 1111 1103 1162 nostri
1117 1127 1187 1163 anno
1200 1110 1293 1180 primo.

291 1197 343 1251 Das
357 1196 594 1268 General·Cnpitel
607 1199 697 1251 wurde
709 1216 750 1252 am
763 1197 807 1252 28.
820 1200 871 1252 idai
885 1198 957 1252 1262
970 1187 1138 1267 abgebalten.
1159 1198 1246 1269 Ripoll
1259 1199 1276 1252 1.
1290 1216 1314 1253 c.
1327 1199 1391 1253 420.

202 1288 346 1341 Garbsrt
357 1289 513 1343 schreibt
527 1289 644 1344 diesen
659 1289 753 1342 Brief
764 1288 953 1344 falscblich
967 1290 1039 1342 dem
1051 1289 1160 1357 Kbnig
1172 1286 1332 1343 liudolfi.
1347 1308 1393 1343 uu.

776 1619 838 1691 39.

576 1765 757 1895 vinperator
781 1813 843 1876 suls
867 1814 1015 1876 lldelibus.

203 1989 292 2060 Konig
304 1990 408 2061 liudolf
421 1990 518 2042 alcen
535 1989 600 2044 zuei
615 1990 746 2043 Getreuea
763 1987 809 2041 die
821 1987 946 2051 Dienatc,
968 1988 1013 2042 die
1029 1989 1070 2043 sie
1088 1989 1147 2043 dem
1160 1989 1259 2043 Reicbe
1270 1970 1400 2044 aodbreod

204 2080 252 2132 dee
264 2081 457 2150 interregnum
470 2079 592 2151 sebaldip
605 2078 740 2150 poblieben
751 2079 825 2144 sind,
844 2081 901 2132 aad
918 2078 1040 2149 beetdtigt
1055 2079 1133 2134 abaco
1153 2080 1198 2134 die
1215 2080 1397 2151 Beeitzungem

521 2169 566 2225 die
577 2168 618 2223 sie
630 2168 658 2222 in
666 2170 749 2238 jener
760 2168 819 2222 Zeit
831 2169 965 2222 armorica
976 2167 1070 2222 bolca.

294 2328 374 2383 Gerb.
388 2329 413 2390 3,
428 2332 452 2384 3.

293 2491 424 2572 Dignum
439 2490 554 2554 iudicat
569 2496 673 2554 nostra
692 2491 839 2553 serenitas
857 2496 887 2553 et
903 2490 1039 2554 decernit
1055 2491 1105 2575 a),
1123 2492 1204 2574 quod
1226 2493 1306 2556 sicut
1328 2513 1401 2575 per-

205 2619 346 2663 sonarum
363 2605 411 2662 est
425 2600 576 2663 distinctio
594 2605 625 2662 et
636 2601 780 2670 locorum,
794 2600 838 2661 sic
853 2605 883 2661 et
894 2599 1067 2663 meritorum
1086 2600 1286 2681 quorumlibet
1299 2601 1400 2683 dispar

205 2714 362 2790 respectus
391 2714 422 2770 et
450 2699 603 2770 dissimilis
629 2707 843 2771 retribucionis
872 2708 999 2789 qualitas
1032 2708 1195 2781 habeatur,
1224 2715 1399 2793 tantumque

206 2816 367 2898 unicuique
398 2821 543 2897 augeatur
579 2815 681 2897 gracie
714 2820 743 2877 et
774 2816 903 2887 favoris,
942 2821 1084 2898 quantum
1122 2836 1175 2879 sua
1214 2817 1397 2900 obsequiosa

87 2917 132 2955 ⁹⁰¹¹
141 2916 195 2960 ⁴²¹‘·
206 2922 333 2986 fidelitas
357 2923 466 2986 ceteris
488 2922 623 2986 noscitur
643 2922 821 3004 prepollere.
867 2922 941 2984 Cum
971 2924 1072 3004 itaque
1102 2942 1157 2987 vos
1179 2924 1225 2986 Jo.
1250 2929 1281 2986 et
1307 2925 1342 2987 H.
1361 2925 1404 3009 b)

204 3036 265 3094 tam
285 3030 409 3093 devotos
427 3036 548 3114 tamque
573 3029 677 3092 fideles
696 3049 783 3092 sacro
800 3030 933 3092 Romano
953 3029 1077 3112 imperio
1098 3030 1240 3102 sciamus,
1259 3032 1338 3114 quod
1361 3033 1399 3095 de

204 3139 350 3202 similibus
395 3138 480 3201 vobis
520 3141 559 3202 sit
596 3159 657 3201 non
690 3138 809 3200 modica
853 3138 1018 3201 certitudo:
1058 3159 1114 3201 nos
1156 3138 1283 3220 proinde
1313 3139 1399 3202 vobis

204 3247 360 3329 cupientes
376 3246 540 3327 inpendere
556 3267 662 3309 munus
685 3252 716 3308 et
737 3245 975 3308 munificenciam
992 3245 1095 3326 gracie
1112 3246 1269 3327 specialis,
1300 3247 1398 3310 omnia

205 3354 343 3426 servicia,
361 3374 419 3437 que
435 3360 570 3435 tempore
582 3354 717 3416 vacantis
725 3353 847 3435 imperii
859 3354 886 3441 ¹)
901 3373 996 3435 usque
1009 3353 1048 3415 ad
1061 3358 1193 3417 nostram
1208 3353 1399 3417 mencionem

206 3463 345 3545 cuiquam
366 3460 540 3543 imperatori
561 3462 608 3523 rel
633 3465 700 3541 regi
717 3460 864 3524 debuistis
881 3460 1058 3543 inpendere,
1081 3461 1217 3543 quitquid
1236 3461 1337 3524 eciam
1361 3462 1399 3524 de

204 3571 291 3634 bonis
308 3569 426 3651 imperii
447 3566 547 3631 medio
569 3574 704 3650 tempore
727 3568 888 3632 occasione
910 3566 1056 3630 bellorum
1078 3588 1132 3631 ros
1161 3569 1399 3650 opprimencium

204 3678 380 3760 recepistis,
407 3676 466 3740 hec
490 3676 588 3740 omnia
611 3678 647 3740 de
669 3676 856 3758 benignitate
879 3678 965 3757 regia
986 3675 1072 3739 vobis
1097 3676 1336 3741 misericorditer
1361 3698 1397 3741 ac

203 3787 367 3850 liberaliter
388 3786 593 3866 indulgemus,
610 3784 720 3848 nullam
741 3784 828 3847 vobis
844 3804 898 3866 pro
916 3784 1003 3867 culpa
1018 3803 1126 3865 penam
1142 3785 1188 3846 vel
1205 3804 1283 3866 pene
1299 3787 1397 3850 comi-

203 3896 360 3959 nacionem
387 3895 572 3976 aliquatenus
599 3893 773 3963 inferendo,
803 3892 858 3955 sed
890 3912 943 3954 vos
965 3893 1071 3973 pocius
1095 3895 1125 3955 in
1150 3876 1228 3956 omni
1245 3894 1348 3956 lavore
1365 3901 1396 3958 et

204 4003 307 4084 gracia
324 4003 540 4066 consolacionis
558 4001 706 4064 uberrime
724 4008 754 4064 et
769 4001 964 4082 protectionis
982 4000 1129 4064 beneficio
1148 4003 1341 4066 consolando.

295 4202 329 4271 o)
344 4201 465 4256 decrevit
478 4202 505 4252 Z.
525 4230 551 4238 -
568 4200 600 4267 b)
614 4201 642 4251 P.
658 4203 685 4252 et
699 4200 728 4251 ll.
743 4198 823 4251 Gerb.
848 4198 902 4251 und
915 4199 942 4249 Z.

207 4397 531 4405 -Μ

229 4513 253 4569 ¹)
272 4511 491 4566 baslntcrregnnm
517 4510 617 4553 rcebnet
634 4508 731 4560 liudolf,
759 4508 802 4551 wie
828 4519 869 4551 aus
893 4506 970 4549 vielen
995 4506 1073 4548 seiner
1091 4505 1217 4549 Urlrundcn
1243 4507 1398 4565 bervorgebt,

269 4603 314 4634 von
339 4590 382 4633 der
399 4590 458 4640 Zeit,
484 4602 520 4633 wo
543 4590 659 4635 lunocenz
677 4590 712 4634 lV.
737 4587 778 4632 auf
798 4588 849 4630 dem
871 4586 1000 4631 Concilium
1027 4600 1055 4629 zu
1073 4586 1137 4641 Lyon
1164 4586 1252 4646 (1245)
1272 4588 1333 4631 liann
1353 4589 1398 4632 und

268 4671 404 4727 Absetzuug
421 4670 478 4715 iiber
493 4669 615 4714 Friedrich
627 4671 654 4712 ll.
672 4668 805 4724 nussprach‚
825 4668 860 4711 bis
877 4667 918 4711 auf
931 4668 996 4711 seins
1014 4666 1088 4709 stl.
