3209 5392
263 496 313 568 56

259 673 422 749 secundum
445 673 542 737 datam
564 675 621 738 sibi
643 676 768 738 sormam
790 676 821 737 in
843 675 949 749 literis,
964 682 1066 759 potest
1081 677 1121 764 α)
1138 677 1268 740 visitare.
1301 678 1453 762 Competit

259 787 358 843 autem
364 783 534 863 specialiter
541 784 828 866 exemptispersonis
837 788 867 846 et
879 786 1028 858 ecclesiis,
1036 806 1093 868 que
1102 785 1219 849 scilicet
1231 785 1400 851 immediate
1409 786 1452 873 l)

261 889 377 952 domino
394 910 470 972 pape
498 892 634 964 subsunt,
658 899 688 955 et
709 893 778 957 ideo
800 893 1038 976 archiepiscopis
1061 901 1092 957 et
1109 894 1259 976 episcopis
1277 914 1369 977 super
1383 895 1450 958 illas

250 1000 423 1083 *auctoritas
440 1021 498 1071 non
515 1002 669 1083 competit,
686 1002 743 1063 nisi
759 1003 797 1065 de
813 1023 890 1085 pape
907 1003 1046 1065 mandato
1063 1008 1094 1066 et
1107 1003 1299 1085 heneplacito
1317 1003 1451 1085 speciali.

258 1108 365 1171 Forma
382 1113 480 1171 autem
496 1110 647 1173 scribendi
663 1111 779 1173 literam
795 1111 974 1175 visitationis
989 1111 1057 1174 talis
1075 1132 1143 1174 esse
1166 1110 1274 1175 dehet:
1298 1111 1453 1175 Visitatori

258 1216 352 1298 primo
366 1217 506 1281 scribitur
513 1219 616 1281 ordine
630 1219 814 1283 salutationis
827 1219 985 1301 premisso,
998 1219 1454 1303 deindesequiturprohemium

259 1324 338 1406 quod
359 1325 483 1388 materie
505 1346 667 1389 consonum
689 1328 744 1398 sit,
773 1328 851 1390 sicut
873 1334 920 1390 est
941 1328 1028 1391 illud:
1059 1327 1210 1401 „visitavit
1226 1348 1280 1391 uos
1301 1328 1401 1392 oriens
1418 1330 1455 1390 ex

259 1435 337 1497 alto“
354 1432 380 1519 ¹)
394 1438 424 1495 et
435 1434 550 1497 similia.
567 1435 683 1498 Deinde
701 1436 835 1519 sequitur
854 1436 966 1499 directa
980 1437 1100 1501 monitio
1113 1437 1152 1499 ad
1164 1437 1244 1500 illum
1257 1438 1304 1499 cui
1317 1437 1457 1500 commit·

259 1542 331 1605 titur
343 1542 483 1614 visitatio,
500 1550 531 1606 ut
551 1543 630 1606 idem
646 1544 736 1606 talem
749 1565 782 1606 se
796 1544 935 1609 exhibeat
945 1545 1036 1608 verbo
1054 1551 1084 1608 et
1100 1532 1246 1628 exemplo,
1259 1566 1298 1608 ne
1309 1565 1376 1607 cum
1389 1544 1455 1606 aliis

259 1649 460 1732 predicaverit
477 1651 523 1734 ε),
550 1651 615 1733 ipse
641 1653 786 1734 reprobus
808 1653 994 1716 inveniatur..
1015 1655 1123 1717 Postea
1139 1655 1258 1736 ponitur
1273 1653 1456 1724 mandatum,

261 1759 339 1842 quod
364 1759 437 1821 satis
462 1760 597 1823 strictum
620 1760 650 1823 in
673 1760 893 1824 visitationibus
911 1762 1002 1824 debet
1025 1782 1105 1834 esse,
1130 1763 1201 1825 item
1217 1766 1335 1843 tempus
1354 1761 1457 1824 deter-

261 1866 403 1939 minatum
418 1869 487 1951 poni
504 1869 605 1940 dehet,
621 1869 698 1932 intra
716 1870 795 1952 quod
810 1870 941 1943 visitatio
958 1871 1149 1952 compleatur.
1182 1870 1274 1934 Verbi
1292 1868 1400 1951 gratia.

688 2038 790 2099 lorma
807 2037 1020 2100 visitationum.

321 2168 323 2171 ’
352 2153 516 2240 Gregorius
545 2180 569 2221 s.
593 2179 617 2221 s.
647 2159 757 2222 dilecto
781 2160 812 2222 in
841 2160 959 2223 Christo
987 2159 1046 2222 lilio
1062 2159 1103 2246 d)
1121 2159 1172 2222 tali
1195 2179 1242 2243 ep.
1266 2154 1339 2224 etc.¹
1359 2160 1459 2242 Super

262 2267 399 2330 custodia
420 2244 523 2349 gregis
546 2288 563 2330 a
584 2268 710 2331 Domino
733 2269 820 2331 nohis
843 2268 950 2330 crediti
973 2268 1101 2331 sollicite
1118 2268 1276 2350 vigilantes
1298 2268 1337 2331 ad
1359 2268 1458 2351 ipsum

263 2373 441 2437 salutaribus
457 2374 577 2456 pascuis
594 2375 780 2440 nutriendum
796 2376 844 2463 e),
862 2382 1002 2459 quantum
1018 2377 1103 2440 nohis
1117 2377 1292 2440 conceditur
1305 2376 1459 2452 divinitus,

262 2482 444 2555 laboramus,
466 2504 525 2547 non
540 2483 687 2547 immerito
705 2485 899 2548 formidantes
916 2505 1039 2547 examen
1056 2485 1146 2548 divini
1163 2486 1265 2548 iudicii
1282 2492 1312 2548 et
1329 2483 1460 2547 districti

262 2592 382 2665 iudicis,
400 2593 449 2675 qui
465 2593 612 2674 perditum
626 2591 667 2672 f)
684 2593 860 2674 sanguinem
884 2593 1070 2658 subditorum
1102 2594 1156 2657 suh
1189 2594 1262 2657 dure
1278 2594 1319 2678 9)
1334 2591 1460 2656 rationis

265 2701 378 2763 calculo
395 2705 511 2782 repetet
528 2722 545 2763 a
560 2701 693 2782 prelatis,
717 2701 821 2764 dicens
843 2723 898 2784 per
919 2702 1112 2785 prophetam:
1148 2703 1247 2776 „Ecce
1265 2722 1322 2783 ego
1338 2699 1378 2786 i)
1396 2700 1462 2783 ipse

265 2810 416 2893 requiram
444 2830 514 2871 oves
542 2830 624 2871 meas
653 2817 683 2872 et
709 2809 837 2873 visitabo
866 2810 930 2872 illas
965 2810 1043 2873 sicut
1070 2810 1172 2873 visitat
1201 2817 1305 2894 pastor
1335 2828 1462 2891 gregem

267 2930 371 2981 suum“
383 2919 423 3005 ²),
442 2917 525 2979 cuius
542 2938 614 2980 sane
630 2918 808 2982 visitationis
824 2918 903 2981 labia
919 2917 1123 2999 indignatione
1140 2925 1208 2982 sunt
1228 2920 1332 3002 plena,
1360 2918 1463 2999 lingua

267 3028 331 3090 eius
344 3026 441 3111 'quasi'
450 3026 566 3107 gladius
585 3026 731 3090 devorans
748 3027 822 3090 citat
848 3026 882 3113 ἱ)
898 3048 953 3090 nos
980 3027 1011 3089 in
1038 3046 1113 3090 voce
1131 3027 1315 3110 archangeli,
1336 3027 1368 3089 in
1390 3025 1463 3089 tuba

268 3135 428 3199 novissima
460 3134 498 3196 ad
530 3134 687 3197 concilium
718 3136 871 3216 generale,
909 3141 941 3198 ut
977 3135 1122 3198 universis
1160 3156 1280 3199 suorum
1311 3135 1464 3218 impendat

269 3243 418 3325 stipendia
433 3242 614 3305 meritorum.
639 3241 711 3323 Quis
727 3243 819 3325 igitur
835 3251 915 3306 stare
931 3244 1042 3326 poterit
1058 3244 1096 3306 ad
1111 3243 1270 3307 videndum
1286 3244 1378 3316 illum,
1396 3263 1464 3307 cum

269 3349 479 3415 revelabuntur
496 3351 593 3413 onmia
609 3351 786 3414 abscondita
801 3351 992 3415 tenebrarum
1009 3358 1039 3415 et
1054 3351 1156 3415 infelix
1172 3342 1329 3434 impiorum
1344 3350 1464 3414 nuditas

270 3459 440 3542 apparebit!
456 3458 542 3522 Unde
559 3459 597 3522 ad
613 3459 818 3523 confusionem
833 3466 1009 3543 perpetuam
1025 3460 1203 3533 evitandam,
1221 3466 1341 3544 oportet
1357 3479 1462 3523 omnes

273 3570 322 3652 qui
350 3569 474 3630 assumti
490 3574 558 3631 sunt
580 3568 618 3630 ad
631 3588 744 3649 agrum
768 3569 947 3632 dominicum
970 3569 1174 3642 excolendum,
1197 3590 1322 3651 granum
1344 3569 1465 3651 apalea

269 3701 324 3763 per
341 3678 538 3741 correctionis
555 3677 705 3759 flagellum
733 3683 873 3741 excutere
902 3678 1102 3741 et'zizaniam
1131 3698 1148 3740 a
1175 3681 1262 3761 fruge
1283 3678 1405 3741 triticea
1422 3676 1464 3760 lt)

273 3808 428 3871 separare,
444 3809 481 3850 ne
498 3787 611 3850 electos
628 3787 707 3850 fetor
723 3792 805 3849 tante
823 3788 1022 3871 corruptionis
1044 3786 1156 3851 inficiat
1178 3793 1208 3850 et
1229 3787 1305 3851 lilios
1321 3787 1379 3849 Dei
1396 3806 1466 3849 cum

274 3897 341 3960 filiis
364 3896 450 3958 huius
473 3895 573 3957 mundi
595 3896 669 3959 hora
690 3896 845 3978 repentine
876 3895 1051 3959 calamitatis
1080 3895 1197 3959 irretiat
1218 3896 1252 3983 l)
1270 3902 1301 3960 et
1322 3894 1464 3959 involvat.

277 4008 357 4070 Sane
384 4005 461 4073 inter
488 4005 560 4066 alias
589 4004 733 4066 eeclesias
761 4003 848 4067 nohis
870 4004 1004 4067 subditas
1026 4004 1237 4067 monasterium
1264 4004 1323 4067 tale
1351 4003 1467 4067 ordinis

277 4112 478 4196 cystercensis
496 4112 576 4175 circa
594 4112 846 4195 dispensationem
862 4113 1068 4196 temporalium
1080 4133 1116 4176 ac
1130 4114 1239 4176 cultum
1256 4113 1465 4176 ecclesiastice
1537 4188 1540 4195 .

368 4239 401 4307 α)
416 4237 515 4306 poterit
527 4238 556 4291 V.
573 4270 602 4278 —
618 4238 649 4306 b)
664 4239 690 4290 in
704 4239 846 4293 medietate
860 4240 890 4293 V.
903 4239 971 4308 -r)
984 4217 1191 4312 preiudicaverit
1210 4238 1239 4293 V.
1262 4268 1291 4278 -
1307 4238 1342 4308 d)
1363 4239 1392 4293 B.
1407 4239 1466 4293 talis

279 4329 394 4383 ecclesie
408 4345 449 4398 ep.
464 4327 511 4383 sal.
527 4331 554 4381 et
566 4343 608 4397 ap.
622 4323 717 4382 hired.
732 4330 760 4381 Z.
774 4359 808 4368 -
823 4330 855 4400 e)
870 4329 1014 4383 nutriendis
1027 4327 1057 4382 v.
1068 4329 1135 4399 -θ
1150 4333 1272 4399 paratum
1285 4328 1396 4400 V.-g)
1408 4327 1464 4382 dire

279 4423 306 4473 Ζ.
325 4450 352 4459 -
368 4418 402 4489 h)
418 4435 469 4486 ego
489 4420 555 4472 fehlt
566 4418 593 4471 V.
611 4451 641 4460 -
657 4420 682 4482 i)
696 4420 790 4475 citavit
801 4422 831 4475 V.
849 4451 877 4461 -
894 4420 928 4490 b)
944 4419 1072 4475 dominica
1088 4421 1116 4473 Z.
1135 4449 1162 4460 -
1178 4419 1204 4487 l)
1219 4419 1312 4474 reiciat
1326 4419 1356 4473 V.

287 4555 603 4565 ..Μ

317 4639 340 4695 ¹)
354 4640 394 4684 Er.
412 4639 537 4693 secundum
555 4634 639 4685 Lucam
657 4640 680 4692 1,
698 4649 733 4686 18.

315 4718 339 4779 ²)
353 4720 460 4765 Ezechiel
478 4720 517 4772 al,
538 4727 569 4765 lo.
