3209 5392
1287 477 1364 568 aas

172 661 276 726 velitis
288 659 400 744 aliquid
416 658 566 730 intimare,
578 675 634 739 per
647 653 726 739 quod
744 652 832 717 avida
846 656 1015 716 vestrarum
1032 636 1250 714 exaltacionum
1266 655 1369 713 nostra

174 769 299 833 devocio
316 770 395 833 inter
411 768 537 849 adeptos
560 766 620 828 lete
637 761 861 846 tranquillitatis
878 761 983 823 modos
999 760 1148 823 tutissime
1165 759 1302 821 foveatur
1318 762 1369 842 a),

174 878 348 942 intimantes
366 882 397 940 et
413 874 590 938 mandantes
607 873 633 934 si
650 891 707 954 qua
723 870 889 941 volueritis,
913 867 1052 951 quoniam
1068 866 1154 953 nobis
1171 866 1254 929 iussa
1270 872 1370 930 vestra

174 1004 339 1070 capescere
361 987 532 1066 promptum
554 984 603 1044 est
625 997 803 1063 quecunque
826 976 986 1060 protulerit
1013 980 1114 1039 vestra
1142 973 1371 1057 magnificencia

173 1092 350 1158 reverenda.

752 1291 816 1362 30.

549 1467 713 1551 llplseopus
730 1467 761 1532 ll.
780 1467 898 1530 domlne
913 1484 1003 1549 pape.

650 1626 730 1682 12⁷6.
744 1628 906 1683 December.

178 1774 341 1847 Endieclrof
357 1771 503 1830 martel
523 1789 575 1828 von
597 1772 729 1845 Salzdurp
748 1771 824 1827 thee’lt
846 1774 905 1827 dem
926 1774 1026 1843 Papetc
1039 1770 1145 1827 Jobann
1157 1773 1225 1827 XXI.
1247 1772 1305 1839 mit,
1328 1773 1379 1828 wic

183 1866 294 1932 Otalcar,
318 1865 370 1922 der
383 1864 430 1920 aba
446 1865 503 1920 und
520 1862 596 1919 aeine
613 1862 713 1919 Kircbe
733 1880 764 1917 eo
781 1862 845 1917 dart
856 1862 987 1957 oerfqlqc,
1010 1860 1069 1919 eieb
1082 1862 1189 1919 eodlicb
1202 1864 1262 1918 dem
1274 1864 1380 1937 Koniqe

588 1951 693 2024 liudolf
704 1952 883 2025 uotcrworfco
894 1952 969 2008 bale.

276 2099 360 2156 Gerb.
373 2099 401 2163 2,
413 2097 457 2155 58.
470 2098 600 2153 Boebmer
612 2096 822 2161 Reicbssacbcn,
834 2112 879 2150 no.
893 2096 954 2150 357.

271 2244 405 2310 Elevatis
432 2244 471 2307 ad
499 2243 597 2307 celum
624 2241 762 2305 manibus
790 2242 976 2324 redemptori
1004 2231 1124 2314 nostro,
1152 2243 1209 2331 Dei
1230 2243 1289 2306 filio
1306 2245 1381 2328 Jcsu

183 2352 316 2426 Christo,
329 2353 380 2417 leti
393 2353 498 2416 laudes
517 2349 696 2414 exsolvimus
714 2356 745 2413 et
762 2350 858 2432 ipsius
876 2350 982 2413 eximie
998 2351 1103 2433 pietati
1120 2351 1159 2413 ad
1176 2358 1290 2433 grates,
1308 2373 1381 2436 quas

185 2482 362 2545 possumus,
389 2460 543 2524 humiliter
563 2460 758 2531 inclinamus,
788 2459 838 2542 qui
856 2459 987 2522 ecclesie
1004 2480 1058 2522 suc
1074 2461 1215 2543 precibus
1233 2469 1383 2534 exoratus,

186 2590 348 2654 personam
360 2573 492 2633 vestram
508 2567 729 2631 sanctissimam
747 2567 906 2631 collocavit
921 2568 952 2630 in
976 2568 1129 2650 speculam
1146 2570 1336 2644 eminentem,
1353 2578 1385 2635 ut

191 2678 229 2743 ab
247 2679 307 2744 alto
324 2679 442 2751 luceat,
471 2683 501 2742 et
522 2678 660 2740 relucens
677 2677 715 2739 ad
732 2676 828 2740 instar
845 2677 958 2759 fulgide
974 2679 1152 2760 margarite,
1181 2686 1297 2744 mentes
1318 2681 1386 2743 illu-

191 2788 284 2851 minet
305 2788 405 2870 populi
428 2787 594 2850 christiani.
627 2788 691 2849 Hoc
715 2806 788 2868 ergo
813 2787 920 2849 eodem
941 2788 1022 2850 selici
1039 2793 1175 2870 tempore
1193 2808 1263 2872 quo,
1286 2789 1385 2853 divina

190 2897 294 2978 gracia
310 2898 475 2968 revelante,
491 2895 573 2959 beati
590 2895 672 2959 Petri
695 2894 899 2978 apostolorum
922 2895 1084 2977 principis,
1106 2903 1193 2977 pater
1209 2899 1384 2979 apostolice,

189 3005 355 3069 ascendere
372 3004 524 3068 meruistis
542 3004 746 3086 sollempniter
762 3003 980 3087 principatum,
1004 3004 1061 3066 Dei
1084 3003 1176 3077 tilius,
1207 3004 1385 3069 benedictus

189 3113 220 3176 in
236 3114 351 3187 secula,
367 3113 500 3177 visitavit
516 3114 545 3175 in
562 3112 698 3196 partibus
714 3113 867 3177 Alcmanie
883 3113 1003 3195 plebem
1025 3133 1110 3177 suam
1133 3120 1163 3177 et
1180 3116 1275 3178 erexit
1292 3135 1385 3178 cornu

191 3221 296 3285 salutis
325 3221 422 3285 nobis.
458 3222 575 3285 Cornua
604 3221 725 3304 quidem
752 3221 823 3283 iusti
846 3221 991 3283 Dominus
1015 3222 1155 3286 exaltavit
1169 3221 1234 3285 'hoc
1251 3228 1385 3304 tempore

193 3335 223 3393 et
254 3331 405 3412 confregit
437 3350 549 3395 cornua
586 3329 775 3413 peccatoris,
816 3331 866 3412 qui
895 3330 933 3416 b)
966 3330 1112 3393 adversus
1145 3350 1255 3413 corpus
1287 3332 1386 3395 tocius

193 3439 324 3503 ecclesie
348 3440 598 3522 corrumpendum
616 3441 691 3502 etin
709 3446 843 3503 nostram
859 3460 965 3502 necem
982 3440 1153 3521 specialiter
1168 3442 1321 3505 ferebatur
1337 3443 1385 3529 c).

190 3549 229 3612 Et
244 3548 316 3611 licet
331 3549 425 3621 multi,
442 3554 474 3612 ut
491 3548 652 3621 credimus,
668 3549 757 3611 buius
774 3548 819 3611 rei
832 3549 912 3630 apud
925 3555 1056 3612 vestram
1069 3550 1263 3613 clemenciam
1277 3551 1388 3613 suerint

192 3657 355 3729 relatores,
385 3678 439 3720 nos
462 3663 564 3721 tamen
585 3657 759 3740 paternitati
782 3664 883 3721 vestre
907 3656 951 3719 rei
973 3663 1060 3737 geste
1078 3659 1188 3721 seriem
1206 3664 1236 3723 et
1253 3658 1387 3722 ordinem

193 3766 330 3829 veritatis
347 3766 540 3849 presentibus
557 3767 734 3829 revelamus.

229 3896 233 3903 ·
282 3875 386 3957 Nuper
423 3874 560 3957 quidem,
599 3874 686 3937 nobis
724 3874 762 3936 ad
799 3874 923 3956 propria
953 3875 1157 3938 remeantibus
1190 3877 1227 3939 de
1259 3877 1387 3942 concilio

191 3982 397 4064 Lugdunensi‚
421 3989 451 4046 et
475 3984 610 4048 volentes
636 4004 672 4045 ea
701 3985 863 4067 prosequi,
893 4003 951 4066 que
976 3982 1094 4065 inipso
1119 3985 1246 4048 concilio
1269 3988 1389 4051 fuerant

194 4090 353 4154 salubriter
381 4091 534 4162 ordinata,
567 4091 690 4155 illustris
718 4074 764 4176 ¹cl)
795 4113 848 4154 rex
878 4093 1021 4155 Bobemie
1053 4093 1090 4155 ad
1123 4095 1168 4156 sui
1200 4097 1389 4177 presenciam

194 4219 250 4262 nos
277 4200 411 4272 vocavit,
439 4205 563 4263 vocatos
591 4220 735 4281 expresse
762 4200 932 4282 probibuit,
960 4222 998 4263 ne
1026 4201 1188 4275 decimam,
1218 4204 1389 4286 deputatam

73 4352 77 4361 »
194 4315 275 4372 terre
306 4316 412 4373 sancte
443 4328 497 4390 pro
530 4308 683 4380 subsidio,
726 4310 756 4372 in
787 4310 851 4372 suis
881 4310 1043 4373 territoriis
1076 4311 1177 4392 colligi
1208 4313 1389 4389 faceremus,

195 4435 271 4478 neve
304 4416 411 4499 aliquis
442 4422 578 4481 nostrum
605 4415 760 4480 salutifere
789 4417 888 4480 crucis
916 4417 1041 4499 gloriam
1068 4418 1248 4499 predicaret.
1281 4422 1390 4486 Postu-

195 4524 268 4588 lavit
300 4525 413 4598 eciam,
445 4532 478 4590 ut
506 4525 697 4589 iureiurando
727 4532 758 4589 et
785 4526 852 4589 aliis
881 4526 1008 4609 diversis
1043 4527 1238 4593 caucionibus
1267 4550 1391 4595 cavere·

290 4701 323 4773 a)
338 4706 473 4759 foveantur
486 4707 516 4759 V.
528 4734 561 4744 -
572 4706 604 4772 b)
619 4723 671 4775 qne
686 4704 766 4759 Gerb.
779 4733 812 4743 -
824 4706 856 4774 e)
869 4706 1026 4759 serebantur
1045 4708 1113 4762 elata
1130 4707 1210 4761 Gerb.
1222 4738 1254 4748 —
1266 4710 1300 4780 d)
1315 4711 1393 4765 Otto-

198 4809 276 4847 carus
291 4795 371 4848 Gerb.
