3209 5392
833 887 893 960 15.

479 1063 675 1126 benamu
691 1082 744 1127 rex
760 1065 946 1145 regrecfatur
962 1063 1079 1126 lente·
1097 1080 1174 1145 pape
1194 1059 1233 1145 ¹).

819 1221 899 1276 1280.

260 1364 346 1437 lr'dnt'g
363 1365 469 1430 lludolf
482 1365 565 1419 cante
582 1366 641 1418 dem
659 1369 758 1436 Papetc
774 1366 904 1420 Nicotaus
921 1368 970 1420 ΙΙΙ.
987 1365 1036 1437 ftlr
1053 1366 1150 1420 descen
1169 1363 1324 1437 Bemtlbunp
1341 1382 1384 1417 am
1404 1365 1457 1419 doe

260 1455 510 1509 Zuetandelcommen
532 1456 582 1508 ulcr
603 1452 714 1508 lleiratl
736 1455 867 1510 zwieclreo
888 1456 976 1509 ceiner
1002 1453 1113 1508 Tocbler
1138 1455 1283 1509 Clementia
1308 1455 1366 1508 und
1392 1454 1459 1508 Cart

487 1546 594 1611 blanel,
608 1545 668 1599 dem
681 1544 767 1599 Enitel
777 1547 826 1601 dee
837 1546 940 1617 Konipe
956 1544 1018 1599 cmi
1029 1561 1079 1597 con
1094 1541 1215 1598 Sicilien.

349 1687 491 1750 Rodmann,
503 1706 530 1758 p.
543 1688 587 1741 vl.
600 1687 707 1743 Rudolfi
720 1689 754 1742 ad
766 1705 894 1744 summum
907 1686 1063 1758 pontificem
1076 1688 1191 1743 litterae.

352 1832 477 1896 Gemina
499 1833 543 1919 a)
576 1833 710 1896 caritatis
738 1833 870 1916 igniculo
905 1835 1017 1898 dudum
1052 1834 1242 1899 calescencia
1264 1834 1304 1918 b)
1332 1833 1455 1916 pietatis

260 1944 385 2022 paterne
419 1939 595 2021 precordia,
623 1941 698 2003 mire
732 1941 927 2026 providencie
950 1943 1057 2005 studiis
1087 1942 1160 2019 urbi·
1178 1948 1208 2005 et
1239 1941 1305 2006 orbi
1335 1942 1456 2024 prospi-

262 2046 390 2118 ciencia,
418 2046 541 2129 copiose
569 2046 732 2128 flagrancie
760 2047 866 2129 globos
901 2046 1011 2131 ubique
1047 2049 1262 2121 disseminant,
1294 2067 1350 2130 per
1380 2067 1457 2130 quos

261 2154 374 2218 karitas
390 2154 537 2217 hacteuus
553 2154 777 2236 refrigescens,
799 2155 934 2219 redivive
956 2176 1062 2220 rursus
1085 2157 1254 2221 dulcedinis
1270 2155 1456 2219 incrementa

262 2262 442 2344 suscipiens,
459 2262 603 2326 coalescit
620 2267 650 2325 et
665 2262 795 2344 proficit,
815 2264 1008 2327 condensatis
1025 2264 1159 2329 tenebris
1176 2264 1293 2346 spargit
1309 2263 1410 2327 radios
1427 2272 1457 2325 ct

261 2371 379 2453 lapidea
396 2371 488 2434 corda
504 2370 607 2443 mollit,
624 2371 694 2434 dum
710 2391 775 2443 vos,
793 2392 883 2455 quem
901 2373 1004 2455 utique
1026 2373 1110 2454 pacis
1127 2372 1410 2453 evangelizatorem
1426 2372 1458 2433 in

261 2478 350 2541 terris
378 2477 476 2540 divine
504 2477 657 2559 sapiencie
685 2477 891 2542 inscrutabilis
921 2479 1046 2542 altitudo
1070 2479 1230 2562 disposuit,
1252 2479 1332 2542 iuste
1356 2484 1386 2541 et
1408 2479 1457 2561 pie

262 2584 355 2649 officii
370 2584 455 2648 vobis
472 2585 580 2648 crediti
596 2585 729 2649 debitum
746 2593 942 2670 exequentes,
959 2587 1134 2651 convertitis
1159 2587 1251 2650 corda
1273 2593 1393 2669 patrum
1416 2588 1453 2649 ad

261 2693 337 2757 filios
355 2694 384 2780 a)
402 2699 443 2763 et,
459 2694 597 2758 extinctis
615 2693 741 2758 ubilibet
758 2694 894 2757 odiorum
911 2694 1080 2758 seminariis
1097 2695 1269 2777 evulsisque
1287 2695 1325 2781 c)
1342 2693 1456 2775 germi-

262 2802 349 2864 nibus
365 2801 547 2865 simultatum
563 2804 617 2887 d),
634 2800 817 2882 coniungitis
829 2800 909 2864 labia
923 2801 1139 2866 dissideneium
1151 2802 1329 2884 populorum
1345 2822 1453 2865 recou-

263 2909 428 2973 cilieeionis
444 2910 475 2971 in
491 2910 594 2973 osculo
610 2915 641 2972 et
655 2914 763 2991 pacate
777 2910 886 2992 quietis
899 2912 928 2973 in
943 2912 1010 2974 ocio
1023 2910 1125 2974 mundi
1138 2910 1259 2973 climate
1270 2910 1453 2981 reformatis,

263 3018 430 3082 truculente
456 3017 622 3100 tyrannidis
644 3016 728 3079 rabie
750 3017 938 3099 quiescente.
971 3019 1065 3100 Igitur
1080 3019 1129 3100 pic
1145 3023 1249 3100 paterf
1275 3037 1367 3100 super
1391 3017 1450 3079 biis

264 3126 373 3190 vestris
388 3126 475 3189 bouis
491 3125 644 3206 operibus,
660 3143 718 3206 que
733 3130 802 3207 post
818 3124 962 3201 nubilum,
974 3127 1054 3208 quod
1067 3126 1173 3189 diebus
1187 3125 1272 3188 malis
1285 3124 1454 3187 obduxerat

197 3212 201 3217 .
264 3252 381 3296 omnem
408 3238 535 3304 terram,
563 3231 649 3295 uobis
677 3235 708 3293 et
735 3232 800 3295 orbi
827 3234 969 3295 universo
991 3237 1132 3316 tauquam
1154 3232 1264 3296 lucifer
1290 3232 1454 3296 matutinus

263 3342 400 3405 serenius
417 3341 583 3411 illuxerunt,
601 3346 632 3404 et
648 3339 866 3422 specialissime
880 3361 973 3424 super
987 3340 1125 3405 benivola
1141 3346 1243 3403 vestre
1259 3338 1459 3402 benificencie

264 3450 419 3521 ubertate,
446 3469 534 3533 quam
560 3447 755 3512 teneritudini
782 3449 869 3530 regie
899 3449 1128 3513 continuacioue
1156 3449 1289 3530 gratuita
1317 3446 1459 3529 diguatus

265 3561 339 3624 estis
360 3559 527 3643 graciosius
551 3554 709 3621 exhibere:
734 3557 929 3622 beatitudinis
954 3564 1055 3622 vestre
1078 3557 1208 3640 pedibus
1232 3577 1269 3620 ea
1291 3576 1352 3640 qua
1367 3556 1460 3619 decet

265 3668 430 3733 humilitate
445 3667 647 3750 provolemur
663 3685 731 3728 cum
747 3666 952 3730 solucionibus
970 3665 1129 3729 uberrimis
1152 3667 1332 3747 graciarum.
1366 3664 1459 3727 Porro

266 3778 347 3861 quod
363 3777 400 3839 de
416 3778 475 3847 via,
492 3795 551 3858 qua
568 3780 713 3856 prospere
729 3773 924 3855 procedendo
942 3792 1115 3855 regnemus,
1129 3772 1316 3836 obstaucium
1330 3770 1461 3833 difficul-

266 3891 361 3949 tatum
387 3884 530 3967 repagula
557 3887 757 3954 removentes,
785 3902 840 3944 uos
869 3881 1003 3945 voluistis
1032 3901 1100 3944 curn
1126 3881 1230 3943 inclito
1260 3899 1334 3960 rege
1357 3879 1462 3942 Sicilie

267 3993 391 4075 speciali
419 3990 627 4055 familiaritatis
656 3995 686 4053 et
714 3988 855 4052 amicicie
882 3989 1000 4051 viuculo
1029 3987 1225 4058 communiri;
1256 3993 1403 4069 concepta
1431 3991 1463 4048 et

269 4102 405 4165 ordinata
432 4120 486 4181 per
512 4105 642 4162 vestram
670 4098 846 4161 industriam
871 4096 949 4159 inter
976 4096 1117 4159 dilectam
1152 4096 1241 4159 filiam
1267 4100 1399 4159 nostram
1429 4100 1462 4157 et

360 4247 394 4315 a)
418 4246 457 4298 [le
479 4242 660 4299 misericordie
683 4241 803 4297 efferebar
829 4240 924 4295 falech.
950 4241 1003 4293 Der
1023 4240 1169 4294 Schreiber
1191 4254 1301 4293 unseres
1321 4237 1413 4292 Codex
1431 4237 1461 4291 V.

271 4339 318 4392 bat
341 4337 364 4391 G
395 4338 438 4389 fiir
462 4336 497 4395 l),
520 4333 572 4387 und
603 4362 632 4372 -
661 4333 711 4386 mie
738 4331 881 4386 lalscblicb
903 4329 1085 4385 misericordie
1111 4330 1229 4399 geleeec.
1255 4356 1290 4368 -
1314 4327 1347 4395 b)
1375 4326 1463 4381 cales-

271 4426 362 4481 cancia
375 4428 404 4480 V.
419 4457 450 4465 -
465 4427 498 4494 c)
512 4425 570 4478 avril
583 4425 630 4477 auf
641 4423 727 4476 Rasur
739 4423 769 4476 V.
784 4451 818 4461 —
831 4421 867 4491 d)
882 4427 937 4476 tum
949 4422 998 4476 auf
1007 4421 1092 4475 Rasur
1107 4420 1136 4472 V.

302 4721 326 4781 ¹)
337 4721 380 4770 uu
391 4722 480 4767 diesem
492 4721 569 4766 Blatte
582 4715 639 4778 (er)
652 4721 753 4779 beginnt
764 4720 819 4766 eine
833 4733 893 4767 neue
906 4715 1013 4778 thlung
1026 4718 1069 4762 der
1081 4713 1266 4774 Quaterctonea.

299 4817 325 4880 τ)
338 4818 452 4865 cuonem
464 4818 489 4871 a,
500 4812 542 4860 eo.
