3209 5392
289 541 339 614 ll

286 717 486 789 inmobilibus,
503 718 581 781 sicut
596 718 627 781 in
643 719 931 805 possessionibusa)
948 725 979 784 et
995 721 1120 785 decimis
1137 728 1167 786 et
1184 723 1337 787 similibus.
1353 724 1383 786 ln
1396 723 1453 787 iure

282 831 382 889 autem
403 825 518 890 urbano
533 825 566 890 fit
586 827 770 909 prescriptio
793 832 927 910 tempore
948 826 1027 894 XXX
1048 848 1208 903 annorum:
1226 833 1303 895 sicut
1319 832 1344 893 si
1359 831 1454 915 aliquis

280 956 335 1017 per
357 936 480 1018 triginta
507 956 601 1000 annos
628 937 763 1019 possedit
787 956 892 1019 agrum
915 938 963 999 vel
984 932 1121 1019 predium
1143 938 1244 1022 quiete
1262 944 1292 1002 et
1307 938 1370 1002 sine
1385 940 1454 1002 omni

278 1044 443 1126 peticione,
467 1045 516 1107 ille
537 1050 606 1128 post
626 1045 683 1108 hec
705 1046 880 1109 vendicaret
902 1045 959 1108 sibi
982 1046 1061 1109 illam
1077 1047 1300 1128 possessionem
1316 1049 1378 1109 iure
1392 1064 1455 1128 pre·

278 1152 466 1235 scripcionis,
483 1174 539 1217 nec
556 1154 662 1237 aliquis
679 1160 764 1218 actor
778 1161 883 1236 posset
900 1175 967 1218 eum
983 1155 1130 1237 inpetere,
1155 1156 1224 1239 qula
1247 1155 1297 1217 ille
1313 1155 1455 1237 prescrip-

278 1262 369 1325 sisset
385 1262 412 1324 ei
429 1268 563 1344 tempore
578 1264 657 1327 XXX
678 1280 831 1326 annorum.
863 1263 895 1326 ln
917 1263 982 1326 iure
1004 1271 1103 1326 antem
1127 1261 1336 1326 ecclesiastico
1356 1263 1409 1326 nisi
1430 1263 1456 1324 in

277 1370 328 1434 XL
345 1371 429 1434 annis
445 1377 545 1452 potest
560 1370 625 1434 lieri
641 1371 837 1453 prescripcio‚
854 1372 934 1435 unde
951 1373 1001 1455 qui
1018 1390 1080 1435 rem
1096 1371 1222 1434 alienum
1238 1392 1295 1454 por
1307 1373 1357 1436 XL
1373 1390 1456 1434 annos

277 1479 342 1542 sine
358 1480 579 1561 interrupcione
596 1484 627 1542 et
639 1481 717 1543 omni
730 1481 847 1543 actione
859 1476 1005 1562 possedit,
1023 1478 1071 1544 ille
1083 1480 1141 1543 iam
1153 1480 1219 1542 iure
1234 1479 1457 1562 prescripcionis

276 1609 340 1651 rem
356 1588 434 1651 illam
450 1595 553 1652 tenere
569 1596 713 1671 perpetuo
730 1589 851 1671 poterit.
885 1590 995 1652 Contra
1010 1591 1171 1653 Romanam
1193 1594 1294 1652 umen
1312 1589 1351 1675 l)
1367 1588 1459 1652 eccle-

276 1697 351 1759 siam
367 1718 426 1760 non
441 1696 474 1759 fit
489 1697 674 1779 prescripcio
691 1698 747 1760 nisi
764 1698 794 1761 in
811 1704 931 1761 centum
947 1698 1043 1769 annis,
1059 1714 1114 1779 pro
1131 1717 1167 1761 eo
1185 1699 1265 1782 quud
1281 1699 1348 1780 ipsa
1365 1697 1400 1783 c)
1416 1703 1457 1760 est

277 1799 452 1886 dignissima
475 1807 670 1870 ecclesiarum
693 1807 822 1870 omnium
848 1812 879 1870 et
899 1814 1004 1870 muter.

365 1914 530 1996 linguntur
545 1921 643 1978 autem
660 1922 788 2000 quatuor
803 1916 842 1978 ad
857 1934 958 1979 veram
973 1914 1245 1998 prescripcionom:
1263 1912 1405 1980 Primum
1416 1918 1459 1976 est

275 2020 353 2084 bona
375 2020 467 2094 fides,
484 2029 516 2086 ut
538 2023 679 2086 videlicet
702 2024 749 2086 ille
767 2024 818 2106 qui
834 2023 995 2105 prescribit
1012 2024 1117 2087 credat
1132 2043 1196 2087 rern
1212 2023 1292 2086 illam
1308 2042 1380 2086 vere
1397 2042 1461 2084 esse

276 2149 370 2225 suam,
387 2132 434 2193 rel
451 2135 481 2195 in
497 2130 623 2196 veritate
639 2133 719 2196 illum
736 2133 841 2195 credat
863 2132 958 2195 fuisse
974 2150 1076 2195 verum
1093 2132 1242 2195 dominum
1256 2133 1302 2194 rei
1320 2131 1401 2198 illius,
1414 2130 1459 2213 qui
1578 2214 1579 2217 Ἴ

275 2239 333 2302 sibi
355 2260 421 2303 eam
436 2241 569 2313 tradidit,
593 2247 623 2304 et
644 2241 786 2304 habuisse
811 2242 857 2303 ius
874 2260 940 2303 eam
956 2240 1012 2302 sibl
1030 2240 1129 2312 dandi,
1152 2241 1225 2304 licet
1242 2242 1320 2304 lorte
1338 2246 1418 2304 erret
1432 2239 1460 2300 in
1553 2248 1557 2265 '

275 2346 372 2420 iacto;
400 2351 457 2412 hec
481 2355 581 2413 autem
604 2350 682 2413 bonu
708 2346 783 2413 fides
808 2369 928 2431 semper
943 2349 1142 2431 presumenda
1159 2354 1217 2420 ast,
1245 2348 1304 2411 nisi
1321 2348 1459 2431 probetur

274 2458 361 2528 mala,
378 2458 456 2521 sicut
473 2464 503 2521 et
518 2458 691 2539 ignorancia
707 2458 889 2541 presumitur
905 2458 1045 2542 quamdiu
1062 2457 1194 2521 sciencia
1211 2478 1270 2521 non
1286 2457 1380 2521 inerit
1393 2475 1459 2538 pro-

272 2566 353 2630 bata.
367 2604 411 2616 --
423 2565 508 2647 Quod
522 2566 547 2628 si
563 2567 611 2629 ille
628 2568 678 2651 qui
694 2567 748 2630 tibi
765 2587 829 2629 rem
844 2566 968 2630 tradidit
982 2566 1074 2630 habet
1090 2567 1196 2629 malam
1213 2565 1312 2637 tidem,
1332 2565 1388 2628 tibi
1402 2584 1475 2635 nun,

274 2681 373 2749 nocet,
391 2677 547 2740 dummodo
563 2682 596 2741 tu
618 2678 659 2763 d)
675 2678 782 2741 credas
800 2699 869 2742 eum
884 2678 996 2741 habere
1012 2677 1120 2740 bonam
1136 2676 1234 2739 fidem.
1251 2676 1359 2739 Adhuc
1375 2675 1459 2737 etiam

271 2785 381 2848 bonam
396 2783 490 2846 habes
507 2784 604 2857 iidem,
622 2786 740 2868 quando
765 2785 884 2849 dubiam
900 2785 995 2848 habes
1016 2785 1237 2848 conscienciam
1253 2784 1291 2846 de
1308 2805 1345 2846 re
1362 2784 1391 2847 in
1408 2801 1461 2865 qua

270 2893 445 2978 prescribis.
463 2894 639 2961 Secundum
658 2900 704 2957 est
720 2896 815 2957 iustus
831 2896 952 2977 tytulus.
981 2894 1105 2977 'l'ytulus
1122 2900 1246 2958 vocatur
1262 2894 1292 2955 in
1308 2891 1461 2974 prescrip·

270 3005 351 3068 tione
366 3004 417 3069 illa
434 3024 523 3067 causa
540 3024 575 3067 ex
592 3024 649 3088 qua
665 3004 773 3086 incipis
789 3026 853 3068 rem
874 3004 1042 3087 possidere,
1058 3002 1198 3065 videlicet
1211 3002 1321 3084 emptio
1336 3003 1382 3065 vel
1394 3021 1461 3083 per·

270 3115 403 3186 mutatio,
420 3113 466 3175 vel
480 3113 609 3183 donatio,
625 3113 672 3175 vel
689 3112 801 3196 aliquid
818 3113 923 3175 simile.
940 3113 996 3175 Est
1009 3112 1087 3174 enim
1100 3111 1210 3193 emptio
1222 3111 1269 3173 vel
1281 3110 1458 3193 permutatio

270 3224 317 3286 vel
331 3221 448 3285 donatio
461 3222 572 3303 tytulus
586 3241 643 3303 quo
657 3226 690 3284 tu
702 3242 766 3284 rem
778 3222 857 3284 illam
870 3226 956 3285 tenes
969 3222 999 3284 in
1012 3241 1069 3303 qua
1081 3220 1303 3302 proscripsisti:
1318 3226 1372 3284 aut
1385 3221 1460 3283 enim
1580 3294 1581 3311 χ

274 3332 369 3413 ipsam
384 3331 492 3402 emisti,
500 3336 551 3394 aut
570 3329 796 3393 conmutacione
811 3331 933 3393 alterius
945 3331 990 3393 rei
1002 3330 1039 3417 ι’)
1053 3328 1234 3410 conparasti,
1243 3335 1294 3391 aut
1307 3329 1385 3392 dono
1400 3348 1460 3391 eam

270 3439 309 3504 ab
318 3439 537 3521 alioaccepisti.
555 3439 1009 3522 Necimpeditprescriptionem
1026 3438 1051 3500 si
1069 3437 1179 3521 tymlus
1196 3436 1235 3523 f)
1252 3456 1310 3499 non
1326 3438 1369 3500 sit
1384 3439 1459 3500 forte

271 3548 388 3611 omnino
405 3549 511 3619 iustus,
530 3548 687 3613 dummodo
703 3549 769 3630 ipse
785 3548 896 3630 tytulus
914 3546 1067 3610 sufficiens
1084 3547 1175 3609 fuerit
1191 3547 1230 3609 ad
1242 3546 1299 3609 hoc
1312 3548 1394 3629 quod
1409 3567 1462 3629 per

271 3677 337 3719 eum
353 3657 492 3739 incepisti
508 3677 571 3719 rem
594 3657 750 3739 possidere
758 3678 767 3729 ;
791 3656 875 3719 verbi
893 3657 1011 3738 gracia:
1045 3657 1145 3719 Posito
1163 3655 1242 3738 quod
1265 3656 1374 3738 aliquis
1398 3655 1461 3738 epi·
1580 3688 1581 3723 ÷

270 3785 379 3848 scopus
397 3767 487 3829 donet
501 3766 682 3830 monasterio
699 3772 801 3829 nostro
819 3765 952 3828 decimas
964 3765 1010 3827 vel
1023 3765 1069 3827 ius
1082 3769 1253 3827 montanum
1265 3765 1312 3826 vel
1329 3765 1458 3849 aliquam

268 3875 490 3957 possessionem
503 3877 600 3948 aliam,
618 3883 649 3938 et
665 3876 715 3938 det
731 3875 817 3938 nobis
833 3874 937 3938 literas
954 3873 1127 3939 donacionis
1145 3893 1198 3937 sue
1213 3873 1254 3959 s)
1270 3872 1460 3955 confirmato·

268 3985 340 4057 rias,
371 3985 430 4048 iam
462 3987 519 4048 ista
551 3985 680 4048 donacio
709 3990 756 4047 est
786 3984 898 4066 tytulus
931 4004 989 4066 quo
1017 4005 1071 4047 nos
1099 3982 1257 4065 incipimus
1290 4003 1355 4045 rem
1382 3983 1458 4045 illam

268 4093 434 4175 possidere.
468 4093 501 4157 Si
519 4112 592 4174 ergo
604 4093 669 4157 illas
686 4090 818 4157 decimas
834 4113 889 4175 per
904 4094 955 4156 XL
972 4114 1065 4156 annos
1083 4092 1184 4176 quiete
1206 4096 1237 4153 et
1258 4091 1323 4155 sine
1340 4098 1460 4156 contra·

269 4202 400 4264 dictione
424 4201 664 4284 possideremus,
686 4207 756 4266 tunc
772 4201 1030 4283 prescriberemus
1059 4204 1089 4264 in
1106 4201 1154 4262 illa
1170 4199 1362 4282 possessione
1379 4196 1456 4283 quod

270 4312 376 4374 amodo
405 4330 464 4374 non
490 4312 587 4393 possit
614 4310 701 4375 nobis
717 4310 837 4373 aufferri
850 4311 881 4374 in
901 4316 1080 4392 perpetuum
1100 4309 1194 4392 tytulo
1218 4307 1395 4378 donationis,
1418 4311 1455 4375 et,

166 4496 173 4507 .
268 4421 341 4484 licet
367 4420 478 4503 tytulus
505 4420 658 4484 sufficiens
687 4426 767 4483 esset
794 4420 833 4483 ad
857 4419 983 4482 dandam
1005 4439 1126 4483 eausam
1150 4415 1378 4501 presumptioni,
1400 4435 1455 4477 nun

270 4536 353 4594 esset
368 4535 468 4593 tamen
495 4530 590 4592 iustus
616 4529 744 4611 tytulum,
771 4549 826 4611 pro
849 4549 885 4592 eo
908 4529 988 4611 quod
1007 4547 1139 4591 mounes
1156 4528 1269 4598 dicunt,
1287 4525 1365 4609 quod
1381 4521 1456 4586 nulla

357 4655 394 4723 a)
409 4656 478 4708 sicut
496 4654 511 4705 i·
525 4671 551 4725 p.
573 4654 680 4707 fehltV.
701 4682 731 4695 ···
752 4654 783 4724 l)
802 4654 872 4708 euim
884 4654 915 4708 V.
938 4682 965 4695 -
988 4655 1020 4723 c)
1035 4668 1065 4705 aa
1086 4654 1113 4706 Z.
1135 4682 1162 4692 -
1179 4654 1214 4721 d)
1238 4657 1267 4705 tu
1288 4651 1357 4706 ieblt
1375 4648 1402 4704 V.
1423 4675 1454 4687 -·

270 4748 301 4816 e)
321 4763 377 4799 enm
394 4748 421 4799 Z.
439 4775 469 4785 -
484 4744 515 4816 f)
528 4749 578 4817 tys.
592 4744 736 4812 aliquando
746 4762 796 4798 non
811 4746 847 4798 sit
860 4745 953 4806 iustus,
967 4747 1007 4797 vel
1020 4744 1124 4798 omuino
1142 4745 1229 4797 iustus
1239 4743 1268 4797 v.
1285 4772 1313 4782 -
1334 4738 1452 4814 fiscud.
