3209 5392
773 843 809 913 7.

546 1014 713 1097 Imperator
736 1015 848 1077 cluibus
871 1014 1035 1094 lulgencle.

678 1172 757 1226 1240.
777 1173 887 1227 ianuar.

192 1311 519 1368 demembraretur
538 1316 590 1367 deo
610 1314 841 1369 Bcwobmerocon
858 1313 986 1383 Folipoo,
1015 1332 1046 1367 er
1062 1311 1128 1367 dode
1146 1313 1290 1378 beatimme,
1318 1314 1383 1369 doec

189 1402 249 1457 acio
271 1401 489 1474 Scbwc'eqeraobo
515 1403 670 1458 Thamusida
688 1421 739 1457 voc
756 1403 859 1474 Aquino
880 1406 922 1458 olo
942 1401 1119 1460 roboranter
1138 1404 1333 1458 Stelloertreter
1354 1404 1383 1457 io

190 1491 266 1545 ilorer
279 1494 357 1547 Stodt
376 1493 511 1548 reaidireo
527 1494 593 1547 colle
612 1495 669 1548 uod
677 1492 784 1562 fordert
805 1492 846 1547 eie
867 1492 931 1564 auf,
953 1492 999 1547 ileo
1017 1492 1053 1547 im
1068 1491 1178 1563 Kampsa
1192 1510 1276 1564 qeqcn
1288 1493 1381 1545 Rebel-

647 1583 690 1636 leo
699 1601 732 1635 zo
744 1591 932 1637 uateretdtzen.

279 1726 350 1786 Petr.
364 1725 398 1780 de
410 1725 467 1780 Vin.
481 1727 508 1787 2,
521 1726 567 1780 21.

281 1870 348 1933 Etsi
364 1872 509 1953 generali,
532 1889 591 1954 qua
606 1877 733 1934 cunctos
748 1870 854 1934 fideles
871 1876 990 1934 nostros
1006 1891 1083 1953 pura
1098 1871 1207 1933 mentis
1225 1867 1383 1933 allectione

190 1977 427 2058 complectimur,
444 1996 519 2061 quos
536 1977 700 2042 affectuose
716 1980 859 2061 prosequi
874 1986 1031 2041 teneamur
1046 1978 1103 2061 o),
1120 1977 1268 2061 speciales
1284 1981 1384 2040 tamen

188 2103 280 2146 cause
296 2086 408 2149 nostris
427 2106 460 2148 se
480 2085 719 2166 cogitacionibus
740 2084 885 2158 offerunt,
902 2104 960 2168 que
977 2086 1015 2148 ad
1032 2086 1161 2149 civitatis
1183 2090 1285 2147 vestre
1302 2102 1386 2146 com·

187 2192 275 2255 moda
291 2194 371 2257 inter
391 2195 465 2257 alias
482 2195 619 2257 civitates
637 2194 733 2257 Ytalie
750 2195 943 2276 prerogativa
959 2194 1088 2276 quadam
1107 2193 1313 2275 multipliciter
1329 2210 1383 2254 nos

188 2300 326 2363 invitant.
358 2302 531 2366 inducimur
547 2302 695 2384 siquidem
713 2322 748 2364 ex
764 2302 887 2384 antiquo
905 2300 974 2364 fidei
992 2307 1094 2365 vestre
1110 2302 1193 2373 zelo,
1222 2320 1311 2383 quam
1327 2319 1383 2362 nec

188 2411 333 2490 temporis
350 2414 485 2473 vetustas
508 2412 661 2493 antiquata
684 2414 719 2491 b)
744 2410 898 2482 debilitat,
927 2431 983 2474 nec
1006 2430 1150 2473 annorum
1173 2409 1276 2491 spacia
1297 2407 1385 2470 tasti-

189 2515 251 2579 dita
268 2516 306 2599 o)
329 2518 555 2599 constringunt,
587 2517 642 2579 sed
674 2523 784 2600 quanto
816 2517 884 2599 plus
914 2518 946 2580 in
976 2523 1112 2601 tempora
1139 2517 1266 2587 labitur,
1299 2519 1383 2578 tanto

189 2644 309 2705 semper
325 2625 356 2687 in
371 2624 430 2687 lide
447 2631 549 2688 nostra
572 2624 725 2686 recentior
746 2625 905 2687 invenitur.
941 2626 1112 2688 Inducimur
1134 2626 1231 2687 eciam
1253 2644 1289 2685 ex
1310 2642 1385 2705 pure
1470 2645 1472 2652 ¹

189 2732 358 2795 dilectionis
386 2737 486 2796 vestre
515 2732 707 2804 constancia,
736 2752 794 2815 que
817 2753 874 2804 nec
896 2732 1062 2795 vicinorum
1083 2733 1232 2795 interdum
1250 2732 1384 2812 exemplo

190 2840 347 2913 submota,
368 2860 425 2924 neo
440 2841 709 2922 persecucionibus
726 2840 885 2904 hostilibus
903 2843 1090 2923 stupefacta,
1115 2847 1257 2924 tanquam
1274 2862 1383 2904 sereno

193 2968 315 3030 semper
330 2948 361 3010 in
377 2947 477 3010 nubilo
495 2968 530 3010 eo
548 2948 644 3012 extitit
661 2947 740 3010 omni
756 2953 894 3031 tempore
909 2949 940 3011 in
957 2954 1059 3011 nostra
1082 2948 1246 3010 devocione
1263 2948 1384 3010 servenss

190 3056 264 3126 cior,
282 3075 340 3138 quo
358 3056 486 3137 dampna
501 3075 556 3137 pro
573 3056 659 3119 nobis
677 3075 751 3137 sepe
767 3056 889 3142 pertulit
905 3056 1053 3137 graviora.
1070 3055 1242 3118 Inducimur
1257 3055 1385 3118 nichilo·

189 3163 286 3225 minus
304 3183 340 3224 ex
354 3162 404 3224 illa
420 3182 512 3225 causa
528 3163 702 3244 potissime,
725 3163 806 3246 quod
821 3163 853 3225 in
874 3162 1085 3244 Fulgencia
1107 3162 1224 3243 fulgere
1246 3162 1384 3244 primitus

188 3269 324 3353 puericia
340 3277 443 3334 nostra
460 3272 557 3354 cepit,
581 3277 612 3336 et
627 3272 689 3345 sic,
712 3271 782 3335 dum
799 3272 951 3335 civitatem
966 3277 1098 3334 vestram
1113 3271 1213 3335 locum
1236 3272 1383 3336 nutriture

188 3385 291 3461 nostre
307 3379 485 3450 recolimus,
515 3379 584 3442 dum
600 3379 757 3442 vobiscum
775 3379 863 3463 quasi
880 3379 1009 3443 civiliter
1025 3380 1194 3442 convixisse
1210 3399 1383 3462 pensamus,
1449 3430 1453 3436 .

190 3504 263 3565 erga
289 3505 343 3548 vos
373 3486 552 3549 dominantis
581 3487 800 3569 quodammodo
829 3487 949 3549 modum
978 3487 1150 3549 excedimus
1181 3493 1227 3558 et,
1256 3486 1383 3550 naturali

190 3592 320 3673 quadam
341 3592 526 3655 humanitate
548 3594 684 3665 seducti,
712 3593 750 3656 ad
771 3598 905 3656 vestrum
920 3593 1041 3656 salubre
1057 3594 1193 3675 regimen
1209 3594 1383 3656 familiarius

104 3699 108 3703 ’
190 3698 366 3780 obligamur.
401 3700 453 3763 Sic
477 3700 570 3781 igitur
592 3701 629 3763 de
652 3720 725 3764 cura
752 3707 853 3764 vestra
876 3700 996 3762 solliciti
1024 3701 1198 3783 frequenter
1220 3701 1382 3771 credimus,

190 3807 287 3889 quod,
315 3807 367 3870 ubi
384 3808 429 3870 sic
445 3807 611 3870 affectuose
627 3828 680 3870 vos
705 3808 873 3889 diligimus,
902 3807 1029 3870 alieuius
1047 3807 1167 3870 sinistra
1183 3809 1315 3889 suspicio
1332 3814 1384 3873 aut

188 3914 379 3978 fraudulenta
395 3917 554 3998 suggestio
571 3916 746 3980 devocionis
770 3923 872 3979 vestre
896 3915 1116 3987 constanciam,
1146 3916 1183 3978 de
1208 3936 1266 3998 qua
1283 3917 1383 3980 stabili

190 4027 289 4084 mente
315 4022 508 4094 confidimus,
538 4022 634 4086 afide
658 4030 760 4086 nostra
782 4028 912 4105 nequeat
928 4023 970 4107 d)
985 4042 1139 4085 revocare.
1172 4023 1262 4086 Licet
1283 4029 1384 4087 autem

189 4149 243 4192 ves
272 4149 362 4211 egere
391 4129 654 4193 exhortacionibus
682 4150 743 4192 non
770 4130 948 4200 credamus,
981 4147 1056 4211 quos
1085 4128 1150 4190 sine
1178 4128 1384 4210 requisicione

189 4237 340 4300 ferventes
370 4237 408 4299 ad
436 4242 538 4299 nostra
566 4237 696 4300 servicia
727 4236 925 4317 probabiliter
955 4236 1140 4316 experimur,
1172 4235 1383 4300 nichilominus

189 4349 290 4407 tarrmn
317 4343 492 4407 fidelitatem
518 4350 650 4408 vestram
677 4343 871 4426 presentibus
904 4362 1144 4415 commonemus,
1177 4350 1325 4426 quatenus
1352 4331 1384 4408 in

1392 3759 1437 3799 ael.
1446 3758 1472 3800 8¹1
1480 3761 1501 3799 d.

217 4528 220 4532 ⁷
280 4539 313 4606 a)
328 4555 397 4607 quos
412 4540 555 4592 affectuose
569 4540 699 4610 prosequi
713 4543 850 4593 teneamur
862 4556 902 4593 am
916 4540 1009 4592 Raude
1022 4539 1052 4593 V.
1068 4569 1102 4578 -
1116 4540 1147 4607 b)
1161 4539 1290 4610 antiquita
1304 4541 1334 4594 V.
1351 4567 1380 4582 ·-

191 4627 223 4695 c)
239 4627 374 4682 fastidiam
390 4631 417 4681 V.
436 4659 466 4666 -
479 4628 515 4694 d)
530 4648 561 4680 ne
576 4639 688 4697 nequeat
703 4628 733 4681 V.

1096 4719 1154 4769 ll*
