3209 5392
225 509 303 583 386

223 683 334 749 claruit
362 683 569 753 documentis,
599 682 670 745 dum
687 683 809 747 inclitos
832 684 868 746 N.
894 701 997 764 regem
1019 685 1049 744 et
1071 681 1108 744 N.
1133 682 1242 745 ducem
1264 685 1357 746 talem
1374 683 1434 767 a),

226 793 314 868 lilios,
334 797 452 854 nostros
470 792 665 862 karissimos,
694 799 775 857 sorte
798 792 971 876 fragilitatis
992 792 1122 854 humane
1144 794 1279 874 paternis
1303 792 1432 856 orbatos

225 901 359 971 solaciis,
383 920 458 983 quos
475 899 516 977 b)
534 906 566 965 ut
589 919 711 964 carnem
734 921 770 963 ex
792 921 884 964 carne
903 906 1005 964 nostra
1023 906 1054 962 et
1070 919 1104 961 os
1122 921 1158 962 er
1175 898 1295 963 ossibus
1312 903 1428 965 nostris

223 1011 361 1094 amplexu
399 1011 527 1092 sinuque
558 1014 684 1091 paterno
725 1010 871 1072 fovendos
909 1008 1127 1091 assumpsimus
1148 1007 1193 1094 ¹),
1232 1009 1327 1090 gratis
1367 1032 1431 1075 non

226 1120 356 1183 cessatis
372 1118 531 1201 prevenire
548 1116 703 1180 beneficiis
720 1123 751 1181 et
768 1117 884 1180 eisdem
899 1117 931 1179 in
947 1116 1010 1178 suis
1033 1120 1065 1178 et
1080 1116 1167 1197 regni
1189 1117 1317 1197 agendis
1333 1117 1431 1182 affec-

224 1227 320 1294 tuosis
351 1234 381 1290 et
411 1225 652 1289 indesinentibus
682 1247 741 1290 non
765 1226 904 1289 desinitis
933 1224 1120 1308 amplexibus
1143 1225 1293 1288 inherere.
1327 1227 1432 1308 Super

229 1336 337 1421 quibus
359 1336 463 1419 ntique
485 1334 686 1398 laudabilib'us
710 1334 974 1404 actibusvestris,
992 1334 1147 1416 inquibus
1174 1335 1311 1396 nimirum
1328 1334 1431 1404 nobis,

226 1445 315 1508 velud
332 1445 362 1506 in
379 1443 559 1527 quibusdam
576 1443 806 1506 delectabilibus
821 1443 995 1505 resectionis
1008 1441 1222 1512 condimentis,
1236 1444 1433 1524 complacuit,

229 1552 465 1617 redibioionibus
482 1553 657 1634 graciarum·
670 1553 863 1635 amplissimis
881 1552 981 1616 studia
997 1558 1099 1614 vestra
1115 1552 1156 1636 e)
1169 1552 1381 1633 prosequimur
1399 1558 1435 1614 et

228 1661 492 1727 commendacione
510 1660 652 1724 laudabili
668 1661 923 1725 commendamus.
941 1699 984 1707 —
1001 1660 1146 1724 Volentes
1163 1660 1259 1742 igitur
1284 1681 1359 1742 erga
1374 1681 1433 1724 vos

228 1777 351 1854 propter
366 1770 426 1834 hoc
442 1769 565 1832 realiter
580 1769 687 1852 pocius
705 1789 794 1852 quam
810 1768 956 1832 vocaliter
972 1768 1152 1831 affluencius
1169 1767 1357 1839 habundare,
1373 1789 1432 1851 pro

226 1900 350 1942 munere
365 1879 496 1961 petimus
513 1877 649 1962 speciali,
672 1882 840 1961 quatenus,
863 1878 889 1940 si
906 1878 1025 1962 quad)
1043 1877 1074 1940 in
1093 1897 1189 1959 regno
1205 1877 1356 1948 Romano,
1378 1880 1431 1942 vel

225 1990 305 2073 apud
334 2009 406 2057 nos.
433 1987 603 2051 huiusmodi
630 1988 825 2069 prerogativa
848 1987 888 2069 e)
903 1987 1094 2070 prefulgeant
1113 1988 1170 2072 f),
1198 1986 1279 2068 quod
1307 1986 1338 2049 in
1366 1987 1428 2049 hiis

228 2105 330 2164 vester
346 2098 462 2161 animus
480 2095 660 2166 oblectetur,
676 2116 695 2158 a
712 2095 798 2160 nobis
822 2116 858 2158 ea
870 2095 916 2183 p)
933 2116 1002 2159 cum
1025 2095 1180 2159 obtinendi
1201 2093 1312 2159 fiducia
1327 2095 1433 2178 requi-

227 2208 312 2272 ratis.
347 2206 400 2271 Sic
416 2204 461 2290 b)
484 2204 563 2267 enim
586 2204 691 2287 procul
710 2204 801 2267 dubio
818 2204 948 2287 predicti
970 2204 1025 2267 viri
1041 2204 1138 2267 inoliti
1154 2204 1241 2267 nobis
1258 2209 1329 2267 sunt
1344 2205 1431 2268 cordi

228 2324 259 2381 et
275 2337 359 2386 cure,
377 2314 456 2398 quod
473 2313 552 2376 nulla
567 2333 693 2395 prorsus
715 2332 914 2394 personarum
936 2317 988 2378 aut
1011 2333 1112 2376 rerum
1136 2312 1296 2396 dispendia
1313 2314 1428 2377 evitare

227 2425 438 2509 proponimus,
476 2420 548 2505 quin
585 2420 623 2484 ad
660 2422 858 2485 edomandam
898 2422 1099 2505 quorumlibet
1137 2423 1269 2487 bostium
1308 2444 1431 2487 suorum

227 2537 394 2598 fastuosam
418 2531 637 2595 contumaciam
660 2530 717 2595 sub
739 2530 918 2595 victricibus
940 2531 1066 2614 aquilis,
1091 2532 1169 2595 duce
1191 2532 1318 2596 Domino
1341 2554 1430 2597 exer-

228 2646 352 2714 cituum,
367 2642 566 2705 intendamus.

806 2793 868 2863 38.

236 2959 403 3038 luperater
420 2954 567 3034 slgullleat
582 2955 646 3036 regl
662 2954 784 3017 frauole
801 2956 882 3035 quod
898 2954 1007 3034 gaudet
1030 2954 1066 3017 de
1089 2955 1239 3020 alliullate
1261 2975 1327 3019 eun
1343 2956 1430 3018 dene

711 3080 767 3125 sua
784 3067 949 3127 eontracta.

773 3201 847 3257 1280
860 3222 883 3258 c.

233 3333 320 3404 Koniq
332 3331 437 3402 Badolf
449 3333 527 3405 frent
544 3329 603 3385 siet
623 3334 672 3384 der
684 3331 731 3384 neit
743 3332 803 3384 dem
813 3331 1021 3403 franzdsiseben
1035 3333 1223 3404 Kdniqahauae
1235 3333 1433 3407 esayebnstpfeeu

269 3419 589 3493 enmondtschaftlieben
600 3420 790 3492 Beziebunpen
802 3424 860 3477 und
871 3422 1023 3494 uerapriebl
1034 3424 1184 3479 demaelden
1196 3426 1270 3480 aethe
1282 3427 1399 3480 Dienses.

320 3551 401 3614 lnter
417 3556 520 3613 cetera
536 3550 738 3631 augustalium
754 3551 911 3616 titulorum
927 3524 1069 3637 iusignia,
1088 3554 1175 3617 nobis
1192 3554 1334 3617 attributa
1352 3554 1431 3618 divi·
1524 3564 1528 3573 '

237 3660 334 3730 nitus,
363 3662 442 3722 inter
464 3659 557 3723 multa
573 3659 672 3722 votive
689 3659 842 3724 felicitatis
866 3663 1020 3744 auspicia,
1045 3662 1154 3746 quibus
1172 3662 1295 3726 dextera
1313 3662 1431 3725 Domini

204 3816 212 3822 ¹
319 3806 354 3873 a)
372 3806 532 3868 ladislaum,
551 3820 639 3874 regem
653 3806 787 3876 hungarie
800 3812 828 3860 et
841 3808 981 3862 Andream
996 3808 1090 3862 ducem
1102 3807 1242 3862 Slavoniae
1256 3809 1378 3863 Gerbert
1396 3840 1430 3849 —

230 3895 262 3963 b)
277 3912 345 3965 quos
355 3896 424 3949 fehlt
440 3892 468 3948 V.
483 3927 511 3934 -
525 3896 557 3965 e)
574 3899 664 3949 nostra
677 3896 704 3949 Z.
716 3927 749 3935 —
761 3897 796 3967 d)
809 3916 862 3968 que
873 3898 954 3952 Gerb.
969 3930 999 3939 -
1011 3899 1043 3967 e)
1059 3900 1248 3967 prerogativae
1259 3899 1383 3956 Gerbert.
1395 3930 1429 3941 -

228 3984 260 4055 ί)
279 3985 429 4055 refulgeant
449 3986 575 4039 Gerbert.
602 4016 635 4024 -
660 3987 695 4058 9)
716 4004 761 4041 eas
780 3987 906 4042 Gerbert.
929 4020 962 4027 -
982 3988 1016 4058 l)
1037 3990 1089 4042 Der
1110 3989 1265 4043 Schlussalu
1284 3992 1369 4045 lantet
1388 3993 1430 4045 bei

231 4076 361 4130 Gerberta
380 4076 427 4129 Sic
441 4076 508 4129 euim
521 4078 615 4146 procul
629 4077 709 4132 dubio
729 4077 806 4131 nobis
824 4081 866 4132 est
885 4078 959 4132 cordi
983 4084 1010 4133 et
1035 4095 1116 4132 curae
1135 4079 1199 4133 illud
1220 4081 1384 4151 magnificum
1402 4089 1429 4137 et

229 4166 361 4221 famosum
380 4167 527 4238 hungariae
545 4184 666 4238 regnum,
678 4169 705 4221 iu
717 4168 843 4239 antiquae
857 4170 957 4238 gloriae
970 4169 1088 4223 fascibus
1108 4170 1225 4224 rediviva
1235 4171 1429 4226 reformueione

231 4256 348 4326 dirigere
379 4259 481 4330 sicque,
501 4260 560 4329 ipso
571 4258 673 4321 illaeso,
690 4259 872 4329 persecutoris
890 4260 962 4315 illius
981 4259 1085 4313 illidere
1105 4259 1249 4324 feritatem,
1270 4263 1342 4331 quod
1361 4264 1430 4318 nulla

230 4367 344 4422 prorsus
363 4369 537 4425 personarum
557 4355 608 4406 stc.
628 4350 802 4416 intendamus,
823 4355 852 4406 ut
870 4352 958 4407 discat
976 4351 1080 4414 amodo,
1099 4352 1189 4423 posito
1209 4353 1362 4421 supercilio,
1382 4372 1432 4426 per

231 4459 261 4497 se
281 4441 382 4514 ipsum,
402 4443 533 4514 quamsit
552 4442 657 4505 durum,
678 4459 809 4513 quamque
823 4442 941 4505 difficile,
961 4446 1055 4498 contra
1073 4443 1207 4497 stimulum
1226 4445 1375 4500 calcitrare.

257 4629 281 4688 ¹)
301 4635 396 4691 Herzog
421 4631 524 4676 Andreas
548 4647 597 4678 war
622 4633 665 4677 der
690 4633 802 4678 Vsrlebte
830 4633 872 4677 der
899 4633 1004 4677 Toshtsr
1030 4631 1108 4691 llduig
1134 4631 1254 4687 dunelm,
1291 4632 1429 4681 Clementia.

305 4722 385 4782 Vsrgl.
399 4720 459 4765 oben
474 4722 496 4766 S.
509 4720 555 4766 ³03
568 4722 592 4766 ll.
606 4722 651 4766 und
665 4721 696 4766 im
710 4723 847 4783 folgenden
862 4724 885 4768 S.
899 4720 954 4767 loo.
