<?xml version="1.0" encoding="UTF-8"?>
<!DOCTYPE html PUBLIC "-//W3C//DTD XHTML 1.0 Transitional//EN"
    "http://www.w3.org/TR/xhtml1/DTD/xhtml1-transitional.dtd">
<html xmlns="http://www.w3.org/1999/xhtml" xml:lang="en" lang="en">
 <head>
  <title>
</title>
<meta http-equiv="Content-Type" content="text/html;charset=utf-8" />
  <meta name='ocr-system' content='tesseract 3.04.00' />
  <meta name='ocr-capabilities' content='ocr_page ocr_carea ocr_par ocr_line ocrx_word'/>
</head>
<body>
  <div class='ocr_page' id='page_1' title='image "./fontesrerumaust00unkngoog_0309.png"; bbox 0 0 3209 5392; ppageno 0'>
   <div class='ocr_carea' id='block_1_1' title="bbox 257 490 333 558">
    <p class='ocr_par' dir='ltr' id='par_1_1' title="bbox 257 490 333 558">
     <span class='ocr_line' id='line_1_1' title="bbox 257 490 333 558; baseline 0 0"><span class='ocrx_word' id='word_1_1' title='bbox 257 490 333 558; x_wconf 84' lang='lat'>282</span> 
     </span>
    </p>
   </div>
   <div class='ocr_carea' id='block_1_2' title="bbox 255 659 1447 1065">
    <p class='ocr_par' dir='ltr' id='par_1_2' title="bbox 255 659 1447 1065">
     <span class='ocr_line' id='line_1_2' title="bbox 256 659 1446 742; baseline 0 -20"><span class='ocrx_word' id='word_1_2' title='bbox 256 682 315 724; x_wconf 92' lang='lat' dir='ltr'>non</span> <span class='ocrx_word' id='word_1_3' title='bbox 339 662 440 722; x_wconf 92' lang='lat' dir='ltr'>inutile</span> <span class='ocrx_word' id='word_1_4' title='bbox 463 666 653 741; x_wconf 85' lang='lat' dir='ltr'>reputamus,</span> <span class='ocrx_word' id='word_1_5' title='bbox 682 661 761 740; x_wconf 91' lang='lat' dir='ltr'>quod</span> <span class='ocrx_word' id='word_1_6' title='bbox 778 659 853 742; x_wconf 91' lang='lat' dir='ltr'>ipsis</span> <span class='ocrx_word' id='word_1_7' title='bbox 870 659 1025 728; x_wconf 88' lang='lat' dir='ltr'>fratribus,</span> <span class='ocrx_word' id='word_1_8' title='bbox 1049 666 1081 722; x_wconf 94' lang='lat' dir='ltr'>ut</span> <span class='ocrx_word' id='word_1_9' title='bbox 1102 660 1140 720; x_wconf 93' lang='lat' dir='ltr'>ad</span> <span class='ocrx_word' id='word_1_10' title='bbox 1164 660 1298 723; x_wconf 87' lang='lat' dir='ltr'>eiusdem</span> <span class='ocrx_word' id='word_1_11' title='bbox 1326 680 1446 742; x_wconf 89' lang='lat' dir='ltr'>promo-</span> 
     </span>
     <span class='ocr_line' id='line_1_3' title="bbox 256 767 1446 849; baseline -0.002 -17"><span class='ocrx_word' id='word_1_12' title='bbox 256 771 373 832; x_wconf 89' lang='lat' dir='ltr'>cionem</span> <span class='ocrx_word' id='word_1_13' title='bbox 405 769 524 849; x_wconf 76' lang='lat' dir='ltr'>negocii</span> <span class='ocrx_word' id='word_1_14' title='bbox 556 768 760 830; x_wconf 73' lang='lat' dir='ltr'>accendantur</span> <span class='ocrx_word' id='word_1_15' title='bbox 797 768 974 838; x_wconf 80' lang='lat' dir='ltr'>ardencius,</span> <span class='ocrx_word' id='word_1_16' title='bbox 1015 767 1209 829; x_wconf 89' lang='lat' dir='ltr'>adstrictione</span> <span class='ocrx_word' id='word_1_17' title='bbox 1246 769 1378 831; x_wconf 90' lang='lat' dir='ltr'>mandati</span> <span class='ocrx_word' id='word_1_18' title='bbox 1411 789 1446 831; x_wconf 92' lang='lat' dir='ltr'>ac</span> 
     </span>
     <span class='ocr_line' id='line_1_4' title="bbox 255 874 1447 957; baseline -0.002 -18"><span class='ocrx_word' id='word_1_19' title='bbox 255 877 351 939; x_wconf 87' lang='lat' dir='ltr'>eciam</span> <span class='ocrx_word' id='word_1_20' title='bbox 378 876 497 939; x_wconf 89' lang='lat' dir='ltr'>lacioris</span> <span class='ocrx_word' id='word_1_21' title='bbox 526 875 712 938; x_wconf 80' lang='lat' dir='ltr'>auctoritatis</span> <span class='ocrx_word' id='word_1_22' title='bbox 740 876 854 939; x_wconf 91' lang='lat' dir='ltr'>indulto</span> <span class='ocrx_word' id='word_1_23' title='bbox 887 874 1024 957; x_wconf 82' lang='lat' dir='ltr'>predicte</span> <span class='ocrx_word' id='word_1_24' title='bbox 1057 875 1277 955; x_wconf 83' lang='lat' dir='ltr'>predicacionis</span> <span class='ocrx_word' id='word_1_25' title='bbox 1315 875 1447 938; x_wconf 84' lang='lat' dir='ltr'>osticium</span> 
     </span>
     <span class='ocr_line' id='line_1_5' title="bbox 256 986 596 1065; baseline -0.003 -19"><span class='ocrx_word' id='word_1_26' title='bbox 256 986 400 1049; x_wconf 88' lang='lat' dir='ltr'>seriosius</span> <span class='ocrx_word' id='word_1_27' title='bbox 417 986 596 1065; x_wconf 87' lang='lat' dir='ltr'>iniungatur.</span> 
     </span>
    </p>
   </div>
   <div class='ocr_carea' id='block_1_3' title="bbox 829 1297 890 1366">
    <p class='ocr_par' dir='ltr' id='par_1_3' title="bbox 829 1297 890 1366">
     <span class='ocr_line' id='line_1_6' title="bbox 829 1297 890 1366; baseline -0.016 -1"><span class='ocrx_word' id='word_1_28' title='bbox 829 1297 890 1366; x_wconf 82' lang='grc'>70.</span> 
     </span>
    </p>
   </div>
   <div class='ocr_carea' id='block_1_4' title="bbox 614 1470 1099 1535">
    <p class='ocr_par' dir='ltr' id='par_1_4' title="bbox 614 1470 1099 1535">
     <span class='ocr_line' id='line_1_7' title="bbox 614 1470 1099 1535; baseline 0.006 -3"><span class='ocrx_word' id='word_1_29' title='bbox 614 1470 807 1533; x_wconf 76' lang='lat' dir='ltr'>Romanorum</span> <span class='ocrx_word' id='word_1_30' title='bbox 826 1490 878 1535; x_wconf 82' lang='lat' dir='ltr'>rex</span> <span class='ocrx_word' id='word_1_31' title='bbox 894 1470 924 1534; x_wconf 84' lang='lat' dir='ltr'>ll.</span> <span class='ocrx_word' id='word_1_32' title='bbox 941 1471 1099 1535; x_wconf 80' lang='lat' dir='ltr'>ludlcllms.</span> 
     </span>
    </p>
   </div>
   <div class='ocr_carea' id='block_1_5' title="bbox 258 1624 1453 1782">
    <p class='ocr_par' dir='ltr' id='par_1_5' title="bbox 258 1624 1453 1782">
     <span class='ocr_line' id='line_1_8' title="bbox 258 1624 1453 1698; baseline -0.004 -14"><span class='ocrx_word' id='word_1_33' title='bbox 258 1633 319 1684; x_wconf 82' lang='lat' dir='ltr'>Der</span> <span class='ocrx_word' id='word_1_34' title='bbox 333 1629 466 1684; x_wconf 70' lang='lat' dir='ltr'>romische</span> <span class='ocrx_word' id='word_1_35' title='bbox 477 1629 565 1698; x_wconf 71' lang='lat' dir='ltr'>Kc&#39;nip</span> <span class='ocrx_word' id='word_1_36' title='bbox 579 1627 712 1697; x_wconf 78' lang='lat' dir='ltr'>(liudolf)</span> <span class='ocrx_word' id='word_1_37' title='bbox 726 1629 816 1681; x_wconf 81' lang='lat' dir='ltr'>nimmt</span> <span class='ocrx_word' id='word_1_38' title='bbox 829 1628 872 1684; x_wconf 77' lang='lat' dir='ltr'>eta</span> <span class='ocrx_word' id='word_1_39' title='bbox 890 1627 1077 1690; x_wconf 59' lang='lat' dir='ltr'>warentias,</span> <span class='ocrx_word' id='word_1_40' title='bbox 1090 1628 1140 1681; x_wconf 78' lang='lat' dir='ltr'>dar</span> <span class='ocrx_word' id='word_1_41' title='bbox 1152 1626 1218 1680; x_wconf 82' lang='lat' dir='ltr'>need</span> <span class='ocrx_word' id='word_1_42' title='bbox 1236 1626 1309 1681; x_wconf 78' lang='lat' dir='ltr'>nicht</span> <span class='ocrx_word' id='word_1_43' title='bbox 1321 1624 1453 1697; x_wconf 53' lang='lat' dir='ltr'>comedes</span> 
     </span>
     <span class='ocr_line' id='line_1_9' title="bbox 681 1717 1028 1782; baseline -0.003 -11"><span class='ocrx_word' id='word_1_44' title='bbox 681 1719 763 1782; x_wconf 72' lang='lat' dir='ltr'>daun,</span> <span class='ocrx_word' id='word_1_45' title='bbox 777 1718 806 1771; x_wconf 85' lang='lat' dir='ltr'>in</span> <span class='ocrx_word' id='word_1_46' title='bbox 818 1718 910 1774; x_wconf 79' lang='lat' dir='ltr'>sciaen</span> <span class='ocrx_word' id='word_1_47' title='bbox 924 1717 1028 1773; x_wconf 70' lang='lat' dir='ltr'>Sedula.</span> 
     </span>
    </p>
   </div>
   <div class='ocr_carea' id='block_1_6' title="bbox 356 1852 578 1913">
    <p class='ocr_par' dir='ltr' id='par_1_6' title="bbox 356 1852 578 1913">
     <span class='ocr_line' id='line_1_10' title="bbox 356 1852 578 1913; baseline -0.014 -7"><span class='ocrx_word' id='word_1_48' title='bbox 356 1855 479 1913; x_wconf 75' lang='lat' dir='ltr'>Cerberi,</span> <span class='ocrx_word' id='word_1_49' title='bbox 495 1853 520 1912; x_wconf 83' lang='lat'>3,</span> <span class='ocrx_word' id='word_1_50' title='bbox 535 1852 578 1903; x_wconf 68' lang='lat'>33.</span> 
     </span>
    </p>
   </div>
   <div class='ocr_carea' id='block_1_7' title="bbox 160 1995 1467 2727">
    <p class='ocr_par' dir='ltr' id='par_1_7' title="bbox 160 1995 1467 2727">
     <span class='ocr_line' id='line_1_11' title="bbox 350 1995 1452 2077; baseline -0.004 -18"><span class='ocrx_word' id='word_1_51' title='bbox 350 1997 396 2059; x_wconf 83' lang='lat' dir='ltr'>Ad</span> <span class='ocrx_word' id='word_1_52' title='bbox 423 1997 481 2059; x_wconf 87' lang='lat' dir='ltr'>hoc</span> <span class='ocrx_word' id='word_1_53' title='bbox 511 1996 622 2058; x_wconf 89' lang='lat' dir='ltr'>nostris</span> <span class='ocrx_word' id='word_1_54' title='bbox 651 1997 782 2057; x_wconf 89' lang='lat' dir='ltr'>humeris</span> <span class='ocrx_word' id='word_1_55' title='bbox 810 1995 895 2076; x_wconf 82' lang='lat' dir='ltr'>regie</span> <span class='ocrx_word' id='word_1_56' title='bbox 925 1995 1079 2077; x_wconf 83' lang='lat' dir='ltr'>dignitatis</span> <span class='ocrx_word' id='word_1_57' title='bbox 1104 2002 1151 2058; x_wconf 86' lang='lat' dir='ltr'>est</span> <span class='ocrx_word' id='word_1_58' title='bbox 1173 2016 1190 2058; x_wconf 91' lang='lat' dir='ltr'>a</span> <span class='ocrx_word' id='word_1_59' title='bbox 1212 1996 1277 2058; x_wconf 84' lang='lat' dir='ltr'>Deo</span> <span class='ocrx_word' id='word_1_60' title='bbox 1301 1995 1452 2077; x_wconf 89' lang='lat' dir='ltr'>inpositus</span> 
     </span>
     <span class='ocr_line' id='line_1_12' title="bbox 258 2103 1456 2186; baseline -0.004 -20"><span class='ocrx_word' id='word_1_61' title='bbox 258 2104 442 2186; x_wconf 77' lang='lat' dir='ltr'>principatus</span> <span class='ocrx_word' id='word_1_62' title='bbox 460 2104 593 2185; x_wconf 89' lang='lat' dir='ltr'>armique</span> <span class='ocrx_word' id='word_1_63' title='bbox 611 2105 706 2165; x_wconf 91' lang='lat' dir='ltr'>nostri</span> <span class='ocrx_word' id='word_1_64' title='bbox 724 2123 810 2166; x_wconf 90' lang='lat' dir='ltr'>sacre</span> <span class='ocrx_word' id='word_1_65' title='bbox 834 2104 1033 2166; x_wconf 87' lang='lat' dir='ltr'>delibucionis</span> <span class='ocrx_word' id='word_1_66' title='bbox 1059 2105 1124 2167; x_wconf 91' lang='lat' dir='ltr'>oleo</span> <span class='ocrx_word' id='word_1_67' title='bbox 1147 2109 1216 2165; x_wconf 90' lang='lat' dir='ltr'>sunt</span> <span class='ocrx_word' id='word_1_68' title='bbox 1237 2103 1396 2185; x_wconf 89' lang='lat' dir='ltr'>peruncti,</span> <span class='ocrx_word' id='word_1_69' title='bbox 1425 2104 1456 2163; x_wconf 94' lang='lat' dir='ltr'>ut</span> 
     </span>
     <span class='ocr_line' id='line_1_13' title="bbox 259 2211 1456 2297; baseline -0.003 -22"><span class='ocrx_word' id='word_1_70' title='bbox 259 2232 349 2275; x_wconf 91' lang='lat' dir='ltr'>manu</span> <span class='ocrx_word' id='word_1_71' title='bbox 365 2212 548 2276; x_wconf 82' lang='lat' dir='ltr'>fortitudinis</span> <span class='ocrx_word' id='word_1_72' title='bbox 566 2222 596 2274; x_wconf 88' lang='lat' dir='ltr'>et</span> <span class='ocrx_word' id='word_1_73' title='bbox 612 2212 736 2274; x_wconf 88' lang='lat' dir='ltr'>brachio</span> <span class='ocrx_word' id='word_1_74' title='bbox 765 2218 884 2276; x_wconf 83' lang='lat' dir='ltr'>extento</span> <span class='ocrx_word' id='word_1_75' title='bbox 907 2211 934 2297; x_wconf 85' lang='lat'>¹)</span> <span class='ocrx_word' id='word_1_76' title='bbox 949 2214 1039 2274; x_wconf 92' lang='lat' dir='ltr'>simus</span> <span class='ocrx_word' id='word_1_77' title='bbox 1077 2213 1209 2275; x_wconf 90' lang='lat' dir='ltr'>omniurn</span> <span class='ocrx_word' id='word_1_78' title='bbox 1237 2212 1294 2275; x_wconf 85' lang='lat' dir='ltr'>sub</span> <span class='ocrx_word' id='word_1_79' title='bbox 1322 2213 1456 2275; x_wconf 84' lang='lat' dir='ltr'>Romano</span> 
     </span>
     <span class='ocr_line' id='line_1_14' title="bbox 160 2319 1456 2401; baseline -0.004 -18"><span class='ocrx_word' id='word_1_80' title='bbox 160 2321 169 2338; x_wconf 79' lang='lat'><strong><em>&#39;</em></strong></span> <span class='ocrx_word' id='word_1_81' title='bbox 260 2321 383 2401; x_wconf 92' lang='lat' dir='ltr'>imperio</span> <span class='ocrx_word' id='word_1_82' title='bbox 409 2320 587 2401; x_wconf 89' lang='lat' dir='ltr'>degencium</span> <span class='ocrx_word' id='word_1_83' title='bbox 610 2319 796 2381; x_wconf 76' lang='lat' dir='ltr'>defensores.</span> <span class='ocrx_word' id='word_1_84' title='bbox 841 2320 1045 2382; x_wconf 89' lang='lat' dir='ltr'>Verumlicet</span> <span class='ocrx_word' id='word_1_85' title='bbox 1067 2319 1184 2381; x_wconf 89' lang='lat' dir='ltr'>adhoc</span> <span class='ocrx_word' id='word_1_86' title='bbox 1208 2319 1344 2381; x_wconf 83' lang='lat' dir='ltr'>omnibus</span> <span class='ocrx_word' id='word_1_87' title='bbox 1368 2324 1456 2381; x_wconf 88' lang='lat' dir='ltr'>tene-</span> 
     </span>
     <span class='ocr_line' id='line_1_15' title="bbox 261 2425 1467 2507; baseline -0.005 -17"><span class='ocrx_word' id='word_1_88' title='bbox 261 2447 345 2490; x_wconf 89' lang='lat' dir='ltr'>amur</span> <span class='ocrx_word' id='word_1_89' title='bbox 376 2449 412 2488; x_wconf 87' lang='lat' dir='ltr'>ex</span> <span class='ocrx_word' id='word_1_90' title='bbox 443 2447 515 2488; x_wconf 90' lang='lat' dir='ltr'>cura</span> <span class='ocrx_word' id='word_1_91' title='bbox 547 2425 680 2506; x_wconf 89' lang='lat' dir='ltr'>suscepti</span> <span class='ocrx_word' id='word_1_92' title='bbox 711 2425 886 2507; x_wconf 87' lang='lat' dir='ltr'>regiminis,</span> <span class='ocrx_word' id='word_1_93' title='bbox 916 2427 981 2488; x_wconf 90' lang='lat' dir='ltr'>illos</span> <span class='ocrx_word' id='word_1_94' title='bbox 1013 2433 1114 2489; x_wconf 91' lang='lat' dir='ltr'>tamen</span> <span class='ocrx_word' id='word_1_95' title='bbox 1145 2426 1290 2507; x_wconf 90' lang='lat' dir='ltr'>precipue</span> <span class='ocrx_word' id='word_1_96' title='bbox 1321 2428 1467 2489; x_wconf 62' lang='lat' dir='ltr'>volumus*</span> 
     </span>
     <span class='ocr_line' id='line_1_16' title="bbox 262 2534 1458 2617; baseline -0.004 -19"><span class='ocrx_word' id='word_1_97' title='bbox 262 2542 292 2599; x_wconf 93' lang='lat' dir='ltr'>et</span> <span class='ocrx_word' id='word_1_98' title='bbox 321 2536 464 2598; x_wconf 82' lang='lat' dir='ltr'>debemus</span> <span class='ocrx_word' id='word_1_99' title='bbox 491 2539 670 2615; x_wconf 81' lang='lat' dir='ltr'>protegere,</span> <span class='ocrx_word' id='word_1_100' title='bbox 702 2554 776 2617; x_wconf 90' lang='lat' dir='ltr'>quos</span> <span class='ocrx_word' id='word_1_101' title='bbox 806 2535 935 2596; x_wconf 88' lang='lat' dir='ltr'>divinum</span> <span class='ocrx_word' id='word_1_102' title='bbox 965 2535 1117 2597; x_wconf 90' lang='lat' dir='ltr'>oraculum</span> <span class='ocrx_word' id='word_1_103' title='bbox 1145 2540 1248 2598; x_wconf 88' lang='lat' dir='ltr'>nostre</span> <span class='ocrx_word' id='word_1_104' title='bbox 1277 2534 1458 2616; x_wconf 87' lang='lat' dir='ltr'>protectioni</span> 
     </span>
     <span class='ocr_line' id='line_1_17' title="bbox 263 2641 1458 2727; baseline -0.002 -22"><span class='ocrx_word' id='word_1_105' title='bbox 263 2642 412 2705; x_wconf 90' lang='lat' dir='ltr'>commisit</span> <span class='ocrx_word' id='word_1_106' title='bbox 440 2642 612 2723; x_wconf 90' lang='lat' dir='ltr'>specialiter</span> <span class='ocrx_word' id='word_1_107' title='bbox 633 2660 701 2703; x_wconf 90' lang='lat' dir='ltr'>cum</span> <span class='ocrx_word' id='word_1_108' title='bbox 723 2648 866 2723; x_wconf 87' lang='lat' dir='ltr'>precepto</span> <span class='ocrx_word' id='word_1_109' title='bbox 891 2643 1023 2704; x_wconf 89' lang='lat' dir='ltr'>clamans</span> <span class='ocrx_word' id='word_1_110' title='bbox 1039 2641 1086 2727; x_wconf 64' lang='grc'>2);</span> <span class='ocrx_word' id='word_1_111' title='bbox 1117 2642 1249 2724; x_wconf 92' lang='lat' dir='ltr'>„pupillo</span> <span class='ocrx_word' id='word_1_112' title='bbox 1273 2649 1303 2705; x_wconf 92' lang='lat' dir='ltr'>et</span> <span class='ocrx_word' id='word_1_113' title='bbox 1325 2644 1458 2725; x_wconf 91' lang='lat' dir='ltr'>orphano</span> 
     </span>
    </p>
   </div>
   <div class='ocr_carea' id='block_1_8' title="bbox 263 2748 1460 3677">
    <p class='ocr_par' dir='ltr' id='par_1_8' title="bbox 263 2748 1460 3677">
     <span class='ocr_line' id='line_1_18' title="bbox 263 2748 1459 2832; baseline -0.004 -20"><span class='ocrx_word' id='word_1_114' title='bbox 263 2750 372 2812; x_wconf 90' lang='lat' dir='ltr'>tueris</span> <span class='ocrx_word' id='word_1_115' title='bbox 396 2749 545 2811; x_wconf 81' lang='lat' dir='ltr'>adiutor.“</span> <span class='ocrx_word' id='word_1_116' title='bbox 580 2750 659 2815; x_wconf 86' lang='lat' dir='ltr'>Sane</span> <span class='ocrx_word' id='word_1_117' title='bbox 683 2749 809 2810; x_wconf 88' lang='lat' dir='ltr'>dilectus</span> <span class='ocrx_word' id='word_1_118' title='bbox 827 2754 930 2812; x_wconf 87' lang='lat' dir='ltr'>noster</span> <span class='ocrx_word' id='word_1_119' title='bbox 945 2748 996 2818; x_wconf 72' lang='lat' dir='ltr'>N„</span> <span class='ocrx_word' id='word_1_120' title='bbox 1012 2753 1137 2832; x_wconf 89' lang='lat' dir='ltr'>paterno</span> <span class='ocrx_word' id='word_1_121' title='bbox 1156 2749 1268 2811; x_wconf 89' lang='lat' dir='ltr'>solacio</span> <span class='ocrx_word' id='word_1_122' title='bbox 1287 2748 1459 2816; x_wconf 84' lang='lat' dir='ltr'>destitutus,</span> 
     </span>
     <span class='ocr_line' id='line_1_19' title="bbox 263 2853 1459 2942; baseline -0.006 -21"><span class='ocrx_word' id='word_1_123' title='bbox 263 2879 323 2921; x_wconf 93' lang='lat' dir='ltr'>non</span> <span class='ocrx_word' id='word_1_124' title='bbox 350 2863 465 2919; x_wconf 88' lang='lat' dir='ltr'>tantum</span> <span class='ocrx_word' id='word_1_125' title='bbox 487 2857 529 2942; x_wconf 81' lang='lat' dir='ltr'>a)</span> <span class='ocrx_word' id='word_1_126' title='bbox 550 2861 676 2937; x_wconf 91' lang='lat' dir='ltr'>propter</span> <span class='ocrx_word' id='word_1_127' title='bbox 702 2856 897 2937; x_wconf 89' lang='lat' dir='ltr'>pupillarem,</span> <span class='ocrx_word' id='word_1_128' title='bbox 923 2876 1026 2918; x_wconf 86' lang='lat' dir='ltr'>verum</span> <span class='ocrx_word' id='word_1_129' title='bbox 1056 2856 1151 2917; x_wconf 91' lang='lat' dir='ltr'>eciam</span> <span class='ocrx_word' id='word_1_130' title='bbox 1179 2862 1302 2938; x_wconf 85' lang='lat' dir='ltr'>propter</span> <span class='ocrx_word' id='word_1_131' title='bbox 1330 2853 1459 2918; x_wconf 82' lang='lat' dir='ltr'>infancie</span> 
     </span>
     <span class='ocr_line' id='line_1_20' title="bbox 264 2949 1460 3048; baseline -0.005 -19"><span class='ocrx_word' id='word_1_132' title='bbox 264 2965 496 3029; x_wconf 86' lang='lat' dir='ltr'>teneritudinem</span> <span class='ocrx_word' id='word_1_133' title='bbox 514 2986 548 3026; x_wconf 93' lang='lat' dir='ltr'>se</span> <span class='ocrx_word' id='word_1_134' title='bbox 566 2964 663 3044; x_wconf 91' lang='lat' dir='ltr'>ipsum</span> <span class='ocrx_word' id='word_1_135' title='bbox 680 2985 739 3027; x_wconf 91' lang='lat' dir='ltr'>non</span> <span class='ocrx_word' id='word_1_136' title='bbox 755 2969 856 3048; x_wconf 90' lang='lat' dir='ltr'>potest</span> <span class='ocrx_word' id='word_1_137' title='bbox 874 2965 1047 3034; x_wconf 82' lang='lat' dir='ltr'>defendere,</span> <span class='ocrx_word' id='word_1_138' title='bbox 1065 2983 1121 3025; x_wconf 90' lang='lat' dir='ltr'>nec</span> <span class='ocrx_word' id='word_1_139' title='bbox 1139 2964 1251 3025; x_wconf 84' lang='lat' dir='ltr'>iuvare.</span> <span class='ocrx_word' id='word_1_140' title='bbox 1276 2949 1320 3026; x_wconf 80' lang='lat' dir='ltr'>Ea</span> <span class='ocrx_word' id='word_1_141' title='bbox 1335 2967 1460 3045; x_wconf 90' lang='lat' dir='ltr'>propter</span> 
     </span>
     <span class='ocr_line' id='line_1_21' title="bbox 263 3069 1459 3157; baseline -0.007 -20"><span class='ocrx_word' id='word_1_142' title='bbox 263 3077 362 3157; x_wconf 92' lang='lat' dir='ltr'>ipsum</span> <span class='ocrx_word' id='word_1_143' title='bbox 380 3080 513 3136; x_wconf 91' lang='lat' dir='ltr'>nostram</span> <span class='ocrx_word' id='word_1_144' title='bbox 541 3072 710 3154; x_wconf 88' lang='lat' dir='ltr'>recepimus</span> <span class='ocrx_word' id='word_1_145' title='bbox 744 3072 775 3134; x_wconf 92' lang='lat' dir='ltr'>in</span> <span class='ocrx_word' id='word_1_146' title='bbox 806 3074 930 3135; x_wconf 88' lang='lat' dir='ltr'>tutelam</span> <span class='ocrx_word' id='word_1_147' title='bbox 963 3078 993 3134; x_wconf 88' lang='lat' dir='ltr'>et</span> <span class='ocrx_word' id='word_1_148' title='bbox 1025 3073 1122 3134; x_wconf 89' lang='lat' dir='ltr'>omnia</span> <span class='ocrx_word' id='word_1_149' title='bbox 1146 3072 1224 3135; x_wconf 86' lang='lat' dir='ltr'>bona</span> <span class='ocrx_word' id='word_1_150' title='bbox 1254 3091 1308 3133; x_wconf 91' lang='lat' dir='ltr'>sua</span> <span class='ocrx_word' id='word_1_151' title='bbox 1337 3069 1459 3134; x_wconf 88' lang='lat' dir='ltr'>mobilia</span> 
     </span>
     <span class='ocr_line' id='line_1_22' title="bbox 265 3179 1460 3265; baseline -0.003 -23"><span class='ocrx_word' id='word_1_152' title='bbox 265 3189 297 3246; x_wconf 86' lang='lat' dir='ltr'>et</span> <span class='ocrx_word' id='word_1_153' title='bbox 312 3183 350 3265; x_wconf 83' lang='lat' dir='ltr'>b)</span> <span class='ocrx_word' id='word_1_154' title='bbox 379 3204 437 3243; x_wconf 93' lang='lat' dir='ltr'>non</span> <span class='ocrx_word' id='word_1_155' title='bbox 465 3180 588 3243; x_wconf 88' lang='lat' dir='ltr'>mobilia</span> <span class='ocrx_word' id='word_1_156' title='bbox 615 3180 670 3242; x_wconf 91' lang='lat' dir='ltr'>sub</span> <span class='ocrx_word' id='word_1_157' title='bbox 698 3180 791 3243; x_wconf 90' lang='lat' dir='ltr'>nostri</span> <span class='ocrx_word' id='word_1_158' title='bbox 821 3179 945 3261; x_wconf 90' lang='lat' dir='ltr'>presidii</span> <span class='ocrx_word' id='word_1_159' title='bbox 974 3201 1009 3242; x_wconf 92' lang='lat' dir='ltr'>ac</span> <span class='ocrx_word' id='word_1_160' title='bbox 1036 3179 1233 3262; x_wconf 88' lang='lat' dir='ltr'>protectionis</span> <span class='ocrx_word' id='word_1_161' title='bbox 1256 3180 1356 3260; x_wconf 91' lang='lat' dir='ltr'>gladio</span> <span class='ocrx_word' id='word_1_162' title='bbox 1375 3197 1460 3242; x_wconf 87' lang='lat' dir='ltr'>assu-</span> 
     </span>
     <span class='ocr_line' id='line_1_23' title="bbox 265 3286 1460 3370; baseline -0.005 -19"><span class='ocrx_word' id='word_1_163' title='bbox 265 3296 382 3352; x_wconf 89' lang='lat' dir='ltr'>mentes</span> <span class='ocrx_word' id='word_1_164' title='bbox 400 3311 452 3351; x_wconf 87' lang='lat' dir='ltr'>seu</span> <span class='ocrx_word' id='word_1_165' title='bbox 470 3289 590 3369; x_wconf 82' lang='lat' dir='ltr'>clypeo,</span> <span class='ocrx_word' id='word_1_166' title='bbox 620 3289 757 3350; x_wconf 89' lang='lat' dir='ltr'>omnibus</span> <span class='ocrx_word' id='word_1_167' title='bbox 779 3288 904 3351; x_wconf 86' lang='lat' dir='ltr'>Romani</span> <span class='ocrx_word' id='word_1_168' title='bbox 927 3288 1044 3370; x_wconf 88' lang='lat' dir='ltr'>imperii</span> <span class='ocrx_word' id='word_1_169' title='bbox 1065 3286 1204 3349; x_wconf 89' lang='lat' dir='ltr'>fidelibus</span> <span class='ocrx_word' id='word_1_170' title='bbox 1228 3287 1335 3350; x_wconf 82' lang='lat' dir='ltr'>obnixe</span> <span class='ocrx_word' id='word_1_171' title='bbox 1359 3287 1460 3369; x_wconf 88' lang='lat' dir='ltr'>preci-</span> 
     </span>
     <span class='ocr_line' id='line_1_24' title="bbox 265 3378 1460 3480; baseline -0.004 -22"><span class='ocrx_word' id='word_1_172' title='bbox 265 3399 375 3478; x_wconf 90' lang='lat' dir='ltr'>pimus,</span> <span class='ocrx_word' id='word_1_173' title='bbox 408 3419 444 3459; x_wconf 92' lang='lat' dir='ltr'>ne</span> <span class='ocrx_word' id='word_1_174' title='bbox 478 3398 544 3480; x_wconf 92' lang='lat' dir='ltr'>quis</span> <span class='ocrx_word' id='word_1_175' title='bbox 578 3378 690 3460; x_wconf 80' lang='lat' dir='ltr'>dictum</span> <span class='ocrx_word' id='word_1_176' title='bbox 721 3397 865 3459; x_wconf 87' lang='lat' dir='ltr'>infantem</span> <span class='ocrx_word' id='word_1_177' title='bbox 898 3418 952 3459; x_wconf 90' lang='lat' dir='ltr'>seu</span> <span class='ocrx_word' id='word_1_178' title='bbox 982 3395 1061 3458; x_wconf 85' lang='lat' dir='ltr'>bona</span> <span class='ocrx_word' id='word_1_179' title='bbox 1093 3414 1146 3456; x_wconf 91' lang='lat' dir='ltr'>sua</span> <span class='ocrx_word' id='word_1_180' title='bbox 1179 3394 1289 3457; x_wconf 86' lang='lat' dir='ltr'>audeat</span> <span class='ocrx_word' id='word_1_181' title='bbox 1320 3395 1460 3457; x_wconf 81' lang='lat' dir='ltr'>invadere</span> 
     </span>
     <span class='ocr_line' id='line_1_25' title="bbox 267 3501 1460 3588; baseline -0.006 -20"><span class='ocrx_word' id='word_1_182' title='bbox 267 3513 318 3568; x_wconf 89' lang='lat' dir='ltr'>aut</span> <span class='ocrx_word' id='word_1_183' title='bbox 350 3505 517 3588; x_wconf 88' lang='lat' dir='ltr'>aliqualiter</span> <span class='ocrx_word' id='word_1_184' title='bbox 547 3505 741 3587; x_wconf 89' lang='lat' dir='ltr'>perturbare,</span> <span class='ocrx_word' id='word_1_185' title='bbox 775 3505 854 3567; x_wconf 87' lang='lat' dir='ltr'>sicut</span> <span class='ocrx_word' id='word_1_186' title='bbox 885 3508 986 3566; x_wconf 83' lang='lat' dir='ltr'>nostre</span> <span class='ocrx_word' id='word_1_187' title='bbox 1017 3501 1239 3583; x_wconf 86' lang='lat' dir='ltr'>indignacionis</span> <span class='ocrx_word' id='word_1_188' title='bbox 1271 3503 1460 3566; x_wconf 84' lang='lat' dir='ltr'>formidinem</span> 
     </span>
     <span class='ocr_line' id='line_1_26' title="bbox 267 3613 532 3677; baseline -0.008 -1"><span class='ocrx_word' id='word_1_189' title='bbox 267 3616 395 3677; x_wconf 76' lang='lat' dir='ltr'>voluerit</span> <span class='ocrx_word' id='word_1_190' title='bbox 411 3613 532 3675; x_wconf 89' lang='lat' dir='ltr'>evitare.</span> 
     </span>
    </p>
   </div>
   <div class='ocr_carea' id='block_1_9' title="bbox 360 3813 765 3882">
    <p class='ocr_par' dir='ltr' id='par_1_9' title="bbox 360 3813 765 3882">
     <span class='ocr_line' id='line_1_27' title="bbox 360 3813 765 3882; baseline 0.005 -17"><span class='ocrx_word' id='word_1_191' title='bbox 360 3814 393 3876; x_wconf 80' lang='lat' dir='ltr'>a)</span> <span class='ocrx_word' id='word_1_192' title='bbox 409 3813 521 3866; x_wconf 88' lang='lat' dir='ltr'>nondum</span> <span class='ocrx_word' id='word_1_193' title='bbox 535 3815 564 3867; x_wconf 90' lang='lat' dir='ltr'>V.</span> <span class='ocrx_word' id='word_1_194' title='bbox 583 3844 610 3852; x_wconf 84' lang='lat'>—</span> <span class='ocrx_word' id='word_1_195' title='bbox 627 3814 659 3882; x_wconf 84' lang='lat' dir='ltr'>b)</span> <span class='ocrx_word' id='word_1_196' title='bbox 675 3830 722 3866; x_wconf 85' lang='lat' dir='ltr'>nec</span> <span class='ocrx_word' id='word_1_197' title='bbox 736 3814 765 3867; x_wconf 89' lang='lat' dir='ltr'>V.</span> 
     </span>
    </p>
   </div>
   <div class='ocr_carea' id='block_1_10' title="bbox 295 4137 607 4280">
    <p class='ocr_par' dir='ltr' id='par_1_10' title="bbox 295 4137 607 4280">
     <span class='ocr_line' id='line_1_28' title="bbox 300 4137 607 4197; baseline -0.003 -15"><span class='ocrx_word' id='word_1_198' title='bbox 300 4144 321 4197; x_wconf 76' lang='grc' dir='ltr'>Ι)</span> <span class='ocrx_word' id='word_1_199' title='bbox 341 4141 388 4184; x_wconf 76' lang='lat' dir='ltr'>l&#39;fr.</span> <span class='ocrx_word' id='word_1_200' title='bbox 407 4138 520 4184; x_wconf 67' lang='lat' dir='ltr'>serenius</span> <span class='ocrx_word' id='word_1_201' title='bbox 532 4140 570 4189; x_wconf 78' lang='lat'>21,</span> <span class='ocrx_word' id='word_1_202' title='bbox 584 4137 607 4181; x_wconf 76' lang='grc'>5.</span> 
     </span>
     <span class='ocr_line' id='line_1_29' title="bbox 295 4220 513 4280; baseline -0.005 -15"><span class='ocrx_word' id='word_1_203' title='bbox 295 4221 319 4280; x_wconf 71' lang='lat'>²)</span> <span class='ocrx_word' id='word_1_204' title='bbox 339 4223 410 4265; x_wconf 84' lang='lat' dir='ltr'>Psalm</span> <span class='ocrx_word' id='word_1_205' title='bbox 426 4222 461 4272; x_wconf 79' lang='lat'>10,</span> <span class='ocrx_word' id='word_1_206' title='bbox 479 4220 513 4265; x_wconf 76' lang='lat' dir='ltr'>ll.</span> 
     </span>
    </p>
   </div>
   <div class='ocr_carea' id='block_1_11' title="bbox 0 0 1630 5392">
    <p class='ocr_par' dir='ltr' id='par_1_11' title="bbox 0 0 1630 5392">
     <span class='ocr_line' id='line_1_30' title="bbox 0 0 1630 5392; baseline 0 0"><span class='ocrx_word' id='word_1_207' title='bbox 0 0 1630 5392; x_wconf 95' lang='lat' dir='ltr'> </span> 
     </span>
    </p>
   </div>
  </div>
 </body>
</html>
