3209 5392
301 499 375 570 124

296 671 448 727 defensione
462 666 586 743 speciali,
605 668 660 724 und
679 665 786 722 Sicilien
805 666 858 723 und
878 661 1014 721 Calabrica
1037 664 1132 718 sollten
1154 663 1209 717 seio
1228 668 1352 734 perpetuo
1369 662 1451 717 dede·

296 762 377 816 manin
401 762 531 819 ecclesiae
544 761 683 817 Romanae.
698 760 817 831 Rnynnld
833 760 912 826 1254,
928 760 1045 815 Octcbcr
1059 758 1101 821 10,
1116 776 1141 812 n.
1155 756 1199 812 63.
1225 756 1254 811 ln
1267 756 1337 811 dirce
1350 757 1400 811 Zeit
1411 759 1459 812 also

296 852 358 906 reird
377 870 458 908 unser
476 852 552 909 Briet
570 852 695 923 gondoeno.
721 853 749 906 ln
770 852 819 905 der
832 850 902 905 Thnt
915 850 1035 905 schiclrte
1053 850 1121 903 coctu
1135 850 1263 902 lnuoccoz
1276 850 1317 903 lv.
1335 850 1412 904 echon
1428 866 1462 902 un

299 942 509 1016 2.'September
533 945 603 999 1254
628 945 717 998 ceinen
740 942 929 1005 Verwendten‚
954 942 1005 995 den
1028 941 1151 996 Cardinnl
1174 940 1297 994 Wilhelm
1319 942 1467 1004 liemcule

295 1035 459 1089 Stntttrnlter
477 1037 544 1088 nacln
559 1034 668 1089 Sicilien
689 1034 741 1108 und
755 1034 860 1089 colrrielr
873 1032 951 1092 auch,
963 1032 1012 1087 wie
1024 1031 1142 1105 Raynald
1156 1031 1295 1090 berichtet,
1310 1032 1340 1084 nd
1355 1049 1465 1103 proceres

295 1126 416 1187 Siculus,
439 1129 467 1179 ut
490 1125 613 1179 maiorum
635 1125 673 1179 illi
702 1124 860 1178 conciliaret
887 1122 1082 1178 anctoritatem.
1109 1121 1166 1176 Den
1189 1120 1415 1175 Vollmnchtsbricl
1432 1125 1465 1177 tir

294 1215 415 1273 wilhelm
433 1215 511 1269 theilt
528 1215 646 1288 Rnpnnld
666 1215 749 1269 selbot
766 1214 826 1275 mit,
850 1213 900 1267 der
916 1229 967 1267 von
983 1212 1036 1275 illm
1056 1213 1204 1274 erwehute,
1220 1212 1320 1283 jedoclr
1334 1211 1404 1282 nicht
1416 1214 1467 1266 nit·

294 1306 422 1378 gethciltc
436 1305 512 1361 lirici
521 1324 552 1361 an
565 1306 609 1361 dic
623 1320 749 1377 proceres
764 1303 871 1359 Siculos
884 1304 949 1375 licgt
962 1321 1018 1366 uns,
1031 1299 1081 1358 vri'c
1095 1302 1138 1357 ich
1151 1303 1256 1374 glouba,
1272 1303 1327 1357 hier
1341 1321 1392 1357 vor.
1402 1304 1464 1357 llrnu

295 1414 370 1453 neon
382 1415 410 1453 ee
423 1397 480 1453 hicn·
494 1416 543 1453 von
558 1396 792 1452 denllcllmnolitcn
806 1395 854 1451 des
862 1397 978 1464 Legaten
991 1395 1092 1451 hcieote
1106 1394 1292 1449 concesserint
1311 1395 1468 1466 percipiendi,

294 1488 447 1551 ordinandi,
459 1478 606 1552 statuendi,
627 1488 752 1560 faciendi
766 1488 838 1543 cient
858 1486 989 1558 expedire
1004 1486 1103 1542 viuere
1120 1491 1172 1541 etc.
1191 1486 1273 1565 libera
1292 1490 1467 1559 potestatem

292 1587 368 1654 pacet
387 1581 434 1636 dae
455 1582 518 1635 sehr
534 1581 602 1636 wohl
625 1599 656 1635 zu
669 1579 717 1636 der
730 1579 888 1635 llaclntfdllc
906 1579 952 1635 mit
975 1579 1023 1633 der
1047 1576 1095 1633 der
1117 1577 1238 1633 Cerdiont
1253 1578 1375 1632 Wnlhclm
1387 1594 1469 1646 ansge-

292 1676 387 1727 otnttet
407 1688 467 1725 war.
490 1663 866 1745 Vergl.Ruvnald'12lil‚no·
893 1670 936 1723 48.
964 1670 1126 1725 Prosentium
1151 1674 1244 1724 tenore
1263 1668 1433 1731 concedimus,
1445 1672 1469 1720 ut

291 1762 379 1837 poscis
404 1768 456 1818 etc.
474 1792 503 1803 -
519 1763 662 1836 ptenarium
680 1766 850 1837 potestntern.

864 2005 925 2078 11.

666 2205 744 2286 lopo
760 2203 904 2285 eplseepo
920 2200 1101 2267 dolentersl.

776 2376 856 2433 nete.
870 2380 945 2450 April
959 2377 1002 2433 30.

288 2525 443 2581 Alexander
463 2524 481 2577 1
485 2525 510 2578 V.
538 2522 669 2597 empfiedtt
694 2523 754 2579 dem
775 2522 937 2594 Endiocdof
955 2525 1066 2580 Kourad
1086 2542 1136 2580 ooo
1158 2526 1227 2580 Kdln
1248 2524 1399 2596 ccccmo,
1423 2524 1475 2579 dem

391 2614 543 2671 romischeo
556 2615 661 2686 Kdoipe
672 2612 793 2671 niueam
806 2614 874 2669 curt
885 2611 979 2687 semer
990 2615 1017 2671 in
1023 2615 1106 2685 jeder
1124 2615 1397 2672 ll'ricetcizuctehen.

379 2781 453 2846 Cum
468 2779 628 2864 magnifica
651 2785 682 2844 et
702 2779 752 2863 pin
775 2784 863 2862 gesta
886 2767 1104 2844 katholicorum
1126 2799 1232 2862 regum
1256 2785 1287 2843 et
1309 2778 1473 2863 principum
1579 2839 1580 2844 ,

288 2888 370 2953 orbis
386 2894 467 2955 terre
483 2895 553 2953 ante
570 2889 674 2954 oculos
691 2887 800 2952 mentis
816 2893 919 2951 nostre
935 2885 1118 2959 reducimus,
1135 2886 1204 2951 dum
1222 2888 1304 2951 clara
1321 2894 1354 2952 ct
1370 2888 1471 2951 devota
1580 2961 1581 2978 ἵ

288 2998 421 3083 ipsorum
448 3017 540 3084 opera
567 2997 729 3080 diligenter
755 2995 939 3060 advertimus
967 3000 998 3059 et
1019 2995 1126 3059 eximia
1147 2997 1341 3060 rectitudinis
1364 2995 1473 3066 merita,
1580 2991 1581 3058 3

288 3107 397 3192 quihus
426 3128 528 3173 eorum
559 3107 668 3190 singuli
700 3129 734 3171 sc
766 3108 831 3171 Deo
863 3116 967 3190 gratos
997 3111 1028 3170 et
1055 3106 1187 3170 Romane
1216 3107 1367 3181 ecclesie,
1395 3105 1474 3170 matri

209 3221 213 3226 '
289 3219 587 3303 fidelium,acceptcs
604 3225 635 3285 et
651 3220 739 3284 utiles
762 3218 819 3281 sub
843 3218 1018 3281 diversitate
1040 3223 1207 3301 temporum
1228 3218 1426 3282 reddiderunt
1441 3216 1474 3280 ad

289 3329 461 3394 memoriam
481 3349 676 3401 revocamus,
702 3326 866 3391 recolenda
886 3327 989 3410 utique
1014 3346 1050 3390 nc
1073 3328 1179 3391 merito
1197 3328 1397 3392 collaudanda
1412 3331 1475 3390 sunt

289 3438 522 3511 virtutemnon,
538 3458 594 3521 per
610 3457 668 3521 que
684 3436 861 3500 karissimus
883 3436 914 3499 in
937 3436 1057 3500 Christo
1079 3435 1156 3500 lilius
1173 3445 1277 3501 noster
1292 3437 1473 3502 Richschar·

289 3547 344 3610 dus
357 3546 414 3633 a),
426 3547 457 3611 in
468 3548 668 3611 Romanorum
679 3565 784 3628 regern
796 3545 911 3608 electus
927 3552 959 3609 et
972 3551 1149 3618 coronatus,
1163 3550 1194 3608 et
1209 3545 1240 3609 in
1256 3546 1472 3629 imperatorem,
1579 3617 1581 3634 1

288 3664 411 3722 auctore
441 3656 589 3729 Domino,
617 3655 854 3739 promovendus,
886 3656 918 3718 in
950 3654 1044 3718 oculis
1081 3654 1179 3718 divine
1211 3676 1333 3739 semper
1364 3655 1470 3740 placuit
1579 3706 1581 3740 2

290 3767 477 3831 maiestatiet
499 3767 667 3851 apostolice
683 3766 766 3830 sedis
784 3770 917 3830 l'avorem
939 3765 997 3827 sihi
1014 3771 1046 3829 et
1066 3766 1194 3846 gratiam
1222 3766 1410 3840 vendicavit,
1436 3764 1475 3827 sic

287 3881 459 3965 specialiter
487 3886 519 3946 et
544 3881 576 3944 in
597 3886 737 3963 promptu
765 3880 853 3944 nohis
870 3886 1049 3952 occurrunt,
1078 3880 1158 3962 quod
1179 3881 1337 3964 nequimus
1360 3878 1471 3944 abillis

287 3994 381 4056 nostri
412 3990 513 4057 cordis
540 3990 637 4055 aciem
654 3990 822 4065 declinare,
854 4011 922 4054 cum
949 3991 1034 4074 quasi
1056 3990 1208 4073 fulgencia
1232 3993 1361 4074 quedam
1377 3991 1471 4054 sidera

286 4101 317 4167 in
330 4103 461 4167 ecclesia
476 4092 534 4165 Dei
545 4102 665 4166 luceant
678 4109 709 4166 et
724 4102 761 4165 ab
777 4102 844 4165 aliis
867 4101 946 4164 sicut
961 4120 1070 4183 magne
1085 4102 1240 4165 luminaria
1257 4102 1469 4167 discernantur⁴

286 4214 341 4279 Hic
357 4213 506 4300 siquidem
522 4213 560 4277 ab
576 4195 662 4277 arinis
679 4214 792 4278 toneris
809 4213 905 4276 Deum
921 4212 1039 4284 timere,
1056 4213 1153 4295 ipsum
1176 4214 1269 4277 corde
1291 4220 1398 4279 tenere
1414 4235 1468 4277 nun

287 4325 388 4402 desiit,
417 4326 541 4390 studens
570 4324 694 4389 cottidie
715 4344 770 4407 por
796 4344 917 4389 suorum
938 4324 1081 4388 incedere
1104 4325 1241 4389 semitam
1257 4326 1467 4392 mandatorum.

286 4437 363 4501 Nem
393 4434 451 4500 fide
482 4437 653 4519 preclarus,
684 4435 850 4510 devocione
877 4436 1037 4519 precipuus
1066 4441 1097 4500 et
1117 4435 1312 4520 insuperabili
1334 4439 1469 4516 virtutum

286 4552 435 4613 armatura
465 4545 614 4619 munitus,
646 4566 716 4610 suos
747 4544 778 4608 in
806 4546 911 4629 parvis
934 4546 1064 4611 nescivit
1089 4548 1218 4630 probare
1246 4554 1389 4623 conatus,
1417 4545 1468 4611 sed

307 4795 310 4800 ⁴
375 4748 479 4822 o)sic!

1488 431 1494 452 x
1573 199 1579 406 l

1572 585 1577 870 l

1572 881 1580 1188 l
