3209 5392
215 571 292 652 266

208 762 378 820 nostrorum
394 759 425 820 in
441 759 492 822 tali
508 759 576 823 loco
594 761 694 824 edicta
716 766 755 852 ¹),
772 766 810 828 ad
827 783 915 848 quam
929 762 1130 847 peremptorie
1144 781 1250 842 regem
1262 759 1405 824 Bobemie

208 865 342 927 duximus
359 869 555 942 evocandum,
574 870 611 933 ad
628 878 730 952 partes
747 878 828 936 terre
846 879 948 938 nostre
965 870 1144 933 beatitudini
1161 875 1263 931 vestre
1281 873 1405 930 conter-

208 975 320 1046 minas,
352 977 506 1042 festinatis
534 979 692 1060 gressibus
721 1002 738 1043 e
765 981 895 1062 vestigio
922 979 1140 1061 procedemus,
1170 984 1202 1040 ut
1228 976 1341 1039 ibidem
1369 976 1408 1037 de

207 1082 316 1145 vestris
332 1083 549 1165 beneplacitis,
567 1087 674 1170 quibus
692 1109 813 1170 semper
827 1087 987 1152 habilitare
1004 1107 1058 1150 nos
1074 1088 1221 1155 volumus,
1238 1084 1356 1147 facilius
1376 1089 1408 1145 et

209 1189 315 1253 melius
331 1191 438 1255 instrui
456 1194 619 1258 valeamus.

298 1352 352 1405 Das
374 1353 409 1406 iet
431 1352 473 1407 die
494 1353 614 1409 Antwort
635 1355 684 1409 auf
702 1355 753 1409 den
775 1356 851 1410 Boios
872 1356 1000 1427 Gregor'e
1023 1371 1080 1408 vom
1104 1354 1128 1407 1.
1150 1354 1299 1407 December
1324 1349 1407 1409 lave,

211 1441 279 1495 obeb
292 1458 353 1511 pag.
369 1443 427 1496 110.

788 1742 852 1813 52.

557 1918 751 1981 bononorum
768 1937 821 1980 rex
838 1918 958 1980 domlne
974 1936 1061 2000 pope.

701 2075 781 2129 1274.
796 2076 922 2130 October.

213 2216 300 2289 Konp
311 2218 417 2288 liudolf
430 2219 513 2273 dunler
531 2222 589 2274 dem
600 2183 685 2290 d’opet
701 2222 804 2291 (ἔνεμον
816 2218 847 2272 Χ.
863 2218 913 2288 far
925 2220 976 2273 duo
988 2237 1020 2273 ca
1033 2219 1124 2273 aeinen
1140 2221 1258 2273 Genetes
1270 2220 1408 2273 erloaeene

217 2305 361 2361 Sedreidan
375 2325 409 2360 an
422 2309 466 2363 die
478 2311 590 2370 luceres
603 2311 660 2363 und
678 2311 827 2371 entsmdet,
851 2317 928 2361 anter
946 2306 1118 2379 Hinweisuny
1131 2308 1185 2379 ons
1194 2308 1252 2363 eine
1265 2306 1333 2361 nacla
1345 2308 1405 2362 dem

212 2395 434 2452 docmatedenden
446 2398 604 2470 Beicbstoye
623 2399 826 2452 obruorduende
842 2396 1061 2469 decembrium,
1084 2398 1212 2470 oorldofip
1229 2399 1307 2453 einen
1325 2399 1409 2452 Botere

758 2504 795 2540 uu
808 2485 863 2542 ilc.

311 2631 435 2694 Gerbert,
450 2631 474 2694 1,
488 2631 533 2686 28.

305 2773 442 2836 inmense
459 2773 629 2838 serenitatis
641 2774 805 2846 amenitas,
828 2774 995 2856 apostolice
1013 2773 1084 2836 tube
1101 2774 1173 2836 flatu
1186 2773 1226 2858 a)
1239 2774 1298 2837 iam
1318 2774 1409 2837 undi-

216 2899 273 2961 que
290 2880 408 2943 cunctis
425 2880 495 2942 lidei
512 2881 675 2944 orthodoxe
698 2881 967 2945 circumfundenda
984 2880 1159 2952 cultoribus,
1177 2901 1256 2944 nunc
1270 2883 1308 2944 de
1321 2902 1409 2954 novo,

218 2989 308 3051 veluti
326 3010 401 3052 nova
418 2992 482 3060 lux,
506 2990 612 3055 celitus
629 2991 715 3053 novis
732 2998 821 3054 aucta
837 2990 1022 3072 fulgoribus,
1044 2992 1129 3071 pulsa
1152 2991 1231 3052 omui
1249 2989 1410 3054 obumbra·

219 3097 306 3161 cione
324 3099 471 3180 caliginis,
488 3100 575 3162 nobis
599 3121 635 3163 ex
656 3121 692 3163 eo
715 3100 876 3182 presertim
899 3099 1037 3181 apparuit
1061 3103 1092 3160 et
1113 3099 1220 3161 claruit
1242 3099 1408 3172 evidenter,
1448 3087 1451 3092 ¹

218 3207 297 3289 quod
313 3189 414 3271 vestre
430 3208 626 3271 beatitudinis
643 3209 738 3278 zelus,
754 3209 806 3291 qui
821 3207 916 3271 iustas
939 3207 1044 3287 dirigit
1066 3226 1174 3269 causas
1197 3213 1227 3270 et
1243 3208 1409 3273 detestatur

217 3316 354 3387 iniustas,
367 3318 536 3379 nonsiuens
544 3317 619 3380 ultra
626 3338 681 3379 nos
689 3317 792 3398 impeti
801 3314 1183 3397 calumpniosisiusultibus
1193 3317 1356 3380 emulorum
1367 3317 1407 3403 ²),
1423 3340 1426 3348 ’

217 3425 334 3506 paterni
350 3425 461 3488 favoris
477 3425 628 3496 allectum,
645 3444 734 3508 quern
752 3425 790 3487 ad
813 3444 868 3488 nos
891 3424 934 3506 pii
951 3429 981 3486 et
997 3423 1129 3504 graciosi
1145 3423 1281 3505 preconii
1298 3423 1409 3486 clarifi-

218 3533 297 3595 cavit
312 3532 345 3594 in
360 3552 483 3613 organo,
501 3538 532 3594 et
547 3533 578 3595 iu
595 3533 727 3616 equitate
742 3532 874 3603 iusticie,
889 3530 1069 3613 applausivis
1082 3530 1212 3593 immixta
1226 3530 1408 3603 dulcoribus,

216 3658 292 3721 opus
315 3640 467 3712 altissimi,
497 3640 577 3722 quod
598 3641 629 3703 iu
655 3647 756 3704 vestra
777 3659 907 3723 persona
929 3636 1053 3701 mirifice
1071 3638 1194 3701 dextera
1211 3659 1265 3701 sua
1283 3658 1408 3719 compo-

216 3748 276 3811 suit
292 3749 343 3832 b),
359 3749 519 3812 manifeste
536 3748 658 3811 deduxit
679 3748 710 3810 in
725 3748 878 3830 publicam
899 3747 1076 3817 necionem,
1099 3766 1192 3827 super
1214 3747 1407 3828 expressione

215 3859 327 3922 favoris
348 3858 517 3922 huiusmodi
539 3856 725 3940 principibus
748 3855 860 3918 nostris
884 3862 914 3919 et
935 3854 1081 3926 subditis,
1109 3855 1275 3936 apostolice
1304 3856 1407 3937 gracie

308 3982 341 4051 a)
355 3982 428 4037 flatui
441 3985 470 4038 V.
488 4010 518 4021 -
535 3982 565 4052 d)
579 3982 716 4038 contexuit
729 3983 756 4036 Ζ.

215 4140 541 4151 .....---.------

242 4238 265 4294 1)
284 4239 315 4281 ba
338 4236 381 4281 der
398 4238 464 4282 Brlel
477 4236 591 4295 Gregor'e
607 4237 635 4281 X.
653 4250 706 4282 vom
725 4237 748 4281 1.
766 4234 896 4280 December
912 4232 1040 4289 jedontalle
1059 4234 1119 4278 nocti
1140 4248 1183 4277 voe
1204 4233 1307 4290 NeuJ'abr
1327 4234 1350 4279 io
1368 4235 1407 4280 die

280 4317 360 4361 flfindc
377 4318 418 4362 des
429 4319 520 4375 Konigo
536 4319 675 4377 plommen
693 4318 732 4370 iot,
749 4318 796 4361 und
812 4328 865 4362 mon
884 4315 1014 4361 annebmea
1032 4315 1110 4368 luno,
1130 4314 1185 4358 duee
1201 4316 1279 4360 dieser
1297 4316 1336 4360 ihu
1354 4316 1406 4361 bald

280 4399 441 4445 boantvvortet
457 4401 529 4455 babo,
549 4414 576 4444 oo
593 4401 625 4445 ist
643 4414 668 4445 ee
686 4399 884 4445 vvsbrscheinllob
895 4398 940 4442 der
951 4399 992 4443 aul
1000 4399 1045 4443 den
1056 4396 1098 4444 2³.
1109 4399 1197 4442 ianuar
1209 4398 1267 4442 noch
1282 4398 1407 4455 wirzburg

280 4481 394 4526 beroleos
411 4482 506 4542 Rostag,
523 4483 618 4527 auldeu
636 4482 725 4527 Rudoll
738 4483 792 4526 bier
808 4479 928 4525 binweiet.
947 4479 1101 4523 Beksnntlich
1118 4479 1225 4523 orechten
1245 4479 1332 4524 Otelvur
1350 4481 1407 4524 nuob

279 4564 303 4607 in
320 4563 448 4620 Wirzburg
468 4563 549 4618 nicht,
574 4565 620 4608 wie
639 4577 666 4608 er
681 4564 754 4608 sebon
776 4563 865 4608 verber
883 4561 926 4605 dar
946 4562 1026 4605 ersten
1047 4558 1185 4617 vorvnunng
1205 4562 1263 4604 nnelv
1282 4561 1407 4618 Ndrnbcrg

281 4645 348 4690 nicbt
358 4647 434 4703 Folge
445 4648 554 4706 gegeben
566 4648 639 4700 butte,
660 4647 705 4690 und
718 4659 745 4691 so
759 4645 840 4691 wurde
852 4659 880 4690 er
892 4658 943 4688 curn
956 4644 1046 4689 letzten
1058 4643 1117 4686 ldele
1129 4645 1171 4687 aul
1179 4645 1224 4688 den
1238 4644 1275 4688 15.
1289 4645 1333 4690 blei
1347 4645 1407 4688 1²73

281 4731 341 4775 ancli
353 4730 479 4788 ingeburg
491 4731 562 4775 citirt.
588 4731 667 4788 Vcrgl.
679 4731 803 4780 Boebmer,
817 4728 875 4787 ch.
889 4727 947 4772 llud.
960 4738 983 4771 n.
997 4725 1027 4769 53
1039 4723 1119 4788 undu.
1134 4725 1188 4769 173.

237 4810 261 4870 ²)
280 4813 359 4856 Alione
372 4825 419 4856 von
432 4811 543 4857 Cantilien
554 4813 600 4857 und
614 4812 703 4857 Otalvar
715 4824 764 4855 von
778 4811 880 4855 Bbbmon
893 4807 945 4853 sind
958 4808 1073 4865 gemeint.
