3209 5392
764 924 828 996 81.

534 1118 595 1183 Rex
612 1118 808 1184 &nouorum
824 1119 946 1184 contro
963 1137 1052 1202 pope.

199 1290 286 1362 Kdoip
311 1291 416 1364 Rrrdolf
437 1292 666 1363 degldcbwdnrcbt
690 1294 767 1350 einen
786 1298 869 1367 Paper
891 1314 922 1352 zo
952 1296 1041 1352 oeiner
1069 1291 1309 1365 lbroobeoteipuop
1335 1290 1393 1345 urrd

473 1384 606 1457 empfieblt
617 1386 675 1443 rico
688 1387 745 1441 uod
756 1386 815 1442 sein
828 1387 903 1442 Hauc
914 1385 1005 1442 sciner
1020 1385 1123 1442 Gnade.

280 1546 456 1612 Laudabilis
481 1554 512 1612 et
535 1549 685 1631 gloriosus
710 1549 741 1615 in
765 1556 870 1615 eterna
894 1553 997 1616 secula
1014 1551 1070 1616 Dei
1086 1549 1182 1625 filius,
1212 1548 1390 1614 benedictus

190 1661 221 1719 et
244 1655 430 1721 benedicens
455 1658 592 1722 omnibus
617 1660 737 1743 inipso
762 1660 1000 1732 conlidentibus,
1029 1668 1200 1725 eternorum
1225 1677 1262 1722 ac
1277 1656 1391 1722 mansi-

189 1767 336 1830 toriorum
353 1766 509 1831 ordinator
525 1769 740 1840 inscrutabilis,
764 1776 900 1834 sanctam
916 1776 1043 1834 matrem
1060 1770 1222 1833 ecclesiam
1238 1767 1389 1833 uberrime

190 1875 412 1939 consolacionis
445 1874 589 1940 uberibus
621 1879 813 1949 consolatus,
846 1880 912 1942 oleo
945 1879 1048 1942 leticie
1080 1879 1177 1960 ipsam
1209 1895 1389 1960 perungere,

190 1991 368 2066 perunctam
381 1985 411 2047 in
424 1989 489 2048 tuta
501 1986 639 2050 stacione
652 2007 801 2068 reponere
815 1994 862 2051 est
875 1988 1027 2071 dignatus.
1042 1986 1158 2070 Quippe
1173 1987 1210 2050 ad
1228 2003 1388 2068 suppreme

190 2093 345 2176 dignitatis
373 2095 507 2175 apicem,
541 2114 689 2160 summum
720 2116 757 2160 ac
784 2096 1008 2176 sanctissimum
1036 2098 1222 2179 apostolatus
1251 2094 1389 2177 gradum,

190 2201 276 2267 robis
304 2205 343 2268 ad
371 2205 621 2271 rel‘ormacicnem
649 2206 770 2292 quidem
799 2206 917 2289 imperii
947 2213 978 2273 et
1005 2208 1133 2269 salutem
1160 2212 1242 2269 terre
1271 2209 1389 2274 sancte,

189 2317 330 2398 precioso
349 2317 460 2381 Christi
483 2319 631 2401 sanguine
646 2317 811 2388 rubricato,
828 2318 1130 2387 divinituselevatis‚
1160 2316 1266 2380 eadem
1284 2318 1389 2378 sancta

190 2431 288 2490 mater
304 2428 446 2498 ecclesia,
462 2427 598 2492 redivivo
614 2427 809 2493 iocunditatis
826 2428 946 2510 gaudiis
963 2433 1118 2497 renovata,
1135 2425 1234 2491 votive
1250 2421 1390 2488 iocundi·

192 2538 263 2602 tatis
285 2536 327 2622 o)
343 2537 581 2601 exultacionibus
605 2537 781 2619 gratulatur.
814 2537 879 2601 Nec
903 2538 1020 2602 mirum.
1054 2536 1136 2600 Deus
1161 2535 1241 2598 enim
1257 2533 1341 2616 pacis
1359 2537 1390 2594 et

192 2645 379 2717 dilectionis,
407 2646 553 2710 immense
582 2645 724 2716 bonitatis
752 2646 783 2708 in
812 2645 877 2727 ipsa
903 2647 990 2728 signa
1014 2646 1130 2728 posuit,
1159 2663 1227 2710 cum
1251 2662 1305 2706 ros
1330 2639 1499 2704 sinimus

190 2761 306 2837 patrem
323 2755 489 2839 disposuit,
514 2774 569 2818 suo
586 2756 674 2837 gregi
691 2760 844 2838 pastorem
860 2754 1098 2820 misericorditer
1120 2755 1260 2838 prelegit
1293 2754 1387 2818 Huius

191 2864 336 2928 immense
357 2864 557 2929 iocunditatis
586 2865 711 2928 materia
740 2865 797 2928 etsi
826 2871 953 2929 cunctos
977 2885 1097 2929 movere
1122 2864 1250 2937 debeat,
1280 2865 1388 2947 quise

191 2973 315 3038 menbra
334 2975 427 3057 capiti
452 2974 636 3038 adherencia
660 2979 902 3056 recognoscunt,
930 2995 985 3039 nos
1009 2975 1104 3057 primo
1129 2980 1160 3038 et
1182 2975 1389 3057 principaliter

190 3084 370 3147 exaltacioni
394 3089 495 3148 vestre
519 3087 602 3146 tanto
632 3081 791 3145 iocundius
821 3083 1065 3164 congaudemus,
1096 3089 1208 3166 quanto
1237 3083 1387 3166 limpidius

189 3192 401 3273 cognoscimus
417 3191 456 3255 ad
473 3197 574 3274 optate
591 3190 697 3253 salutis
713 3189 850 3254 bravium
866 3210 921 3273 per
937 3192 976 3277 b)
995 3189 1110 3255 induite
1126 3202 1228 3256 vestre
1245 3190 1388 3255 bonitatis

189 3301 449 3365 etsubrencionis
467 3299 673 3363 consiliumet
697 3299 837 3363 auxilium
862 3319 916 3363 vos
940 3305 1074 3364 vocatos.
1108 3301 1171 3364 Hoc
1195 3301 1275 3365 illius
1300 3302 1389 3365 testi·

189 3410 307 3480 monio,
333 3410 383 3493 qui
408 3414 560 3473 scrutator
584 3408 718 3471 cordium
743 3414 791 3471 est
815 3414 846 3474 et
868 3429 991 3480 renum,
1015 3431 1074 3474 non
1090 3416 1203 3474 tantum
1226 3410 1321 3475 literis
1338 3418 1390 3476 aut

188 3521 305 3583 nunciis
322 3539 482 3602 possumus
508 3518 675 3601 explicare,
701 3523 844 3601 quantum
868 3519 899 3581 iu
924 3519 1016 3587 corde
1033 3519 1166 3602 gerimus
1183 3525 1214 3583 et
1230 3521 1260 3583 in
1276 3527 1387 3585 mente.

187 3629 231 3693 Ex
254 3635 336 3693 tanta
360 3630 470 3712 igitur,
495 3647 584 3712 quarn
609 3628 647 3690 de
672 3634 774 3691 vestra
799 3627 960 3693 sanctitate
984 3630 1198 3711 concepimus,
1223 3630 1388 3694 clemencia

187 3739 254 3803 sine
281 3739 342 3803 ullo
371 3736 603 3802 deliberacionis
632 3743 684 3823 aut
711 3738 948 3802 consultacionis
972 3737 1113 3821 ambiguo
1138 3746 1270 3802 nostram
1294 3740 1388 3823 ipsius

186 3868 358 3935 personam,
382 3847 560 3929 coniugem,
583 3846 714 3918 liberos,
738 3846 815 3910 tilios
834 3854 864 3911 et
880 3847 975 3919 filias,
999 3869 1049 3911 res
1066 3855 1097 3913 et
1112 3849 1259 3920 honores,
1284 3849 1389 3915 habita

188 3965 220 4023 et
250 3957 409 4027 habenda,
447 3963 548 4022 vestre
587 3955 756 4020 sanctitatis
788 3956 927 4021 manibus
960 3957 1105 4021 tradimus
1138 3964 1169 4022 et
1199 3960 1388 4033 mandamus,

186 4067 364 4133 humilitatis
393 4071 496 4131 nostre
525 4071 617 4147 caput
644 4065 675 4128 in
703 4065 800 4129 sinum
828 4071 929 4131 vestre
957 4066 1167 4131 misericordie
1195 4068 1388 4141 inclinantes,

185 4185 218 4242 ut
249 4196 322 4240 vere
355 4167 506 4258 possimus
540 4172 643 4238 dicere
679 4192 747 4239 cum
780 4174 917 4257 sapiente
938 4173 983 4261 1):
1016 4175 1048 4238 in
1080 4175 1218 4240 omnibus
1251 4177 1387 4263 requiem

277 4398 312 4466 a)
331 4396 440 4470 gaudiis
459 4396 501 4449 bis
522 4394 696 4449 iocunditatis
718 4411 759 4449 cnr
777 4394 869 4449 Raude
889 4395 918 4449 V.
940 4424 973 4434 -
994 4395 1026 4465 d)
1046 4414 1097 4468 pro
1119 4399 1147 4453 V.

210 4725 235 4788 ι)
252 4726 345 4783 sir-aru,
362 4725 403 4782 or,
422 4726 461 4773 11.
