3209 5392
271 469 322 538 60

272 644 440 707 -Notum
458 643 584 706 tacimus
601 643 737 706 omnibus
754 643 866 706 Christi
881 641 1020 704 fidelibus
1036 642 1074 703 ad
1091 661 1215 724 quorum
1238 640 1462 703 universitatem

268 757 425 833 presentes
446 751 532 814 litere
549 752 750 833 pervenerint,
773 751 851 833 quod
883 771 938 813 nos
970 749 1080 813 dilecto
1096 750 1241 831 magistro
1257 750 1296 835 a]
1310 750 1464 812 licentiam
1581 764 1590 801 'r

268 841 405 922 dedimus
433 860 628 923 contrahendi
655 867 787 924 mutuum
815 866 917 924 nostro
945 859 1064 922 nomine
1093 879 1187 942 usque
1209 860 1248 923 ad
1269 856 1462 924 XX'marcus

267 968 402 1049 argenti,
425 988 482 1051 que
504 988 576 1031 sane
592 970 739 1050 peccunia
755 970 786 1032 in
804 975 922 1032 nostros
942 987 978 1030 ac
1000 967 1031 1030 in
1053 974 1156 1031 nosne
1178 970 1309 1031 ecclesie
1326 989 1401 1032 usus
1418 974 1463 1031 est

269 1076 478 1163 conversat),
505 1076 545 1138 ad
576 1077 661 1139 cuius
692 1080 784 1141 mutui
817 1077 993 1140 solutionem
1010 1098 1067 1139 nos
1094 1084 1125 1140 et
1146 1064 1306 1141 ecclesiam
1328 1083 1462 1141 nostram

267 1190 373 1248 tenore
394 1186 579 1267 presentium
596 1186 762 1269 obligamus
779 1187 828 1272 c).
1172 1190 1173 1193 ’

845 1364 891 1422 111.

489 1506 491 1509 ’
606 1473 609 1483 ’
645 1498 687 1561 bc
703 1498 879 1579 quibusdem
893 1498 1080 1579 uelleretur.

785 1623 913 1684 lbislioctio
931 1624 948 1670 Ι.

366 1739 509 1821 Sequitur
530 1740 567 1801 de
591 1739 766 1822 quibusdam
788 1740 977 1812 incidenciis,
999 1759 1123 1822 quorum
1140 1740 1272 1822 cognitio
1302 1750 1351 1807 est
1379 1745 1464 1807 valde

269 1847 459 1919 necessaria,
476 1854 634 1931 antequam
649 1850 840 1930 perveniatur
855 1849 893 1912 ad
917 1850 1149 1914 declarationem
1169 1850 1407 1932 privilegiorum.
1430 1854 1462 1916 ln

268 1976 393 2039 quorum
413 1959 516 2020 formis
533 1978 605 2040 sepe
628 1959 831 2041 reperiuntur:
855 1960 1006 2040 primorie
1029 1960 1210 2048 repositione
1225 1967 1256 2026 et
1271 1960 1463 2047 differentia

267 2066 349 2130 iuris
376 2067 529 2140 dotalicii,
551 2067 624 2129 item
645 2068 686 2130 ele
706 2069 777 2132 inre
799 2076 994 2155 patronatus
1015 2077 1048 2133 et
1078 2069 1148 2133 eius
1163 2070 1350 2155 speciebus,
1388 2071 1459 2133 item

269 2176 434 2258 deformis
450 2182 705 2240 testamentorum
721 2184 875 2240 eteorum
890 2177 1068 2262 speciebus,
1095 2177 1168 2240 item
1197 2177 1233 2240 de
1263 2178 1403 2243 arbitris
1429 2180 1473 2241 et'

157 2268 161 2276 ¹
264 2285 378 2368 formis
394 2286 608 2362 turbidiorum,
625 2283 697 2347 item
714 2284 751 2346 dc
762 2286 879 2369 formis
894 2287 1104 2371 eaemplundi
1119 2269 1232 2352 literas
1252 2289 1404 2372 papales,
1428 2293 1460 2350 et

269 2395 453 2481 imperiales
469 2402 501 2458 et
516 2396 652 2458 aliorum
664 2394 861 2480 principum.
882 2392 955 2456 item
970 2395 1048 2479 puid
1061 2395 1208 2480 importet
1225 2396 1386 2479 inutitcris
1402 2395 1462 2459 boe
1492 2374 1494 2380 Α

223 2524 225 2527 ·
271 2487 622 2589 nomen,procuracio“
639 2503 766 2589 quando
783 2500 1002 2585 invenit-ard),
1020 2502 1093 2564 item
1108 2504 1148 2567 de
1164 2504 1462 2590 irrepularitatibus

268 2619 300 2674 et
322 2586 653 2695 eurum'differentiis,
671 2611 742 2673 item
769 2610 810 2674 de
844 2610 1135 2696 presumptionibus
1156 2619 1188 2675 et
1205 2613 1319 2696 formis
1349 2633 1459 2676 earnm

268 2727 298 2784 et
320 2723 571 2785 cavillationibus
593 2721 875 2815 prescriptiopum,
892 2719 964 2782 item
986 2721 1021 2784 in
1043 2721 1156 2807 quibus
1178 2722 1295 2785 titteris
1316 2721 1461 2806 ponendi

267 2837 343 2893 sunt
359 2831 438 2893 anni
452 2813 702 2898 iucarnationis,
724 2829 764 2891 de
779 2828 967 2913 differencia
982 2830 1072 2892 inter
1082 2835 1187 2893 actum
1203 2837 1234 2892 et
1249 2831 1371 2901 dutum,
1388 2831 1459 2891 item

268 2940 309 3002 rte
320 2940 434 3021 formis
450 2939 694 3007 credendorum,
703 2937 775 2999 item
781 2939 822 3001 de
828 2938 899 3002 iure
906 2939 1144 3003 advocatiarum
1151 2949 1296 3002 eteorum
1304 2938 1459 3022 differen-

266 3046 345 3117 riu,
355 3046 427 3108 item
444 3048 484 3112 de
499 3046 733 3132 sipnislcatione
749 3064 806 3109 seu
823 3046 1090 3133 interpretatione
1100 3046 1198 3110 baias
1209 3045 1348 3109 nominis
1366 3058 1459 3119 „ceu-

267 3165 340 3219 sus“
356 3164 387 3219 et
397 3148 668 3219 eiusdiaersitate.
681 3154 793 3217 Horum
807 3155 935 3217 omnium
947 3154 1079 3235 cognitio
1092 3152 1456 3236 insequentibuspatcbit

619 3395 623 3405 ·
654 3330 835 3420 lrobeniunr
850 3357 888 3419 sd
905 3357 1075 3439 sequenda.

357 3514 444 3581 Nunc
462 3522 561 3576 autem
577 3522 736 3598 antequam
750 3487 888 3578 veniatur
909 3515 947 3577 ad
969 3515 1207 3578 declaracionem
1222 3514 1457 3596 privilegiorum,

268 3624 394 3707 quedam
412 3625 516 3687 censui
538 3645 651 3707 ponere
667 3625 835 3688 incidenter
851 3630 992 3707 tanquam
1004 3623 1255 3707 subsequencium
1271 3622 1455 3708 preambula,

268 3740 298 3796 et
325 3752 382 3816 que
405 3734 568 3814 cognitioni
590 3735 771 3797 notariorum
792 3733 878 3795 valde
901 3738 970 3795 sunt
990 3734 1179 3806 necessaria,
1212 3739 1314 3816 utpote
1337 3734 1376 3797 de
1392 3732 1456 3795 iure

267 3842 400 3907 dotalitio
419 3844 468 3930 e),
485 3843 522 3905 de
541 3844 682 3926 qualitate
699 3847 957 3913 testamentorum,
974 3848 1004 3904 et
1021 3842 1058 3904 de
1075 3842 1141 3905 aliis
1158 3841 1373 3906 consimilibus

638 4025 684 4068 ne
699 4022 766 4067 dote
780 4020 889 4067 eteius
904 4020 1092 4069 uideremus·
1195 4038 1200 4045 ¹

777 4118 904 4163 Distinctio
922 4119 948 4165 ΙΙ.

355 4254 410 4318 Est
422 4261 520 4317 autem
531 4255 586 4317 dos
599 4253 638 4340 f)
656 4255 793 4326 donacio,
810 4254 1035 4335 quammaritus
1049 4253 1101 4316 dat
1111 4253 1194 4316 uxori
1207 4273 1261 4316 sue
1272 4253 1312 4338 u)
1326 4259 1357 4317 ct
1367 4252 1453 4336 uulgo
1517 4232 1521 4247 ¹
1589 4260 1590 4327 ζ

265 4370 390 4427 vocatur
410 4364 616 4451 Marpenpab.
633 4364 672 4426 Et
692 4363 782 4427 talem
799 4362 899 4425 dotem
914 4367 1015 4445 potest
1035 4362 1141 4424 mulier
1162 4361 1234 4424 dare
1257 4363 1306 4424 eui
1328 4359 1450 4424 voluerit

358 4490 392 4559 a)
407 4487 454 4544 Ch.
469 4490 607 4559 capellano
621 4493 712 4543 nostro
725 4492 752 4543 Z.
769 4520 798 4530 -·
813 4490 846 4559 b)
860 4489 1038 4553 convertenda
1051 4489 1078 4543 Z.
1096 4518 1126 4527 -
1147 4488 1179 4556 e)
1197 4489 1256 4542 ost.
1277 4506 1301 4541 ι.
1314 4488 1389 4542 bon.
1401 4494 1451 4540 cte.

264 4581 321 4635 Kal.
335 4581 404 4649 Aug.
426 4580 522 4650 pontit.
544 4581 627 4636 nostri
646 4598 669 4634 a.
688 4580 743 4643 tali,
764 4582 785 4635 si
807 4584 849 4634 est
867 4581 1008 4651 episcopus
1026 4582 1054 4634 Z.
1086 4609 1115 4621 -
1145 4581 1180 4648 d)
1206 4583 1234 4634 et
1245 4578 1395 4651 imperiales
1407 4575 1446 4631 bio

266 4673 397 4728 invenitur
414 4671 482 4726 fehlt
500 4671 528 4725 V.
550 4703 577 4711 -
590 4672 635 4741 e)
649 4671 749 4743 dolatio
762 4673 790 4726 V.
810 4701 837 4710 -
852 4671 883 4744 f)
898 4672 942 4725 illa
954 4673 981 4725 Z.
998 4701 1027 4712 -
1042 4670 1078 4743 p)
1094 4687 1140 4725 sue
1152 4671 1221 4728 fehlt
1233 4671 1264 4727 V.
