3209 5392
719 836 782 907 ar.
862 790 865 799 ’

151 1035 315 1116 Imperator
329 1033 496 1098 fridericus
513 1032 759 1111 Bononiensibus,
783 1033 1000 1114 congaudenda
1024 1034 1068 1097 eis
1090 1030 1127 1095 de
1148 1032 1292 1098 felicitato
1316 1037 1346 1097 et

153 1145 231 1206 bon
248 1146 329 1207 statu
346 1160 447 1206 eornn
464 1161 500 1211 ao
515 1141 653 1219 victoria,
671 1158 760 1223 pnon
776 1141 814 1204 de
830 1140 965 1204 hostibus
982 1142 1045 1204 suls
1061 1140 1237 1219 babuerunt,
1255 1141 1345 1224 signi·

191 1252 318 1329 beante,
334 1250 415 1333 prol
432 1249 555 1314 nnltnnr
571 1248 742 1314 delectatur
757 1267 874 1331 semper
890 1250 996 1314 audire
1012 1251 1093 1313 bens
1108 1268 1186 1315 nrra
1200 1249 1239 1314 le
1254 1250 1308 1313 eis.

713 1405 792 1461 atio.

247 1555 281 1620 Si
297 1557 442 1638 quantum
458 1554 535 1617 votis
552 1552 665 1617 nastris
674 1558 836 1639 gratanter
852 1553 1033 1639 applauditis
1052 1553 1083 1616 in
1101 1557 1271 1617 vestrorum
1283 1571 1349 1616 rna-

156 1661 268 1745 gnitica
285 1663 483 1727 nunciacione
500 1664 698 1727 successuum
714 1667 816 1726 vestra
832 1660 1015 1745 presentiret
1030 1661 1187 1733 industria,
1210 1660 1348 1744 profecto

154 1772 292 1857 palparet
308 1772 353 1859 a)
369 1775 539 1834 nostrarum
556 1770 673 1834 aurium
696 1770 799 1854 sepius
822 1776 924 1835 restra
947 1771 1115 1835 insinuacio
1138 1769 1299 1853 pruritum,
1320 1774 1350 1830 et

156 1881 195 1944 ad
207 1885 354 1944 extremas
367 1900 463 1965 usque
475 1879 594 1944 virtutis
607 1884 638 1944 et
648 1881 789 1964 potencie
802 1885 898 1944 metas
911 1880 1066 1944 instaretis
1074 1879 1223 1944 currentis
1232 1880 1350 1942 fortune

157 1988 344 2062 calcaribus,
367 1989 407 2052 ad
421 1989 480 2052 hcc
497 1987 659 2072 grandiora
675 1988 867 2073 magnalibus
883 1988 1085 2062 inculcantes,
1102 1994 1135 2052 ut
1150 1988 1188 2052 ad
1211 2006 1266 2052 nos
1282 1984 1352 2049 feli-

158 2098 258 2162 citatis
269 2104 371 2162 restre
387 2098 558 2169 fecundius,
576 2117 612 2160 ac
625 2104 725 2161 vestre
741 2098 938 2163 iocunditatis
953 2097 1085 2181 hylarius
1102 2114 1294 2181 programma
1309 2094 1350 2179 b)

157 2207 258 2271 leticie
274 2206 455 2291 perveniret.
480 2207 575 2270 Huius
600 2208 824 2290 expectaeiouis
841 2211 871 2269 et
888 2206 1031 2271 desiderii
1047 2208 1142 2271 nostri
1159 2226 1280 2271 causam
1292 2224 1353 2267 nou

158 2318 255 2380 solum
271 2314 468 2398 precordialis
486 2314 617 2387 affectio,
634 2337 723 2401 quam
740 2317 778 2380 ad
795 2322 926 2381 vestram
941 2335 1101 2398 personam
1122 2315 1282 2385 babemus,
1305 2313 1353 2375 iu-

160 2425 256 2498 ducit‚
274 2425 329 2488 sed
344 2425 496 2507 generalis
513 2431 543 2489 et
558 2446 652 2509 purus
669 2424 900 2509 magnificencie
917 2430 1018 2489 nostre
1035 2426 1131 2495 zelus,
1147 2445 1206 2509 quo
1224 2422 1354 2487 omnium

157 2538 358 2619 potestatum,
387 2534 587 2618 quorumlibet
614 2528 721 2618 regum
743 2538 773 2598 et
795 2533 966 2620 principum
989 2533 1176 2599 incrementa
1198 2531 1352 2615 diligimus

160 2646 191 2707 et
206 2641 336 2706 libenter
351 2626 500 2713 audimus,
518 2644 594 2707 adeo
611 2644 692 2727 quud
709 2664 769 2707 non
785 2643 882 2707 solum
898 2644 938 2708 ad
954 2662 1018 2715 eos,
1034 2662 1111 2728 quos
1128 2641 1215 2707 nubis
1232 2641 1355 2726 antiqua

160 2752 273 2815 noticia
288 2751 336 2816 rel
352 2750 475 2815 dilectio
491 2753 588 2831 innuit
604 2752 756 2838 specialis,
774 2752 829 2815 sed
845 2751 884 2816 ad
901 2751 1051 2836 quoslibet
1064 2751 1193 2825 nobiles,
1206 2769 1356 2834 generosa

160 2858 295 2945 preditos
313 2860 470 2942 dignitate,
488 2861 573 2925 nobis
591 2862 686 2925 eciam
702 2862 834 2945 ignotos,
849 2867 950 2925 votum
961 2859 1131 2925 huiusmodi
1143 2879 1356 2944 propagamus,

161 2974 195 3033 ut
211 2969 393 3053 generaliter
407 2969 585 3035 affectemus
602 2971 725 3034 eosdem
741 2970 968 3053 progenitorum
982 2981 1103 3034 suorum
1116 2969 1247 3056 antiquis
1260 2969 1358 3032 bono·

152 3078 246 3142 ribus
262 3078 376 3162 perfrui
392 3083 423 3141 et
438 3080 546 3143 votivis
563 3079 816 3163 prosperitatibus
833 3076 873 3162 a)
890 3079 1024 3142 exaltari.
1050 3078 1116 3143 Nec
1131 3078 1206 3142 facit
1218 3077 1277 3141 hoc
1290 3081 1359 3142 tan·

162 3193 226 3251 tum
243 3188 373 3253 cesaree
390 3187 510 3252 fortune
527 3187 693 3270 fastigium,
716 3188 797 3271 quod
820 3187 903 3250 velut
918 3186 1052 3251 fraterne
1068 3185 1223 3251 felicitatis
1240 3190 1271 3250 et
1287 3205 1359 3271 pro-

163 3296 230 3379 pria
248 3300 330 3360 sorte
348 3300 521 3360 contentum
544 3298 582 3361 de
604 3298 670 3361 iure
686 3317 746 3361 non
762 3295 877 3361 inridet
894 3296 1004 3368 alieno,
1019 3295 1074 3359 sed
1091 3296 1222 3381 quedam
1239 3295 1358 3360 occulta

165 3405 345 3477 necessitas,
368 3423 459 3489 quam
480 3405 593 3469 utinam
616 3398 891 3478 attendereut'alii,
914 3404 994 3469 sicut
1009 3425 1064 3469 nos
1083 3406 1142 3488 ipsi
1159 3405 1359 3489 prospicimus

165 3517 196 3576 et
218 3514 380 3578 sentimus!
405 3512 557 3580 Habemus
579 3515 659 3579 enim
681 3534 785 3577 omnes
807 3535 863 3580 nos
887 3534 978 3598 reges
1000 3518 1030 3577 et
1051 3514 1135 3578 orbis
1155 3512 1309 3598 principes
1330 3519 1361 3577 et

165 3623 311 3705 precipue
339 3621 504 3686 orthodoxe
533 3622 689 3705 religionis
716 3627 747 3687 et
770 3622 839 3687 lidei
862 3624 1011 3687 zelatores
1034 3623 1134 3688 odium
1155 3622 1309 3707 publicum
1330 3626 1362 3685 et

167 3750 325 3794 commune
338 3751 406 3795 cum
418 3733 549 3815 populis,
568 3736 599 3794 ct
615 3751 684 3796 cum
699 3732 831 3795 ecclesie
847 3731 1024 3816 primatibus
1044 3732 1205 3796 discidium
1217 3731 1358 3817 speciale.
1370 3741 1450 3797 rouro
1460 3765 1480 3795 ι.

167 3839 244 3904 Nam
267 3841 418 3930 occultum
440 3841 483 3903 illi
505 3839 626 3924 quidem
647 3841 793 3923 pestifere
814 3840 961 3905 libertatis
984 3841 1112 3907 abusum
1139 3840 1284 3913 ambiunt,
1311 3838 1361 3903 isti

167 3968 240 4013 rero
256 3969 313 4033 per
326 3949 456 4013 latentes
473 3950 692 4034 quodammodo
708 3949 846 4021 insidias,
862 3950 950 4027 bonis
967 3949 1077 4013 nostris
1094 3954 1125 4014 et
1140 3949 1244 4034 tytulis
1261 3949 1363 4012 detra-

168 4057 290 4131 hentes,
304 4057 476 4122 devocionis
490 4063 593 4121 nostre
605 4057 762 4123 beneficiis
776 4057 949 4131 abutuntur,
957 4064 988 4122 et
1000 4057 1070 4123 dum
1082 4058 1114 4122 in
1126 4063 1229 4122 nasim
1241 4057 1365 4142 dispen-

171 4166 220 4230 dia
235 4188 292 4251 per
307 4188 341 4231 se
357 4166 435 4233 forte
452 4168 654 4254 quorumlibet
671 4172 851 4232 nocumenta
863 4187 922 4231 nun
940 4170 1078 4250 prosunt,
1096 4186 1179 4232 arma
1198 4167 1364 4232 communia

171 4275 296 4358 capiunt
312 4281 343 4340 et
359 4277 479 4340 occulte
495 4277 663 4350 coniurant,
680 4280 828 4360 quatenus
841 4276 872 4339 in
884 4276 980 4359 ipsius
992 4280 1094 4341 nostre
1106 4277 1167 4341 rite
1179 4276 1367 4357 naufragium

170 4403 260 4449 sacra
276 4385 435 4469 sacrilegis
451 4386 647 4458 misceantur,
670 4390 763 4470 utque
787 4383 959 4449 sediciones
982 4389 1013 4449 et
1035 4384 1213 4450 calliditates
1235 4385 1368 4470 ipsorum

174 4491 340 4557 efficacius
357 4499 519 4568 nocerent,
541 4492 612 4558 ridei
628 4498 731 4557 nostre
753 4498 874 4577 patres,
897 4499 929 4559 ut
950 4493 1076 4559 aiterum
1097 4494 1261 4578 perimant,
1283 4492 1369 4558 alteri

173 4599 381 4667 blandiuntur.
412 4602 477 4667 Nec
494 4623 549 4667 nos
566 4603 642 4674 ista,
665 4602 744 4669 sicut
759 4620 886 4668 necessa
910 4604 1006 4677 foret,
1026 4603 1245 4688 prospicimus,
1269 4608 1321 4666 aut
1343 4601 1370 4666 si

276 4784 313 4853 o)
328 4789 455 4856 perperat
467 4782 496 4839 V.
512 4813 543 4824 -
558 4783 591 4854 b)
604 4799 743 4857 progruma
757 4785 787 4839 V.
803 4813 832 4824 -—
849 4786 881 4855 o)
894 4760 1088 4857 praepilatibua
1100 4784 1130 4838 V.
