3209 5392
1285 500 1335 572 89

143 683 287 747 auxilium
319 679 364 745 sic
392 681 515 765 procido
543 680 633 761 dirigi
661 686 777 744 ettam
805 679 932 747 sollicite
959 678 1129 749 confoveri,
1155 683 1190 741 ut
1209 675 1337 740 alicuius

144 797 284 875 pretextu
312 791 480 873 calumpnie
503 790 614 854 nullum
635 789 752 852 intorno
773 788 858 871 pacis
875 786 1039 859 excidium,
1066 786 1177 850 nullum
1203 784 1338 867 religiosi

144 907 243 965 status
258 902 417 983 proferant
429 899 650 972 detrimontum,
667 897 721 960 sed
736 898 767 960 in
782 897 843 959 biis
858 897 951 961 robur
965 902 997 960 et
1011 895 1144 979 vigorem
1160 893 1337 974 suscipiant,

143 1029 285 1092 perque
313 1007 395 1072 circa
423 1008 533 1073 cunm
568 1006 659 1071 divini
686 1006 816 1083 nominis
844 1005 959 1071 deuotis
993 1010 1024 1070 et
1051 1002 1160 1089 quens
1187 1001 1366 1066 mentibus·

148 1118 346 1184 invalescant
447 1157 450 1161 <
731 1132 732 1136 ’

236 1225 317 1290 Item
333 1225 381 1310 ι).
414 1225 469 1291 Dei
491 1213 585 1297 tilius,
611 1225 663 1308 qui
685 1246 740 1309 pro
761 1223 905 1287 salvando
926 1221 1055 1285 bumano
1076 1240 1190 1303 genere
1218 1220 1255 1283 de
1278 1219 1337 1282 alto

144 1332 279 1400 celonrm
295 1333 334 1405 ad
351 1353 418 1417 yma
434 1333 604 1406 descendit,
619 1339 654 1397 ut
667 1352 722 1399 suo
734 1334 885 1397 descensu
900 1329 1014 1394 bomini
1025 1330 1063 1392 ad
1076 1348 1206 1411 superna
1217 1333 1338 1410 pareret

146 1462 327 1515 ascensum,
365 1442 451 1508 cuius
481 1441 588 1508 ricerii
623 1441 697 1508 lieet
726 1421 866 1508 'inmeriti
902 1440 1058 1503 constituti
1089 1438 1176 1502 saluti
1207 1436 1336 1500 omnium

143 1550 307 1633 vigilanter
316 1550 484 1624 intendere,
496 1552 636 1636 hancque
647 1552 719 1616 totis
731 1552 871 1634 amplecti
885 1547 1190 1631 desideriisomnique
1201 1553 1338 1610 tenemur
1347 1562 1390 1602 sot·
1399 1562 1424 1601 2¹
1433 1561 1453 1600 ‹¹-

144 1660 311 1742 diligeneie
326 1660 424 1725 studio
440 1680 614 1743 procurare.
646 1661 734 1725 Unde
748 1660 780 1722 id
797 1681 834 1726 ex
849 1658 942 1723 officii
963 1658 1057 1724 nostri
1078 1655 1181 1720 debito
1197 1655 1339 1719 ardenter

144 1769 314 1852 appetimus
332 1770 416 1833 etad
432 1769 464 1833 id
479 1769 559 1834 iuxta
575 1775 708 1832 nostram
723 1767 974 1838 insufficienciam
991 1785 1078 1848 opem
1100 1770 1132 1829 et
1147 1784 1269 1847 operam
1283 1764 1338 1830 ad·

144 1877 297 1952 bibemus,
312 1882 346 1945 ut
361 1877 471 1964 singuli
487 1878 527 1944 ed
541 1878 639 1944 Deum
661 1877 772 1945 erectis
796 1876 891 1944 oculis
913 1874 1132 1961 affectibusque
1154 1873 1278 1941 directis
1299 1873 1339 1935 ad

143 1987 244 2070 ipsum
272 1985 330 2048 sibi
352 1987 462 2069 placita
484 1992 644 2069 operantes
667 1986 742 2053 totis
762 1986 801 2054 ad
823 2007 891 2049 eum
912 1984 969 2048 snb
996 1983 1187 2046 consciencie
1214 1981 1339 2045 tendant
1465 2031 1469 2038 .

142 2095 313 2177 gressibus,
334 2115 439 2162 secum
456 2095 520 2160 sine
537 2094 642 2180 tirel)
658 2096 767 2163 victuri
783 2094 931 2166 feliciter,
959 2093 1010 2177 qui
1026 2094 1064 2159 ad
1081 2112 1147 2163 nos,
1168 2112 1207 2156 ne
1223 2090 1337 2173 absque

143 2204 273 2270 termino
289 2224 483 2277 moreremur,
500 2203 740 2271 misericorditer
756 2205 951 2291 cognoscitur
965 2186 1145 2268 accessisse.

389 2408 431 2470 uo
448 2408 621 2487 ydoneltatc
638 2407 887 2471 instituendorum
897 2406 1096 2487 prelatorum.

527 2558 529 2562 .
626 2529 839 2590 orscrnnnnre).

240 2651 284 2716 Ex
296 2651 357 2716 alto
372 2650 563 2734 prospiciens
578 2651 736 2716 miserator
751 2656 782 2716 et
793 2650 967 2716 misericors
982 2649 1126 2712 Dominus
1142 2648 1184 2711 ita
1203 2645 1336 2736 prelatos

100 2781 104 2786 ‘
139 2767 169 2829 et
193 2761 361 2828 animarum
375 2767 519 2850 uectores
539 2781 594 2826 seu
615 2765 754 2842 pastores
779 2759 950 2842 preminere
973 2758 1066 2824 voluit
1088 2757 1118 2822 iu
1140 2755 1229 2820 terris
1248 2774 1284 2819 ac
1306 2753 1337 2816 in

139 2870 226 2933 donis
244 2869 288 2937 eis
301 2891 318 2933 a
331 2870 396 2936 Deo
413 2853 530 2935 collatis
546 2868 693 2951 proficere
710 2868 804 2934 verbo
820 2868 936 2952 pariter
952 2873 982 2931 et
1004 2866 1199 2948 exemplant
1213 2862 1336 2946 provida

137 2979 272 3061 ipsorum
289 2978 522 3060 dispensacione
538 2976 627 3060 plebs
642 2976 687 3042 eis
704 2978 865 3042 commissa
882 2982 1000 3057 sumpto
1022 2973 1130 3057 pabulo
1147 2970 1281 3038 caritatis
1304 2959 1336 3033 et

137 3086 354 3169 temporalibus
367 3087 519 3152 frueretur
534 3085 676 3152 subsidiis
693 3091 724 3149 at
739 3086 847 3152 exinde
862 3091 950 3151 aucta
967 3082 1172 3167 spiritualibus
1188 3079 1335 3145 alimentis

138 3196 177 3262 do
195 3196 308 3262 uirtute
323 3192 485 3277 proficeret
500 3194 531 3259 in
546 3195 695 3259 virtutem.

147 3327 149 3332 ⁴
230 3305 310 3372 leem
323 3305 367 3370 oo
376 3305 471 3372 idern.
488 3303 545 3368 Dei
558 3308 591 3368 et
605 3303 756 3369 hominnm
772 3300 1070 3368 mediatorllominns
1082 3301 1173 3365 lesus
1186 3298 1334 3368 Christus,

138 3413 191 3496 qui
223 3431 293 3478 cum
325 3417 407 3478 esset
437 3413 469 3477 iu
499 3410 589 3478 terris
620 3431 677 3494 pro
701 3411 805 3478 salute
836 3410 957 3477 humani
988 3411 1111 3491 generis
1142 3407 1334 3478 constitutus,

138 3522 308 3588 inuniureris
328 3520 560 3586 miseracionum
583 3521 727 3603 operibus
746 3521 923 3604 populorum
945 3520 1162 3586 multitudinem
1188 3517 1336 3583 multifor-

138 3632 229 3700 miter
250 3631 416 3703 recreavit,
443 3631 481 3693 de
502 3628 645 3696 ineffabili
667 3630 782 3713 pietate
804 3630 949 3714 prouidit,
978 3635 1010 3694 ut
1030 3629 1187 3712 quoniam,
1209 3628 1275 3711 ipso
1297 3625 1336 3691 ad

139 3743 235 3825 patris
263 3741 390 3823 glorium
416 3741 579 3813 redeunte,
606 3740 797 3808 tenebrarum
824 3741 965 3824 princeps
992 3740 1101 3808 multos
1123 3743 1189 3802 erat
1214 3741 1335 3802 renatos

140 3852 224 3915 sonte
241 3849 430 3932 baptismatis
447 3849 680 3932 temptacionum
697 3850 813 3933 laqueis
830 3850 1020 3922 turbaturus,
1047 3847 1191 3913 uicarium
1207 3846 1334 3910 interra

139 3961 326 4044 relinqueret
342 3968 374 4024 et
389 3960 533 4042 singulari
549 3964 702 4043 potestate
718 3960 869 4042 preditum
885 3964 917 4023 et
931 3957 1132 4026 remediorum
1147 3954 1333 4022 multitudine

138 4070 363 4153 prensinencius
385 4068 576 4149 insignitum,
605 4067 690 4144 cuius
713 4067 915 4135 sollicitudine
936 4066 1073 4149 diligenti
1094 4086 1151 4149 pax
1172 4062 1237 4131 orbi
1252 4068 1334 4128 terre

139 4180 238 4254 fieret,
254 4180 340 4247 etad
357 4180 491 4244 celorum
503 4177 697 4261 perveniendi
709 4177 835 4262 patriam
848 4177 937 4260 plena
952 4176 1137 4260 possibilitas
1152 4174 1332 4256 proveniret.

141 4291 229 4358 Nunc
245 4310 319 4356 uero
330 4289 410 4354 idom
423 4287 532 4354 sedens
549 4288 587 4353 ad
604 4287 757 4354 dexterum
773 4287 950 4358 maiestatis,
968 4287 1019 4351 dat
1033 4305 1088 4367 per
1101 4305 1153 4349 eos
1166 4287 1216 4370 qui
1229 4284 1334 4368 dispc-

140 4399 256 4465 sicione
273 4397 372 4462 divina
387 4398 426 4462 ad
443 4418 554 4480 sponse
569 4397 762 4479 precellentis
784 4403 854 4463 sunt
875 4396 1051 4481 obsequium
1068 4402 1172 4460 sancte
1188 4395 1229 4480 d)
1246 4395 1333 4458 vide-

141 4499 213 4576 licet
228 4508 334 4574 matris
351 4508 480 4574 ecclesie
505 4508 657 4590 deputati,
679 4513 713 4573 ut
733 4507 877 4574 doctrinis
900 4508 1041 4573 uirtutum
1057 4506 1173 4570 cunctis
1190 4505 1335 4568 reddatur

243 4636 279 4704 o)
296 4634 329 4687 ud
346 4636 414 4690 idem
426 4636 454 4689 Z.
468 4665 502 4678 -
521 4636 551 4702 d)
567 4634 618 4689 bue
630 4653 671 4691 arn
684 4637 774 4692 Raude
786 4637 816 4690 V·
835 4664 870 4676 -·
890 4635 921 4703 c)
933 4632 999 4689 uiso
1013 4633 1048 4687 ΙΙΙ
1061 4632 1128 4688 ieblt
1140 4635 1168 4688 Z.
1183 4633 1236 4691 aad
1250 4633 1278 4687 V.
1295 4662 1328 4674 -
1417 4653 1420 4658 ·

145 4727 180 4796 d)
196 4726 275 4782 beate
287 4726 314 4779 Z.
