3209 5392
739 796 801 866 41.

407 971 575 1057 lnperator
590 972 689 1036 nobili
706 973 855 1036 tentando
872 991 938 1035 eun
954 973 992 1036 ad
1007 990 1120 1054 pacem.

169 1131 257 1202 Konip
269 1130 373 1202 liudolf
381 1129 498 1185 schreibt
511 1133 571 1186 dem
587 1131 692 1203 Grcfen
705 1150 754 1187 von
766 1130 869 1199 retich,
889 1132 955 1186 daco
968 1151 998 1185 cr
1010 1131 1053 1186 ein
1064 1138 1143 1203 pratee
1155 1127 1365 1184 Einvcrncdmen

164 1220 297 1277 zwieeden
315 1221 367 1277 idm
380 1222 438 1275 und
448 1222 501 1277 den
513 1225 638 1295 Batryerm
656 1240 706 1277 von
718 1222 828 1278 Aeeten
840 1222 964 1278 wercede
980 1222 1038 1278 und
1055 1220 1158 1277 aedicit
1174 1218 1299 1275 dceedald
1311 1220 1363 1275 den

482 1314 611 1384 diopistim
622 1314 748 1368 Andreae
761 1314 796 1368 dc
808 1314 883 1368 Rode
895 1331 931 1367 un
942 1311 989 1368 ion
1001 1311 1042 1366 od.

254 1440 379 1502 Gerbert,
393 1439 418 1504 3,
431 1439 476 1494 25.
496 1440 596 1495 Stohbe
610 1458 652 1495 no.
668 1439 723 1494 265
739 1459 763 1493 u.
774 1439 866 1494 Bodm.
879 1439 931 1494 142
946 1440 1035 1496 comiti
1048 1440 1204 1494 iuliacensi.

252 1568 297 1632 De
308 1572 360 1631 tua
373 1569 473 1652 quiete
487 1573 627 1653 statuque
641 1568 766 1650 pacifico
778 1568 887 1632 crebra
900 1569 1098 1633 meditacione
1112 1588 1218 1634 revera
1229 1566 1361 1640 solliciti,

161 1680 244 1740 tanto
273 1677 399 1760 amplius
429 1680 509 1742 circa
544 1677 651 1742 stabile
679 1678 790 1741 honum
819 1679 982 1742 concordie
1011 1679 1090 1743 inter
1117 1683 1148 1743 te
1177 1684 1207 1742 et
1236 1684 1355 1742 nostros

162 1786 245 1851 cives
274 1788 305 1850 in
331 1788 526 1851 interioribus
562 1787 674 1851 nostris
702 1787 871 1869 precordiis
901 1787 1054 1851 anxiamur
1081 1789 1213 1861 assidue,
1246 1794 1359 1872 quanto

162 1897 258 1959 maior
293 1898 477 1980 promittitur
512 1918 548 1960 ex
581 1898 675 1979 ipsius
711 1898 812 1960 votiva
847 1898 1091 1961 consolidacione
1123 1899 1169 1986 a)
1198 1897 1358 1969 securitas,
1370 1912 1479 1953 ror-arr·

161 2012 335 2090 quantoque
351 2007 500 2089 gravioris
517 2008 631 2069 iacture
649 2006 821 2068 discrimino
839 2028 875 2068 ex
892 2007 1044 2070 discordie
1059 2007 1216 2093 preparari
1233 2007 1360 2071 discidio

164 2117 365 2200 providemus.
401 2118 481 2181 Sane
510 2117 651 2201 quoniam
679 2117 757 2180 inter
780 2118 839 2179 alia
863 2117 941 2181 votis
963 2119 1075 2180 nostris
1099 2118 1263 2181 accomoda
1280 2118 1363 2180 salu-

161 2231 257 2288 tarem
275 2227 436 2290 concordie
454 2226 594 2289 unionem
612 2224 844 2288 desiderabilius
861 2226 1054 2290 affectamus:
1080 2246 1152 2289 ecce
1170 2227 1250 2310 quod
1266 2226 1303 2290 N.
1321 2225 1363 2311 d)

161 2335 307 2398 dilectum
325 2340 481 2405 nostrum,
508 2335 613 2419 tuique
636 2333 759 2397 honoris
777 2334 920 2416 cupidum
937 2336 1116 2407 zelatorem,
1140 2335 1177 2398 ad
1194 2340 1276 2398 tuam
1292 2354 1364 2416 pre-

162 2444 295 2507 senciam
312 2449 436 2528 propter
450 2443 520 2514 hoc,
544 2443 634 2507 uelud
651 2443 860 2524 imaginarium
877 2448 979 2506 nostre
995 2444 1166 2526 presencie,
1183 2442 1364 2507 fiducialiter

162 2554 366 2623 destinamus,
396 2553 562 2615 affectuose
579 2557 608 2614 te
631 2557 793 2634 rogantes,
824 2556 972 2636 quatenus
997 2553 1077 2623 suis,
1101 2573 1160 2636 que
1182 2551 1236 2616 tibi
1259 2558 1363 2616 nostro

163 2663 281 2727 nominc
297 2666 456 2744 proponet,
474 2660 737 2725 exhortacionibus
754 2663 965 2745 acquiescens,
990 2683 1044 2746 pro
1072 2668 1175 2727 nostra
1191 2668 1221 2726 et
1246 2663 1363 2745 imperii

75 2756 101 2789 ⁸
162 2770 355 2843 reverencia,
383 2771 472 2833 immo
500 2770 596 2832 eciam
623 2770 744 2852 proprie
773 2771 994 2834 commoditatis
1017 2771 1162 2835 instinctu
1189 2773 1228 2835 ad
1256 2792 1363 2855 pacem

164 2880 365 2946 omnimodam
392 2883 476 2941 tuum
505 2879 636 2942 animum
664 2881 788 2943 studeas
814 2879 981 2943 efficaciter
1002 2884 1033 2942 et
1055 2878 1186 2944 finaliter
1206 2882 1363 2952 inclinare,

162 2992 294 3055 sciturus
312 2987 392 3072 quod
410 2988 441 3050 in
458 2988 539 3050 nullo
557 3007 642 3061 casu,
660 2989 691 3051 in
707 2990 787 3051 nullo
805 3010 930 3073 prorsus
948 2994 1057 3053 eventu
1075 2995 1135 3053 tam
1152 2997 1270 3073 gratum
1287 2997 1364 3054 tam·

162 3098 386 3186 queplaoidum
404 3099 518 3183 potoris
535 3098 620 3163 nobis
638 3100 816 3184 obsequium
831 3099 972 3163 exhihere
984 3100 1035 3183 c).

736 3308 799 3377 42.

454 3486 515 3548 Bon
532 3484 729 3548 Romanorum
745 3485 888 3567 episcopo
904 3482 1068 3548 leodiensi.

169 3645 257 3718 Konip
278 3643 384 3715 liudolf
401 3644 474 3699 titre
494 3644 539 3699 die
565 3642 727 3699 Geiotliclren
749 3643 799 3697 der
822 3641 923 3697 Kircde
943 3661 993 3698 corr
1016 3642 1135 3712 nutriet,
1160 3646 1212 3700 den
1233 3645 1363 3719 Muptotcr

169 3738 292 3792 Andreae
305 3738 339 3790 dc
351 3736 435 3804 Rode,
455 3736 505 3790 der
514 3736 583 3806 jetzt
599 3754 631 3789 zu
650 3733 730 3790 aloen
748 3735 860 3801 domme,
879 3753 922 3789 um
935 3737 1026 3792 aciner
1039 3744 1129 3791 ersten
1141 3738 1364 3810 lteeidempflicdt

169 3847 200 3882 zu
216 3834 351 3900 pennigera,
371 3826 435 3881 bold
454 3844 489 3881 on
506 3826 598 3882 scinco
617 3825 673 3896 Hos
689 3824 892 3881 zurrtclclredren
908 3845 941 3881 zu
959 3827 1060 3895 luccen,
1080 3829 1116 3882 da
1128 3847 1159 3882 er
1171 3827 1230 3884 hier
1241 3828 1295 3884 idm
1307 3831 1364 3884 und

321 3920 371 3972 der
384 3917 483 3973 Kirelre
495 3919 601 3974 decuere
614 3917 725 3974 Dienate
736 3935 769 3970 zu
783 3917 878 3972 Ieietcn
891 3925 1015 3990 vcrmdye
1027 3920 1070 3973 ale
1082 3918 1118 3973 im
1133 3918 1210 3974 Odor.

252 4045 362 4109 suche,
379 4063 422 4100 no.
437 4044 500 4100 266.
514 4045 639 4109 Gerbert‚
654 4043 736 4109 1,st

252 4172 374 4255 Insigne
391 4174 549 4258 speculum
564 4172 651 4255 regni
665 4172 828 4236 Germanic
841 4172 951 4236 nobilis
964 4173 1015 4236 illa
1027 4173 1206 4238 Leodiensis
1220 4176 1362 4245 ccclesia,

163 4303 223 4367 que
239 4283 271 4345 in
287 4283 385 4346 oculis
401 4284 512 4347 nostris
529 4282 668 4347 beniuole
685 4282 788 4365 gracie
802 4286 833 4345 et
844 4281 1054 4349 berriuolcncie
1067 4285 1206 4367 graciose
1220 4288 1362 4350 continue

162 4392 341 4464 collocatur,
364 4392 409 4454 sic
426 4393 556 4455 animum
581 4395 715 4455 nostrum
740 4412 794 4454 suo
819 4392 958 4475 preclaro
981 4392 1113 4455 candore
1129 4393 1293 4476 gratificat,
1317 4396 1362 4458 sic

161 4500 332 4587 splendoris
350 4500 396 4565 sui
412 4502 524 4565 lumine
540 4500 644 4564 intima
661 4503 764 4563 nostre
780 4500 890 4563 mentis
907 4500 1047 4572 illustrat,
1065 4503 1147 4585 quod
1170 4503 1308 4566 nimirum
1332 4503 1362 4565 in

252 4648 285 4714 a)
303 4645 433 4703 consolid.
448 4647 575 4716 corrigirt
594 4646 638 4700 tur
651 4645 872 4701 consideracione
885 4647 913 4700 Z.
927 4676 963 4685 —
976 4646 1008 4716 d)
1023 4648 1054 4702 Α.
1069 4648 1103 4703 de
1117 4650 1190 4703 Rode
1204 4650 1311 4706 Stohbe.
1328 4681 1360 4689 —

165 4740 198 4811 c)
214 4740 293 4794 Gerb.
313 4739 361 4793 het
378 4739 447 4794 noch
468 4737 611 4807 folgenden
631 4738 757 4794 Schluss:
780 4737 883 4791 ideirco
897 4736 984 4791 verbis
1004 4739 1121 4793 eiusdem
1142 4757 1224 4812 super
1242 4743 1361 4796 omnihus

166 4830 244 4885 tidem
261 4829 438 4902 plenissimam
455 4828 581 4899 adhibere
595 4834 621 4884 to
635 4830 760 4898 petimus,
774 4829 843 4881 sicut
857 4826 962 4881 nostris.
