3209 5392
852 888 888 959 3.

264 1063 342 1146 laps
353 1064 495 1147 episcopo
508 1064 731 1131 donstcnclend
745 1063 988 1147 reprehendendo
1000 1081 1075 1141 cnm,
1089 1061 1397 1144 quoddlurodlnum,
1412 1082 1466 1127 nc·

263 1174 362 1253 potem
373 1172 511 1236 llrldrrlcl
523 1172 720 1255 lupercum,
736 1175 769 1236 Ιι
784 1192 867 1239 suom
882 1175 1007 1238 tuteloni
1019 1171 1134 1254 rcccplt
1146 1176 1176 1236 ct
1188 1174 1266 1253 quod
1280 1172 1377 1256 ipsum
1392 1191 1465 1253 pro·

263 1283 350 1343 carot
375 1281 446 1361 cllgl
472 1282 504 1343 ln
531 1299 628 1361 regem
649 1281 858 1361 bononorum,
887 1279 1070 1363 prnlrlbendc
1092 1280 1181 1344 cllum
1199 1281 1228 1343 cl
1249 1283 1303 1344 sub
1325 1282 1466 1361 grorlbns

264 1387 366 1468 pcnls,
381 1390 459 1470 quod
475 1389 614 1471 deinceps
630 1408 695 1453 eum
711 1392 749 1453 sd
765 1391 920 1472 lmperlum
937 1407 996 1452 non
1018 1391 1191 1470 promereat
1211 1393 1243 1453 ct
1263 1390 1385 1453 mordet
1406 1390 1467 1452 slbl

324 1496 403 1577 quod
418 1515 483 1561 eum
498 1498 640 1579 lmpedlct
656 1500 735 1561 omnl
750 1500 836 1562 nodo
853 1516 911 1579 quc
926 1500 1028 1581 potest
1043 1498 1098 1560 sub
1113 1498 1200 1579 pcnls
1217 1498 1405 1580 supradictis.

698 1656 776 1711 1262.
790 1656 850 1710 duni
865 1655 891 1708 3.
904 1656 1023 1711 Viterbii.

146 1797 253 1840 ΜΝ·
354 1799 464 1863 Patens
487 1805 534 1867 est
556 1807 586 1865 et
607 1802 763 1884 cognitum
782 1801 840 1864 toti
863 1800 947 1872 orbi,
970 1801 1099 1885 qualiter
1115 1800 1265 1884 quondam
1287 1799 1464 1864 Fridericus
1541 1792 1547 1799 ’

261 1907 425 1989 imperator
440 1907 566 1992 eiusque
582 1908 792 1992 progenitores
815 1914 846 1973 et
867 1911 982 1991 posteri
1006 1929 1078 1992 erga
1100 1913 1227 1973 matrem
1243 1909 1406 1973 ecclesiam
1423 1931 1459 1972 se

260 2014 414 2097 gesserint
434 2020 464 2078 et
485 2017 604 2101 qualem
626 2015 655 2079 ei
676 2017 910 2080 retribucionem
938 2017 976 2080 de
997 2015 1154 2082 beneficiis
1179 2017 1218 2080 ab
1241 2037 1278 2080 ea
1299 2018 1458 2099 perceptis

261 2121 471 2205 impenderint,
494 2124 634 2207 quoniam
658 2124 711 2196 hii,
738 2125 865 2189 aliorum
880 2131 1107 2208 persecutorum
1123 2125 1306 2190 excedentes
1322 2126 1460 2208 tyranni·

262 2228 341 2301 dem,
357 2229 546 2313 gravioribus
563 2252 629 2296 eam
645 2233 813 2297 affecerunt
834 2233 950 2297 iniuriis
968 2239 998 2297 et
1015 2222 1263 2317 oppressionibus
1280 2232 1455 2297 durioribus

262 2337 431 2402 afflixerunt
446 2345 487 2411 et,
503 2341 586 2406 velut
600 2339 791 2405 intendentes
808 2344 838 2406 in
855 2343 1061 2406 exterminium
1078 2342 1153 2414 eins,
1169 2342 1330 2406 tendentes
1346 2343 1460 2407 luroris

263 2466 366 2511 arcum
382 2453 413 2510 et
427 2447 556 2513 feritatis
572 2448 706 2533 gladium
721 2457 877 2523 acuentes,
900 2452 974 2516 diris
995 2469 1062 2514 eam
1084 2447 1267 2514 tribulavero
1282 2450 1411 2533 flagellis
1429 2457 1462 2515 et

263 2576 358 2642 usqne
375 2556 413 2620 ad
428 2557 572 2621 interiora
587 2559 745 2640 profundis
760 2558 851 2623 ibatis
867 2559 1042 2624 vulneribus
1059 2557 1242 2623 sauciarunt.
1260 2558 1336 2621 Nam
1352 2560 1382 2622 in
1398 2558 1459 2624 boc

262 2681 355 2746 pravo
377 2683 490 2746 genere
509 2671 629 2749 patrum
651 2665 683 2729 in
705 2665 781 2731 filios
805 2687 872 2731 cum
895 2668 1042 2750 sanguine
1065 2667 1201 2732 derivata
1223 2666 1353 2739 malicia,
1381 2666 1462 2732 sicut

262 2772 362 2834 carnis
387 2773 628 2856 propagacione‚
656 2773 702 2837 sic
729 2775 900 2840 imitacione
928 2794 1052 2859 operum
1080 2776 1141 2839 nati
1170 2775 1399 2840 successoribus
1415 2776 1462 2863 a)

262 2885 477 2944 successerunt
491 2881 689 2966 genitoribus.
713 2884 757 2947 Er
774 2902 833 2967 quo
849 2883 961 2968 liquide
978 2883 1125 2968 perpendi
1142 2889 1173 2948 et
1190 2884 1289 2948 conici
1304 2889 1416 2968 potest,
1434 2885 1460 2949 si

262 3008 299 3051 cx
313 2987 380 3071 ipso
396 2989 494 3075 alique
509 2991 698 3072 posteritatis
714 2992 842 3076 reliquie
858 2998 1078 3065 remanserunt,
1096 2993 1168 3078 qnid
1184 2994 1366 3076 sperandum
1379 2994 1419 3056 sit
1432 2994 1461 3056 in

261 3096 393 3162 futurum
415 3097 453 3162 de
474 3098 548 3171 illis,
571 3099 682 3183 quidve
697 3100 729 3164 in
743 3107 899 3182 posterum
915 3103 1142 3184 expectandum.
1175 3102 1245 3168 Vita
1272 3122 1402 3186 namque
1431 3106 1462 3166 et

261 3210 350 3287 gesta
370 3206 621 3289 predecessorum
642 3229 785 3293 perversa
808 3209 996 3292 iniquitatem
1016 3211 1217 3294 prenuncicnt
1233 3230 1458 3284 successorum,

261 3333 318 3376 nec
334 3314 486 3379 horribilis
503 3336 606 3382 eorum
622 3319 765 3380 memoria
782 3317 945 3402 quidquam
966 3319 1038 3382 boni
1063 3320 1100 3381 de
1123 3321 1256 3402 ipsorum
1278 3321 1459 3404 posteritate

261 3422 387 3486 credere
402 3425 448 3487 vel
466 3445 590 3508 sperare
606 3426 767 3510 permittit,
791 3427 862 3510 quic
884 3427 922 3490 de
946 3426 1069 3492 colubro
1092 3428 1248 3511 egreditur
1263 3429 1404 3512 regulus,
1429 3434 1461 3490 et

261 3530 352 3594 arbor
372 3532 449 3595 mala
471 3535 573 3598 noxios
603 3535 719 3599 fructus
742 3537 869 3619 profert,
891 3555 1078 3620 pravumque
1100 3535 1281 3625 principium
1303 3556 1457 3622 nunquam

260 3638 419 3720 pollicetur
444 3641 555 3707 bonum
581 3642 680 3708 finem.
716 3645 755 3708 Et
781 3644 850 3708 ideo
879 3644 916 3709 de
941 3644 1051 3709 Cbunr.
1081 3665 1188 3728 puero,
1211 3652 1284 3710 nato
1305 3646 1456 3729 quondam

261 3747 425 3823 Cbnnradi,
441 3751 588 3816 Friderici
603 3752 666 3826 filii,
689 3759 737 3817 est
757 3752 982 3837 precavendum
999 3754 1129 3826 omnino,
1152 3775 1190 3817 ne
1213 3755 1273 3818 ullo
1289 3754 1378 3817 modo
1394 3772 1453 3817 nec

261 3857 322 3922 ullo
344 3877 475 3941 unquam
496 3865 632 3943 tempore
653 3863 692 3925 ad
714 3863 839 3928 Romani
856 3867 974 3928 culmen
990 3863 1107 3946 imperii
1124 3860 1318 3934 sublimetur,
1341 3862 1411 3945 quia
1427 3860 1459 3924 in

262 3970 329 4051 ipso
345 3970 450 4050 procul
467 3968 557 4032 dubio
573 3989 628 4053 pro
645 3971 791 4037 advocato
809 3973 904 4059 ipsius
922 3973 1053 4038 ecclesie
1069 3970 1272 4054 impugnator,
1290 3976 1320 4035 et
1336 3991 1390 4053 pro
1406 3970 1461 4033 de-

262 4079 383 4142 fensore
400 4085 570 4144 assumetur
587 4081 717 4144 offensor
731 4081 870 4165 publicus
889 4089 920 4146 et
935 4083 1082 4147 turbator.

352 4187 463 4255 Verum
480 4189 621 4273 qnoniam
635 4171 854 4263 intelleximus,⁴
877 4191 958 4274 qnod
975 4198 1007 4255 tu
1023 4209 1148 4273 puerum
1166 4188 1282 4272 ipsum,
1305 4190 1386 4275 quod
1401 4210 1463 4254 non

264 4300 366 4366 decuit
381 4299 496 4382 absque
511 4297 640 4364 licencia
656 4300 738 4364 sedis
754 4299 932 4382 apostolice,
955 4300 1012 4364 sub
1028 4306 1082 4364 tua
1096 4299 1192 4362 tutela
1216 4307 1247 4365 et
1269 4301 1459 4387 protectione

262 4414 384 4494 protae
401 4429 557 4473 assumens
579 4408 664 4472 libito
680 4410 860 4480 voluntatis,
887 4408 1006 4492 magnis
1029 4408 1137 4471 studiis
1160 4409 1292 4494 totisque
1314 4429 1461 4493 procuras

262 4519 433 4590 laboribus,
462 4523 495 4582 ut
517 4517 598 4582 idem
620 4539 696 4602 puer
717 4519 755 4583 ad
778 4518 913 4582 eiusdem
936 4516 1054 4601 apicem
1076 4516 1195 4601 imperii
1218 4517 1348 4602 eligatur
1370 4524 1402 4582 et
1417 4519 1460 4604 b)

261 4629 357 4713 ipsius
379 4627 514 4694 obtineat
529 4627 746 4712 principatum:
768 4628 844 4698 Nos,
862 4626 1062 4691 consideratis
1077 4632 1129 4690 tue
1145 4626 1268 4710 antique
1285 4625 1461 4691 devocionis

358 4793 393 4864 c)
413 4791 614 4848 successoribus
628 4789 793 4862 liberddssig‚
807 4791 873 4846 fehlt
886 4790 986 4845 llrrini.
996 4819 1032 4830 —
1043 4787 1076 4857 d)
1093 4793 1120 4843 et
1132 4795 1159 4844 ct
1170 4791 1200 4845 ll.
