3209 5392
1256 538 1268 563 θ
1307 482 1359 571 ar

160 673 306 751 quatenus
322 668 353 731 in
368 669 467 752 ipsum
481 675 551 735 vota
566 677 667 736 vestra
685 672 866 736 unanimiter
881 672 1077 743 convertatis,
1095 671 1165 755 quia
1181 671 1272 735 sedes
1290 691 1365 755 apo·

160 777 265 842 stolica
280 778 509 860 promocionem
526 780 590 844 eius
608 781 772 854 desiderat,
789 801 917 865 sperans
934 781 1015 866 quod
1031 781 1181 853 ecclesie,
1204 781 1253 844 cui
1269 780 1362 865 preli-

159 885 250 957 citur,
277 886 344 949 cius
360 889 515 969 promocio
531 890 633 953 veniat
648 891 687 954 ad
703 891 865 963 honorem,
894 889 1034 974 quodque
1050 889 1183 970 ¹ecclesie
1201 889 1363 953 universali

158 1000 188 1058 et
202 995 307 1079 dpmui
322 996 438 1060 Israhel
455 998 626 1062 ascendens
643 1020 680 1062 cx
691 999 821 1065 adverso
831 1019 934 1063 murus
950 1000 1069 1063 ferreus
1087 1001 1117 1061 et
1133 998 1224 1062 turris
1241 998 1364 1062 fortitu·

158 1104 235 1168 dinis
251 1105 399 1189 erigatur.
417 1108 485 1172 Dat.
501 1114 560 1172 etc.

549 1312 706 1376 dractotrs
723 1312 760 1375 dc
776 1313 951 1376 sentenotls.

646 1436 776 1482 Diodnotio
789 1437 828 1482 vn
839 1439 880 1495 a).

249 1568 483 1632 Sentenciarum
499 1574 544 1633 tot
566 1576 635 1634 sunt
657 1571 849 1635 diversitates
871 1577 944 1655 quot
965 1577 1035 1635 sunt
1054 1570 1196 1634 iudicum.
1225 1569 1366 1635 Judicum

164 1673 242 1736 enirn
272 1675 325 1737 alii
353 1681 422 1739 sunt
449 1680 620 1751 ordinarii,
650 1679 700 1742 alii
728 1683 838 1767 tepoti,
862 1680 910 1742 alii
932 1681 1142 1767 subdelepati,
1164 1678 1214 1742 alii
1236 1679 1362 1743 arbitri.

158 1783 262 1865 Capud
280 1787 522 1853 ordinariorum
538 1788 670 1851 iudicum
693 1793 740 1851 θεῖ
757 1789 893 1852 dominus
910 1809 998 1872 papa.
1027 1790 1145 1877 Lepati
1159 1794 1228 1852 sunt
1243 1787 1296 1859 hii,
1314 1787 1367 1869 qui

160 1890 197 1954 ad
229 1892 365 1975 aliquam
387 1895 574 1975 provinciam
606 1896 848 1984 diriguntur),
871 1899 1012 1984 dclcpoti
1042 1917 1113 1959 vero
1146 1897 1286 1959 dicuntur
1315 1895 1368 1967 illi,

159 1999 270 2081 quibus
289 2000 330 2086 ο)
347 2023 365 2065 a
382 2001 501 2067 domino
518 2024 596 2085 papa
608 2004 656 2067 vel
669 2003 707 2067 ab
720 2005 777 2068 alio
798 2024 977 2087 quocunque
994 2006 1093 2067 iudice
1111 2004 1321 2068 ecclesiastico
1338 2008 1369 2066 et

165 2110 320 2175 ordinario
337 2113 509 2177 commissio
527 2114 626 2187 datur,
643 2120 676 2177 ut
692 2115 729 2178 de
747 2115 859 2178 iudicio
875 2115 923 2177 vel
946 2116 983 2178 de
1006 2116 1106 2198 aliqua
1128 2134 1220 2177 causa
1238 2133 1371 2196 cognos-

161 2225 231 2283 cant
260 2225 292 2283 et
310 2220 349 2307 ο)
378 2221 578 2285 determinent
600 2222 679 2286 illam
695 2222 746 2309 d).
778 2223 819 2285 Et
835 2223 994 2304 contingit,
1024 2223 1104 2306 quod
1130 2222 1208 2285 tales
1237 2221 1370 2303 delegati

162 2345 284 2390 causam
302 2348 388 2391 suam
405 2329 623 2419 subdelegent,
645 2336 675 2394 et
697 2331 772 2394 tales
789 2337 936 2394 vocantur
955 2331 1164 2417 subdelcpoti.
1182 2331 1369 2395 -Arbitri

162 2441 230 2499 sunt
261 2436 399 2510 iudices,
432 2439 535 2521 quiex
563 2440 785 2522 approbatione
814 2440 949 2522 parcium
977 2445 1008 2503 et
1036 2458 1186 2504 consensu
1208 2439 1368 2519 negocium

163 2545 286 2626 aliquod
303 2551 460 2609 assumunt
482 2548 520 2609 ad
543 2547 819 2619 determinandum,
843 2553 971 2630 accepta
993 2547 1156 2611 securitate
1179 2567 1196 2609 a
1219 2545 1370 2628 partibus,

165 2652 244 2735 quod
257 2672 319 2716 sue
336 2654 522 2718 ordinacioni
539 2660 620 2718 stare
643 2677 702 2718 non
731 2655 899 2736 denegent,
927 2655 974 2719 vel
1002 2674 1111 2737 penam
1132 2654 1282 2726 incidant,
1311 2675 1370 2737 qua

161 2758 241 2825 idern
254 2762 413 2826 arbitrium
426 2770 473 2827 est
485 2765 633 2827 vallatum.
642 2803 686 2812 -
699 2764 737 2827 Et
749 2764 914 2828 seeundum
927 2765 1006 2827 hanc
1020 2764 1225 2828 diversitatem
1237 2763 1370 2826 iudicum

163 2870 321 2934 formande
338 2878 408 2935 sunt
423 2872 579 2936 sentencie
598 2871 727 2936 diverse.
990 2881 993 2885 ’

254 2981 371 3045 Omnes
399 2987 499 3045 autern
527 2983 700 3054 sentencie,
730 2989 874 3064 quantum
902 2982 941 3044 ad
958 2982 1076 3045 iudices
1099 2981 1267 3045 ordinarios
1285 2987 1316 3045 θῖ
1331 2981 1371 3067 e)

166 3087 285 3169 legatos
310 3096 340 3151 et
362 3088 595 3170 subdelegatos,
618 3089 649 3152 in
672 3090 772 3152 causis
790 3090 1009 3153 ecclesiasticis
1041 3097 1092 3152 aut
1115 3095 1185 3153 sunt
1200 3091 1371 3175 diffinitive

166 3204 215 3260 ant
230 3200 485 3264 interlocutorio.
518 3200 702 3284 Diffioitioo
719 3205 776 3270 θεῖ,
794 3219 852 3283 quc
869 3198 902 3262 lit
918 3219 1010 3281 super
1025 3199 1092 3280 ipso
1110 3198 1238 3279 negocio
1255 3198 1370 3281 princi-

166 3308 224 3389 pali
240 3327 299 3389 per
316 3328 404 3391 quarn
421 3308 547 3392 quilibet
562 3329 632 3371 reus
649 3308 815 3373 absolvitur
835 3309 882 3371 vel
905 3308 1091 3390 dampnatur.
1125 3309 1371 3375 Intcrlocotorio

168 3417 325 3480 sentencia
341 3423 389 3481 est
405 3437 462 3501 que
478 3418 512 3480 fit
524 3437 615 3499 super
629 3415 671 3502 f)
688 3418 857 3499 emergenti
873 3418 1001 3499 negocio
1018 3417 1065 3481 vel
1082 3437 1174 3499 super
1187 3416 1371 3501 excepcionc

170 3526 279 3609 aliqua,
296 3525 452 3607 proposita
468 3526 497 3588 in
515 3524 635 3589 iudicio.
655 3525 688 3589 si
705 3531 806 3590 autern
822 3527 979 3589 sentencia
1001 3531 1049 3589 est
1064 3524 1176 3588 domini
1191 3544 1281 3607 pape,
1304 3525 1370 3587 sine

170 3635 283 3717 scripto
300 3634 427 3697 ferenda
443 3639 506 3704 est,
522 3633 602 3716 quod
619 3634 767 3715 contingit
783 3654 851 3697 curn
867 3634 1002 3717 partibus
1019 3632 1196 3697 absentibus
1221 3631 1372 3696 sententia

171 3745 299 3806 fertura
317 3741 435 3805 domino
452 3761 547 3823 papa;
571 3747 642 3804 tunc
659 3741 765 3825 incipit
778 3743 916 3806 narracio
930 3742 1041 3806 domini
1053 3761 1132 3824 pape
1149 3742 1373 3805 acommenda·

172 3852 537 3940 cioneoJilliuspersonc,
546 3871 604 3936 que
618 3857 665 3916 est
676 3858 732 3935 per
744 3853 809 3916 eius
822 3854 1008 3917 sentenciam
1025 3852 1374 3934 condempnanda,com-

172 3964 317 4027 mendans
333 3982 493 4046 personam
510 3963 548 4025 de
564 3963 783 4046 prosecucione
806 3964 879 4025 iuris
902 3962 964 4033 sui,
989 3962 1096 4025 exinde
1117 3963 1262 4025 transfert
1278 3983 1311 4025 se
1334 3962 1374 4025 ad

175 4072 469 4135 commendacionem
485 4091 626 4153 persone,
642 4092 696 4153 pro
714 4091 772 4154 qua
789 4071 914 4135 ferenda
931 4076 978 4133 est
994 4071 1160 4142 sentencia,
1177 4070 1208 4132 in
1222 4070 1282 4133 tine
1300 4090 1375 4133 con-

176 4181 266 4245 cludit
276 4202 352 4253 rem,
369 4182 407 4245 de
424 4201 482 4264 qua
495 4182 605 4263 agitur,
618 4180 795 4243 adiudicans
810 4201 876 4244 eam
888 4180 938 4243 uni
952 4199 1158 4261 personarum.
1177 4179 1211 4244 Si
1227 4185 1327 4243 autern
1343 4180 1375 4242 in

177 4292 295 4374 scriptis
312 4292 438 4355 serenda
455 4297 502 4354 est
518 4291 686 4362 sentencia,
703 4291 784 4373 quod
800 4289 950 4371 contingit
965 4310 1024 4352 una
1039 4296 1126 4372 parte
1143 4290 1287 4363 absente,
1303 4296 1375 4353 tunc

264 4444 298 4511 a)
312 4437 519 4495 matvrltv-
528 4438 560 4508 d)
575 4455 589 4490 a
602 4438 706 4492 domino
716 4455 796 4509 papa,
808 4439 910 4491 bocost
924 4453 940 4488 a
952 4436 1037 4490 latere
1051 4436 1180 4498 eiusdem,
1193 4437 1291 4504 quibus
1304 4434 1376 4489 idern

178 4532 294 4586 dominos
307 4548 380 4602 papa
401 4528 594 4585 iurisdictionis
613 4545 663 4582 suc
682 4529 814 4582 terminos
828 4544 878 4596 pro
893 4544 942 4580 suo
961 4526 1131 4597 beneplacito
1151 4527 1246 4579 minuit
1266 4528 1295 4578 θῖ
1308 4541 1378 4595 aug·

179 4625 275 4677 montet
287 4623 314 4676 Z.
329 4652 356 4661 -
370 4621 401 4691 c)
415 4623 456 4674 rel
469 4622 496 4675 Z.
512 4649 544 4658 -
558 4621 590 4688 c)
606 4624 636 4671 ut
649 4620 679 4672 Z.
691 4649 717 4659 -
728 4620 762 4686 d)
777 4620 818 4670 vel
833 4618 997 4672 decidantZ.
1007 4648 1034 4657 -
1044 4616 1076 4686 e)
1091 4620 1118 4670 et
1130 4617 1232 4669 fohttz.
1245 4646 1271 4654 -
1280 4614 1313 4687 f)
1327 4618 1377 4670 sub

181 4712 265 4784 aliquo
278 4716 306 4768 Z.
322 4743 350 4753 -
363 4714 399 4784 9)
415 4713 448 4766 ad
462 4712 719 4767 commendationem
732 4710 763 4764 V.
