3209 5392
710 798 783 852 Quid
797 797 836 842 stt
850 798 1020 852 procuratio
1035 803 1072 855 a).

790 927 916 973 Distiuctio
928 928 983 974 vlu.

381 1056 490 1121 Notata
508 1059 615 1132 etiarn,
632 1061 712 1145 quod
728 1062 847 1145 quaudo
863 1061 893 1124 in
908 1061 1004 1126 literis
1020 1063 1177 1129 invenietis
1193 1065 1252 1129 hoc
1269 1085 1375 1130 nomen
1392 1085 1473 1148 „pro-

291 1164 439 1238 curatio¹⁴‚
454 1186 509 1248 per
521 1167 591 1230 illud
604 1168 778 1251 intelligitur
793 1190 923 1253 expensa
936 1191 994 1256 que
1007 1171 1134 1236 debetur
1149 1173 1258 1256 legatis
1272 1173 1381 1238 domiui
1392 1193 1470 1256 pape.

290 1272 401 1355 Legati
415 1275 493 1338 enirn
510 1277 619 1342 domiui
635 1298 711 1360 pape
726 1286 852 1361 possunt
875 1280 996 1361 exigere
1018 1300 1036 1344 a
1059 1281 1140 1345 clero
1164 1282 1404 1365 procurationem
1418 1282 1471 1345 sibi

291 1379 423 1445 debitam
443 1382 523 1446 iuxta
539 1385 663 1448 formam
681 1405 769 1470 qua1n
785 1387 830 1450 eis
852 1407 930 1469 pepe
945 1388 1115 1461 coustituit,
1141 1394 1173 1453 ut
1189 1388 1331 1452 videlicet
1350 1389 1386 1452 in
1406 1387 1474 1470 epi·

290 1497 449 1572 scopatu
469 1493 690 1557 Pataviensi
713 1494 859 1577 accipit
875 1497 975 1559 t'orte
992 1497 1145 1579 legatus
1167 1504 1317 1562 ccntum
1339 1515 1473 1561 marcas

289 1596 348 1660 vel
363 1598 446 1680 plus
462 1601 519 1663 vel
535 1600 666 1675 minus,
683 1609 713 1666 et
728 1603 776 1666 illa
792 1604 939 1686 peccunia
954 1612 1077 1669 vocatur
1089 1607 1270 1689 procuratio.
1288 1607 1371 1672 Ordo
1383 1612 1474 1670 auten

288 1709 391 1770 noster
416 1706 555 1774 videlicet
576 1712 777 1794 cysterceusis
796 1713 835 1776 als
852 1704 1019 1778 huiusmodi
1031 1716 1290 1797 promotionibus
1303 1715 1474 1780 omnimodis

287 1817 505 1897 estexemptus‚
517 1819 586 1903 quia
597 1819 668 1895 nulli
679 1819 966 1903 legatotenemurad
977 1800 1471 1907 contributionemprocuratoriam.

381 1923 496 1989 Dantur
510 1927 602 1991 etiam
618 1929 743 1993 maxime
759 1949 777 1992 a
792 1931 930 2012 personis
946 1931 1131 1995 secularibus
1154 1934 1248 1999 litere
1262 1932 1471 2019 diffiduciastis

289 2037 322 2095 ct
337 2036 587 2102 assecurationis
603 2035 650 2120 ὂ).
683 2038 843 2124 Dissidere
857 2039 986 2124 aliquem
997 2060 1053 2122 per
1067 2033 1171 2105 literas
1188 2048 1235 2106 θεῖ
1250 2044 1331 2124 parti
1347 2042 1467 2104 adverse

286 2139 429 2221 capitales
457 2142 632 2209 inimicicias
649 2145 787 2220 obicere3
814 2149 953 2234 affidare
967 2156 1067 2214 autem
1083 2156 1114 2214 et
1137 2173 1330 2216 assecurare
1348 2148 1385 2237 a]
1399 2170 1471 2232 peue

287 2247 366 2312 idem
381 2257 459 2323 sunt,
472 2273 649 2321 assecurare
667 2256 704 2344 0)
719 2256 870 2321 hominem
885 2266 933 2321 est
948 2265 1063 2322 certum
1079 2279 1147 2323 eum
1163 2259 1302 2332 reddere,
1322 2259 1401 2344 quod
1418 2277 1471 2320 non

218 2430 221 2435 y
288 2357 423 2438 paciatur
438 2361 547 2425 malum
563 2363 684 2449 aliquod
698 2385 752 2448 pro
769 2366 857 2447 culpa
872 2366 1041 2431 commissa·

690 2562 737 2608 uc
750 2561 1020 2618 {mammutium
1035 2567 1074 2619 u).

787 2691 915 2737 Distinctio
926 2691 966 2737 lx.

377 2840 450 2904 ltern
466 2842 496 2905 in
512 2843 606 2907 literis
622 2863 694 2926 sepe
711 2845 843 2908 occurrit
857 2844 982 2908 verbum
1005 2845 1248 2927 irregularitatis
1266 2846 1346 2909 unde
1364 2844 1475 2909 debetis
1579 2834 1582 2853 ’

197 2989 200 2993 -
289 2946 379 3011 etiam
406 2950 485 3014 scire
514 2952 585 3037 quid
612 2953 652 3017 sit
678 2952 894 3034 irregularitas.
938 2954 1145 3036 lrregularitas
1168 2959 1215 3017 θεῖ
1236 2953 1400 3035 indignitas
1427 2953 1476 3015 ali-

287 3059 371 3121 cuius
393 3080 521 3142 persone
536 3067 660 3143 propter
676 3081 764 3146 quarn
786 3062 941 3144 repellitur
956 3062 993 3125 ab
1022 3061 1176 3126 ordinibus
1205 3064 1301 3126 sacris
1330 3064 1377 3126 vel
1395 3063 1425 3149 e)
1441 3061 1475 3124 ab
1582 3086 1583 3103 ³

288 3167 394 3232 officiis
418 3169 543 3241 divinis,
566 3169 603 3233 ab
626 3169 742 3233 actibus
764 3170 929 3251 legittimis.
958 3172 1050 3233 Actus
1066 3170 1104 3256 f)
1127 3170 1266 3253 legittimi
1294 3176 1374 3243 sunt,
1402 3169 1476 3254 quod

287 3276 374 3340 horno
405 3277 501 3360 possit
527 3297 688 3350 accusare,
720 3277 887 3351 testificari,
919 3278 1046 3342 militare
1079 3288 1109 3342 et
1140 3278 1256 3342 similia.
1289 3278 1477 3344 Contrahitur
1569 3316 1573 3331 ·

287 3391 387 3449 autem
402 3386 608 3468 irregularitas
625 3387 803 3472 quandoque
820 3407 838 3451 a
861 3393 941 3450 statu
957 3388 1104 3470 corporis,
1132 3387 1211 3451 sicut
1227 3388 1347 3473 quando
1371 3405 1474 3469 corpus

285 3494 372 3559 umis
396 3501 444 3558 est
465 3495 634 3567 horridurn,
661 3503 693 3559 ut
715 3516 824 3568 cecus,
846 3502 945 3560 mutus
969 3502 999 3559 et
1015 3495 1122 3559 surdus
1139 3502 1170 3559 et
1195 3515 1302 3560 carens
1320 3517 1404 3569 naso,
1433 3493 1476 3557 rel

285 3624 384 3676 manu,
401 3604 447 3667 vel
460 3605 578 3689 quando
595 3604 715 3690 aliquod
730 3605 840 3668 riciuna
856 3604 950 3668 estin
966 3625 1093 3686 corpore
1109 3604 1179 3667 huic
1193 3605 1306 3678 simile3
1331 3606 1400 3670 talis
1422 3624 1475 3667 non

287 3718 388 3795 potest
402 3713 570 3796 promoveri
587 3714 625 3776 ad
641 3734 745 3776 sacros
762 3714 895 3785 ordines,
908 3734 944 3777 eo
954 3714 1037 3798 ‚quod
1054 3733 1162 3795 corpus
1180 3713 1291 3777 habeat
1307 3714 1476 3778 inminutum

289 3821 336 3885 vel
354 3820 441 3884 nirnis
470 3821 633 3886 horridum.
666 3821 851 3907 Quandoque
879 3823 970 3886 etiarn
997 3822 1183 3886 contrahitur
1208 3821 1415 3904 irregularitas
1444 3840 1477 3884 ex

288 3930 404 4012 origine
418 3931 553 4012 generis,
570 3933 649 3995 sicut
665 3932 782 4016 quando
801 3931 908 4015 aliquis
924 3932 1058 3995 nascitur
1075 3931 1112 3995 de
1125 3931 1237 3995 clerico
1251 3932 1420 4003 sacerdote,
1435 3927 1476 3991 vel
1582 3938 1583 4001 l

167 4061 212 4103 ru.
222 4062 248 4104 rs
256 4063 278 4104 s.
288 4040 408 4104 moniali
423 4040 530 4114 velata,
552 4041 598 4104 rel
615 4041 652 4104 de
669 4061 765 4105 servo.
784 4042 896 4105 Servus
918 4047 1042 4105 vocatur
1063 4041 1111 4104 ille
1135 4039 1186 4125 qui
1202 4045 1249 4103 est
1269 4041 1406 4124 proprius
1427 4036 1477 4101 ali·
1582 4072 1583 4129 q

288 4149 382 4215 cuius.
411 4150 516 4222 Tales,
547 4152 667 4213 racione
700 4151 768 4214 lede
799 4150 980 4222 nativitatis
1012 4170 1071 4214 non
1097 4153 1224 4232 possunt
1254 4148 1420 4231 promoveri
1449 4152 1477 4209 et
1582 4154 1583 4235 ᾗ

287 4259 470 4343 repelluntur
500 4279 518 4323 a
545 4250 700 4341 legittimis
731 4259 858 4323 actibus.
891 4259 1057 4343 Aliquando
1089 4258 1275 4322 contrahitur
1305 4278 1341 4320 ex
1371 4274 1476 4339 genere
1582 4238 1583 4315 f

287 4367 376 4439 facti,
400 4369 479 4435 sicut
494 4369 599 4441 iudex,
621 4369 693 4433 licet
708 4369 786 4431 iuste
803 4369 923 4432 occidat
937 4369 1102 4440 latronem,
1125 4366 1159 4432 fit
1175 4374 1274 4431 tannen
1290 4364 1475 4449 irregularist
1538 4428 1541 4435 ,

289 4475 427 4543 similiter
455 4479 506 4562 qui
528 4477 675 4542 contraxit
703 4498 770 4541 curn
793 4478 883 4542 vidua
905 4479 951 4540 vel
974 4477 1024 4562 qui
1052 4476 1189 4559 bigamus
1206 4481 1253 4539 est
1270 4477 1317 4540 vel
1334 4475 1359 4540 si
1375 4472 1475 4559 aliquis
1582 4476 1583 4529 ἶ

384 4661 417 4729 a)
444 4660 513 4715 Dist.
527 4660 568 4714 lx.
585 4689 615 4700 -
631 4659 663 4728 d)
677 4660 852 4715 assecutiouis
865 4661 896 4713 V.
926 4688 956 4700 -
975 4660 1007 4728 c)
1023 4662 1190 4716 assecutare.
1209 4690 1246 4700 -
1263 4660 1298 4730 d)
1314 4659 1379 4713 unt
1402 4658 1473 4710 1.-
1582 4664 1583 4671 ’

287 4752 318 4821 θ)
338 4751 370 4805 ub
384 4751 520 4807 ordinibus
535 4750 622 4807 sacris
635 4750 678 4807 vel
690 4752 758 4807 fehlt
771 4753 802 4807 V.
821 4780 856 4792 -
867 4751 900 4822 f)
914 4756 1001 4806 autem
1014 4752 1041 4804 Z.
