3209 5392
244 501 322 572 384

241 679 352 760 quanto
374 675 494 746 naaion,
516 680 599 738 tanto
623 675 721 740 eidem
743 683 880 761 quacior,
909 680 1001 743 muite
1023 676 1297 742 commendacionis
1322 676 1361 738 ad
1387 695 1444 738 nos

239 783 386 849 beneficia
406 784 581 866 reportavit.
614 784 706 849 Porro
730 807 802 859 nos,
831 788 960 871 predicti
982 785 1165 850 sanctissimi
1187 783 1282 869 patris
1298 783 1443 847 instructi

240 893 360 958 monitis
377 898 408 955 et
423 892 581 964 mandatis,
599 900 794 960 memoratum
810 896 846 960 N.
865 901 895 960 et
912 895 1006 979 ipsius
1023 893 1185 958 ecclesiam
1209 912 1278 955 cum
1301 891 1444 955 omnibus

239 1003 298 1067 sibi
315 999 494 1072 commissis,
512 1005 575 1063 tum
591 1022 645 1065 sue
661 1003 820 1086 probitatis
837 1004 955 1076 merito,
972 1009 1035 1068 tum
1051 1023 1106 1086 pro
1119 1001 1162 1087 a)
1178 1001 1329 1065 karissimi
1344 1000 1443 1084 patris

239 1111 335 1176 nostri
350 1108 574 1193 graciosissimo
590 1109 770 1184 interventu,
788 1114 930 1196 specialis
946 1111 1048 1196 gracie
1069 1117 1100 1174 et
1112 1110 1224 1174 favoris
1240 1109 1350 1174 aiiectu
1367 1130 1443 1192 pro-

240 1221 327 1305 sequi
349 1220 522 1302 cupientes,
551 1239 655 1284 omnes
672 1221 813 1294 iniurias,
842 1223 869 1285 si
886 1241 961 1307 quas
977 1222 1075 1304 ipsum
1091 1239 1127 1283 eu
1144 1239 1225 1283 nunc
1240 1218 1304 1301 pati
1320 1218 1443 1282 contin-

240 1333 339 1412 geret,
355 1326 442 1391 nebis
457 1327 594 1391 voientes
611 1328 779 1402 ascribere,
795 1350 833 1394 ac
850 1331 1011 1414 dignanter
1026 1328 1109 1411 ipsas
1125 1326 1279 1412 prosequi,
1296 1332 1442 1410 tanquam

240 1441 375 1502 nostras:
400 1435 536 1501 fidelitati
553 1441 654 1501 vestre
667 1438 724 1502 sub
741 1440 867 1503 obtentu
884 1441 987 1522 gracie
1004 1442 1107 1502 nostre
1123 1434 1311 1505 mandamus,
1330 1442 1441 1519 quate-

240 1565 296 1611 nus
312 1546 412 1609 eidem
428 1546 465 1609 N.
484 1545 593 1618 eiecto,
609 1546 741 1630 principi
758 1553 863 1612 nostro
879 1546 1049 1618 karissimo,
1067 1544 1193 1609 menbra
1218 1544 1298 1608 sacri
1313 1545 1442 1608 Romani

242 1654 360 1738 imperii
385 1653 533 1738 glorioso,
561 1659 705 1737 tanquam
737 1660 838 1721 vestro
866 1657 1023 1740 episcopo,
1049 1653 1213 1718 intendatis
1240 1654 1272 1716 in
1300 1651 1441 1716 omnibus

238 1763 391 1830 humiliter
407 1767 437 1826 et
453 1763 578 1835 devote,
602 1764 707 1848 sicque
729 1768 830 1829 vestre
853 1764 1005 1829 fidelitatis
1029 1763 1207 1846 obsequium
1224 1761 1264 1845 b)
1281 1766 1343 1825 tam
1358 1762 1442 1845 apud

240 1877 374 1939 nostram
391 1872 579 1936 maiestatem
596 1892 685 1958 quarn
702 1875 782 1958 apud
794 1880 951 1959 paternam
967 1874 1062 1957 ipsius
1078 1873 1284 1937 reverenciam
1300 1891 1441 1935 merean-

239 1990 290 2047 tur
312 1983 449 2046 meritum
476 1988 649 2067 reportare,
677 1971 710 2047 ut
735 2002 790 2048 vos
815 2005 883 2048 cum
905 1984 970 2067 ipso
992 1988 1078 2067 patre
1101 1988 1202 2047 vestro
1223 1981 1255 2044 in
1277 1980 1442 2044 amenitate

240 2092 325 2177 pacis
347 2096 378 2153 et
401 2089 615 2175 tranquillitate
632 2093 752 2164 mentis,
776 2113 852 2157 nova
868 2096 1082 2157 succrescente
1099 2090 1279 2176 gaudiorum
1301 2089 1440 2162 materia,

241 2203 406 2267 consistere
422 2201 558 2264 valeatis.
1275 2188 1280 2192 ’

332 2338 446 2392 Gerbert
463 2336 554 2402 maini,
575 2336 623 2392 der
635 2325 711 2392 Br'ief
722 2339 761 2393 sei
776 2356 826 2393 von
839 2339 927 2410 Konig
941 2337 1040 2391 iiudoii
1049 2354 1081 2391 an
1095 2336 1139 2391 dio
1153 2335 1260 2392 Tiroier
1273 2353 1303 2389 nu
1318 2335 1439 2391 Gunsten

240 2428 289 2484 des
306 2427 429 2483 Biscbofs
449 2426 575 2482 Heinrich
597 2428 629 2481 il.
653 2445 703 2482 von
725 2428 820 2483 Trient
842 2428 1028 2500 gescbriebsn.
1053 2428 1137 2482 Datur
1159 2426 1245 2482 bietet
1266 2426 1324 2482 sein
1347 2426 1436 2480 inbuit

240 2521 304 2574 aber
324 2519 402 2573 keine
424 2516 632 2583 susreicbendeo
650 2518 880 2592 bnbsitspuncte,
908 2518 963 2574 und
985 2517 1033 2572 der
1053 2516 1197 2580 Umstand‚
1219 2516 1282 2572 dass
1305 2516 1363 2571 hier
1387 2534 1438 2570 von

240 2609 325 2665 einsm
343 2612 410 2663 eben
431 2609 581 2680 gewtbiten
598 2610 712 2665 Biscboi
728 2609 770 2665 die
788 2611 864 2666 Rode
882 2611 927 2675 ist,
947 2609 1097 2665 Heinricb's
1112 2608 1189 2664 Webi
1209 2609 1275 2663 abar
1292 2608 1375 2662 sebon
1390 2625 1440 2662 vor

241 2699 300 2754 dem
318 2699 362 2753 20.
381 2699 539 2771 September
559 2699 645 2761 1273,
669 2700 726 2754 also
747 2718 793 2757 vor
811 2700 934 2756 Rudoii's
954 2698 1136 2772 dammnati,
1159 2690 1361 2770 stattqeiunden
1380 2698 1438 2760 bat,

240 2789 344 2860 spricbt
362 2789 493 2861 dagegen.
519 2789 620 2845 Stobbe
639 2807 681 2846 no.
695 2789 761 2848 2815ι
771 2791 830 2845 Rex
845 2796 897 2847 etc.
911 2789 1045 2846 Universis
1059 2789 1210 2853 comitibus,
1224 2789 1367 2844 baronibus
1381 2792 1435 2844 etc.

814 2908 876 2978 34.

240 3029 379 3111 Princeps
398 3030 502 3094 scribit
520 3031 582 3112 regi
602 3030 806 3109 Romanarum,
833 3032 912 3112 qnod
932 3030 1123 3095 coronacioni
1142 3048 1196 3092 sne
1220 3030 1349 3094 ilbenter
1371 3029 1435 3092 vnit

781 3141 897 3204 adesse.

395 3260 538 3334 Reqclibua
551 3261 640 3317 raca
651 3293 687 3303 -
698 3262 907 3334 frequentemus.
922 3262 967 3335 (S.
982 3264 1050 3318 oben
1063 3280 1089 3333 p.
1104 3260 1170 3323 aio,
1182 3278 1224 3315 no.
1241 3261 1282 3331 1.)

815 3377 877 3450 35.

315 3501 375 3565 dcx
392 3501 541 3580 signidem
557 3501 699 3583 episcopo
717 3503 796 3584 quad
813 3502 923 3584 gaudet
938 3501 975 3566 de
992 3501 1141 3565 electione
1159 3501 1196 3564 dc
1209 3519 1244 3563 co
1261 3499 1353 3563 iscts.

396 3622 474 3679 Licet
485 3624 513 3680 in
526 3625 668 3680 latitudine
684 3657 713 3667 -
729 3624 891 3680 intimantes.
905 3625 950 3696 (S.
965 3626 1032 3678 oben
1045 3641 1072 3694 p.
1086 3624 1148 3687 344,
1163 3640 1205 3677 no.
1220 3620 1281 3692 44.)

816 3743 879 3812 36.

497 3866 557 3929 iter
574 3864 742 3929 iiansnnie
758 3865 887 3947 porrigit
902 3865 1058 3946 primarias
1075 3881 1190 3945 preces.

242 3994 300 4047 Ber
319 3988 453 4046 rdms‘ccbc
466 3989 553 4062 Koniq
574 3988 731 4059 (liudolfi)
752 3988 858 4060 fordcrt
879 3988 958 4043 eicco
971 3988 1108 4053 Prolatae,
1132 3985 1215 4057 Krofi
1235 3983 1434 4040 seineaRecbta

246 4084 297 4137 der
321 4088 409 4136 craten
434 4078 536 4146 Bitian,
572 4078 631 4149 aas,
667 4078 744 4133 einen
768 4096 819 4134 aon
843 4077 898 4134 ibm
923 4076 1164 4150 vorpcscblcqcncn
1192 4074 1355 4131 Geiatis'cbea
1379 4091 1440 4130 zum

672 4170 827 4226 Ksaoniirua
839 4189 872 4226 au
884 4169 1003 4226 macben.

334 4282 457 4343 Gerbsrt
471 4279 497 4343 1,
511 4280 554 4335 ta.
570 4281 680 4346 Stobbe,
695 4298 737 4336 no.
751 4279 807 4335 217
821 4281 938 4337 ecclesie
952 4279 1147 4335 cameracensi.

334 4390 369 4454 Si
385 4389 546 4472 diiigenter
561 4389 726 4474 inspexeris
743 4389 838 4454 decus
855 4393 884 4453 et
901 4387 1041 4454 decorem
1057 4388 1182 4452 Romani
1206 4386 1334 4472 imperii,
1358 4384 1438 4469 quod

244 4500 275 4565 in
303 4500 434 4564 omnium
461 4499 630 4585 principum
659 4499 771 4571 oculis,
799 4500 881 4562 veiut
909 4499 939 4561 in
966 4499 1107 4583 speculo,
1142 4496 1251 4560 meruit
1285 4498 1439 4570 collocari,

244 4615 349 4695 utpote
365 4630 383 4673 a
400 4628 460 4692 quo
476 4607 534 4693 ipsi
549 4608 703 4695 principes
718 4608 907 4694 principatus
923 4607 1055 4690 insignia
1071 4606 1264 4679 contrahunt,
1287 4606 1382 4691 largis
1399 4607 1438 4672 ab

336 4719 371 4792 a)
385 4722 438 4770 tum
453 4717 567 4790 predicti
580 4718 663 4787 patris
678 4722 728 4771 etc.
743 4718 770 4770 Z.
783 4746 820 4756 -
833 4716 866 4787 b)
880 4715 1008 4787 obsequia
1022 4717 1049 4770 Z.
1327 4704 1332 4725 ¹
