3209 5392
1304 597 1381 670 355

189 764 428 849 reprehensibile
453 764 617 836 videretur,
641 767 666 829 si
694 767 739 829 sic
761 771 898 848 repente,
922 768 967 830 sic
988 768 1204 852 precipitanter
1225 752 1264 833 ad
1291 771 1383 835 colla-

189 874 308 944 cionem
334 875 502 957 aliquorum
530 874 737 947 districtuum,
770 876 808 938 ad
842 876 965 938 easdem
991 882 1089 939 terras
1106 878 1313 961 spectancium
1329 879 1382 966 a),

196 982 367 1047 huiusmodi
386 983 595 1048 declaracione
618 1004 671 1047 seu
694 983 882 1047 discussione
904 986 1054 1067 neglecta,
1078 985 1126 1070 cni
1153 985 1295 1051 videlicet
1316 988 1384 1070 qoi-

194 1091 362 1174 busquidve
380 1091 419 1177 b)
443 1091 480 1154 de
502 1092 567 1155 iure
585 1098 802 1176 competerent,
820 1112 873 1154 nos
891 1092 1079 1174 contingeret
1094 1093 1231 1176 prosilire
1250 1093 1289 1180 ¹).
1313 1094 1383 1159 ldeo

192 1205 294 1265 vestra
321 1200 408 1263 nobis
435 1205 575 1282 porrecta
601 1200 712 1283 peticio
740 1220 795 1283 pro
818 1200 899 1264 dicto
922 1201 959 1264 N.
986 1201 1024 1263 ad
1050 1221 1176 1283 presens
1200 1207 1247 1266 est
1274 1203 1384 1267 effectu

189 1310 344 1373 frustrata.
380 1308 468 1390 Quod
484 1310 588 1391 ntique
604 1313 734 1371 mentem
750 1309 865 1390 regiam
888 1308 1082 1390 displicencie
1105 1310 1211 1393 spiritu
1233 1324 1385 1395 nonper-

189 1416 309 1486 tnrbet,
331 1435 400 1479 cnm
423 1417 499 1487 sint,
523 1421 556 1479 nt
579 1417 690 1489 nostis,
714 1416 900 1499 agendorum
921 1436 1082 1499 processus
1106 1418 1277 1482 huiusmodi
1298 1420 1384 1503 equis

188 1524 356 1589 trutinandi
371 1524 492 1588 indiciis
510 1530 540 1588 et
555 1525 679 1588 maturis
697 1524 885 1588 examinandi
902 1525 1035 1589 consiliis
1053 1530 1084 1588 et
1100 1527 1225 1600 exactis,
1237 1548 1276 1591 ne
1288 1529 1385 1611 possit

196 1634 406 1698 mutabilitatis
430 1639 460 1697 et
481 1634 686 1698 inconstancie
714 1636 800 1716 argui
827 1635 1018 1718 presidencia
1040 1636 1224 1720 principalis.
1258 1638 1385 1702 Verum-

194 1749 296 1806 tamen
312 1744 349 1805 ad
366 1746 466 1805 vestre
483 1744 579 1824 glorie
594 1743 707 1825 tytulos
724 1743 904 1807 attollendos
920 1748 983 1805 tam
998 1744 1114 1807 fervide
1130 1745 1263 1826 gerimus
1279 1748 1386 1810 incon-

189 1871 278 1915 cusse
291 1850 473 1914 sinceritatis
489 1850 641 1923 affectum,
659 1851 786 1936 quode)
802 1851 924 1916 libuerit
936 1852 1023 1916 vobis
1036 1852 1078 1938 d)
1095 1852 1133 1915 ad
1148 1853 1185 1940 e)
1202 1873 1386 1937 recuperan-

195 1959 265 2022 dum
281 1959 329 2022 ius
345 1959 454 2042 prefati
472 1960 629 2023 camerarii
646 1960 739 2023 vestri
756 1965 927 2024 nostrarum
941 1961 979 2044 f)
995 1962 1127 2024 excitare
1148 1951 1256 2026 virium
1277 1967 1392 2044 potem·

190 2066 278 2138 uiam,
308 2066 393 2131 vobis
411 2068 455 2151 p)
484 2072 513 2131 et
541 2068 569 2130 ei
598 2087 689 2151 super
715 2068 773 2132 hoc
801 2067 832 2130 in
866 2068 1074 2131 benivolencie
1106 2069 1269 2150 singularis
1300 2069 1387 2132 uberi

195 2175 364 2248 affluencia,
387 2182 531 2258 quantum
548 2175 614 2239 sine
630 2176 704 2238 iuris
721 2195 880 2260 possumus
896 2178 1015 2248 iniuria,
1037 2177 1166 2240 libenter
1183 2184 1213 2242 et
1227 2177 1392 2242 liberaliter

191 2283 374 2348 intendimus
392 2284 534 2367 aspirare.

764 2509 799 2579 6.

494 2752 497 2755 ,
528 2688 725 2750 Romanarum
741 2687 804 2766 regl
821 2689 974 2771 provincie
990 2691 1046 2752 eto.

190 2839 256 2893 uine
278 2838 390 2893 Pronior
403 2837 537 2907 coeruleos
557 2837 616 2891 siclt
635 2839 692 2890 und
710 2837 768 2891 ibre
792 2840 883 2892 Slddte
901 2835 961 2890 und
981 2838 1139 2906 Festunyen,
1159 2834 1216 2890 ihre
1240 2835 1309 2888 Habe
1331 2835 1387 2886 und

449 2928 635 2996 Bcvdllrerunq
648 2927 707 2981 dem
721 2925 834 2982 Sebutzc
847 2928 894 2980 dcc
907 2925 1008 2995 Konipe
1020 2924 1129 2995 lludolf.

282 3075 458 3138 Benedictio
490 3078 521 3136 et
550 3066 682 3142 claritas,
712 3071 867 3156 sapiencia
896 3076 925 3132 et
953 3070 1125 3152 graciarum
1154 3068 1252 3139 actio,
1279 3070 1385 3143 honor,

189 3187 284 3249 virtus
309 3189 339 3246 et
361 3183 505 3245 fortitudo
529 3180 640 3245 viventi
664 3181 695 3242 in
717 3181 822 3242 secula
845 3180 1025 3248 seculorum,
1049 3178 1100 3260 qui
1116 3182 1260 3258 vergente
1282 3176 1385 3239 mundi

189 3314 317 3377 vespere
339 3292 371 3354 in
393 3290 501 3354 diebus
524 3289 635 3353 nostris
652 3289 777 3352 Romani
799 3286 1006 3350 monarchiam
1022 3285 1150 3368 imperii,
1167 3285 1226 3346 iam
1242 3286 1333 3347 veluti
1355 3286 1386 3347 in

190 3400 319 3486 pedibus
359 3398 501 3461 fictilibus
534 3397 731 3466 titubantem,
772 3416 863 3458 aureo
896 3393 996 3478 capite
1035 3392 1204 3462 decoravit,
1248 3413 1322 3474 rege
1346 3393 1385 3478 lu)

189 3510 331 3574 videlicet
344 3510 457 3571 bonore
475 3512 504 3568 et
521 3507 616 3587 gloria
633 3505 786 3575 decorato,
805 3524 893 3587 quem
910 3525 961 3565 rex
976 3487 1093 3584 degum,
1117 3501 1201 3564 dives
1223 3501 1254 3583 in
1271 3520 1385 3573 omnes,

263 3692 301 3757 a)
323 3689 361 3742 sic
381 3687 421 3740 bis
440 3678 621 3757 spectancium
644 3702 684 3738 am
702 3678 796 3738 Raude
813 3684 841 3737 ll.
861 3713 894 3722 ·-
916 3682 947 3750 d)
967 3683 1066 3752 quib'q‚
1086 3699 1118 3735 vc
1141 3681 1171 3734 v.
1194 3709 1229 3718 -
1250 3680 1282 3748 c)
1305 3681 1328 3733 si
1355 3698 1385 3732 nn

193 3787 331 3847 erganzen.
357 3807 387 3816 —
412 3777 446 3844 d)
466 3776 542 3829 nobis
564 3776 593 3828 Ζ.
618 3805 651 3813 -
675 3777 707 3842 e)
726 3774 759 3826 ad
779 3774 989 3843 recuperandum
1012 3770 1051 3823 bis
1069 3772 1226 3841 ,potenciam
1253 3772 1319 3824 lehlt
1344 3770 1385 3822 bei

192 3871 317 3923 Gerbert.
348 3898 376 3908 -
406 3866 439 3938 f)
476 3871 622 3919 vestrarum
657 3866 748 3918 Rodm.
785 3864 838 3916 und
869 3862 976 3916 Stobbe.
1008 3891 1038 3900 —
1072 3862 1107 3931 p)
1137 3865 1164 3914 et
1195 3861 1268 3914 robis
1293 3861 1319 3913 Z.
1355 3890 1381 3898 -

191 3961 226 4029 lu)
247 3959 320 4030 regio
334 3959 362 4011 Z.

193 4149 517 4162 .....—---———

224 4274 246 4334 ¹)
260 4276 358 4322 llierauf
368 4274 463 4319 bezieht
482 4272 533 4317 sicb
548 4271 613 4323 wohl
626 4271 715 4317 Olalar
728 4272 751 4314 in
766 4272 851 4323 elnem,
869 4270 929 4313 nach
942 4267 1057 4320 Dolliner,
1070 4267 1134 4312 llnde
1149 4267 1209 4311 12⁷5
1223 4267 1281 4311 oder
1294 4268 1387 4325 Anlung

263 4360 326 4411 1276
339 4364 525 4424 geschriebenen
539 4362 631 4407 Briefc:
653 4361 710 4406 llam
730 4364 781 4406 culn
799 4361 873 4405 sciret
892 4356 957 4416 (scil.
974 4370 1053 4403 eomes
1067 4354 1215 4413 lucebimus)
1231 4358 1293 4413 quod
1308 4371 1387 4403 eomes

264 4456 413 4512 Rudolphus‚
437 4454 476 4511 qni
495 4454 585 4498 electus
604 4466 657 4497 csse
676 4452 700 4497 in
722 4464 803 4510 regern
826 4450 912 4495 dicitnr
931 4450 1088 4493 Romanorum
1185 4447 1265 4493 nostre
1280 4446 1387 4492 inimicus

263 4550 327 4593 esset
344 4545 526 4605 magnificencie
544 4544 661 4601 capitalis,
680 4543 797 4588 dominum
817 4543 842 4586 Α.
863 4541 978 4586 iuniorem
998 4553 1079 4598 regem
1093 4540 1202 4599 ungarie,
1221 4552 1289 4596 quem
1303 4539 1387 4596 prodi-

263 4640 326 4685 torie
348 4638 512 4695 subripuerat,
535 4637 629 4681 volebat
653 4636 725 4692 ipsius
748 4637 775 4680 R.
800 4633 894 4679 comitis
916 4630 965 4676 fllie
988 4630 1167 4676 matrimonialis
1191 4631 1279 4675 vinculi
1303 4630 1386 4676 federe

268 4731 393 4787 copulare,
417 4731 500 4785 petens
523 4741 589 4773 nnnm
609 4730 713 4772 nostram
731 4727 878 4785 provinciam
898 4724 925 4769 ab
945 4724 1028 4768 eodem
1047 4722 1133 4767 comite
1151 4724 1177 4766 R.
1200 4722 1244 4766 sibi
1268 4721 1318 4766 dari
1341 4722 1387 4765 ete.

266 4812 372 4866 Dolliner
384 4834 407 4877 p.
421 4822 459 4864 37.
984 4806 989 4811 ’

1115 4894 1170 4947 23l
