3209 5392
1280 533 1328 604 73

154 707 313 790 comparuit
334 706 366 770 in
386 704 465 770 facie
487 703 616 768 ecclesie
637 704 669 769 in
684 705 840 789 sollempni
854 705 1028 788 penitentia.
1056 707 1089 770 ln
1101 706 1159 769 hiis
1173 707 1330 794 omnihus,

152 817 218 880 lieet
243 834 302 878 non
328 813 368 879 sit
388 819 563 896 peccatum,
589 817 690 877 tamen
712 820 781 877 suut
797 813 836 900 a)
857 813 1055 896 irregulares,
1078 819 1108 877 et
1130 834 1189 877 non
1204 819 1332 896 possunt

151 925 313 1007 promoveri
329 923 368 986 ad
386 942 490 986 sacros
507 922 638 985 ordines.
655 921 785 986 infames
799 923 889 986 etiam
901 928 970 985 suot
981 922 1175 1004 irregulares,
1188 928 1221 985 ut
1236 923 1330 995 fures,

150 1031 295 1113 sacrilegi,
302 1029 707 1114 sepultorumlJviolatores,
716 1030 855 1103 adulteri,
862 1030 973 1113 periuri
981 1030 1135 1112 sollempni
1141 1030 1271 1113 periurio
1280 1031 1330 1117 ο),

149 1160 340 1222 percussores
348 1144 465 1221 patrum
478 1144 508 1202 et
520 1144 658 1211 matrum,
670 1138 831 1212 homicide,
843 1146 992 1222 raptores,
1005 1139 1179 1211 incestuosi,
1191 1138 1330 1210 malefici,

148 1248 279 1320 venefici,
297 1247 443 1320 heretici,
460 1247 635 1332 symoniaci,
659 1247 690 1311 in
705 1247 763 1311 lide
781 1268 900 1333 quoque
916 1248 1061 1331 suspecti,
1078 1253 1214 1331 apostate
1229 1268 1247 1311 a
1269 1247 1329 1311 tide

147 1359 189 1421 vel
203 1358 241 1421 ah
257 1357 358 1442 aliquo
375 1356 488 1420 ordine.
520 1357 573 1422 lsti
589 1376 692 1421 omnes
708 1356 836 1422 infames
853 1363 922 1420 sunt
938 1363 969 1420 et
983 1358 1050 1439 ipsa
1064 1358 1187 1425 infamia
1200 1356 1330 1420 excludit

147 1486 194 1529 eos
210 1485 227 1528 a
242 1465 399 1546 legittimis
418 1465 536 1528 actihus
559 1470 590 1528 et
611 1465 649 1528 ah
672 1465 826 1529 ordinibus
848 1466 969 1537 sacris„
987 1467 1049 1530 Sed
1071 1466 1231 1531 notandum
1250 1464 1329 1550 quod

148 1575 222 1638 aliud
239 1579 288 1638 est
306 1572 437 1645 infamia,
454 1572 534 1636 aliud
549 1572 717 1636 infamacio.
791 1623 792 1626 ,

231 1684 321 1762 Quid
335 1683 377 1747 eit
392 1679 575 1766 infamatio,
598 1680 759 1744 infamatio
772 1687 821 1744 est
837 1688 867 1745 et
882 1687 1016 1754 vocatur,
1034 1682 1151 1765 quando
1167 1682 1273 1766 aliquis
1290 1682 1328 1744 de

144 1792 234 1876 aliquo
255 1791 462 1874 predictorum
484 1790 640 1852 criminum
660 1788 820 1855 infamatur
840 1790 887 1854 vel
910 1790 1009 1872 potius
1031 1791 1199 1872 inculpatur
1225 1796 1256 1854 et
1282 1795 1330 1860 est

143 1901 170 1964 in
185 1921 235 1964 ore
252 1899 384 1964 omnium
396 1898 591 1971 hominumct
602 1900 702 1960 tamen
718 1918 808 1980 super
822 1919 889 1961 eum
901 1897 992 1962 nichil
1009 1903 1055 1961 est
1070 1898 1227 1980 prohatum
1238 1898 1329 1980 legit-

142 2009 208 2073 tima
219 2008 414 2093 prohacione.
431 2007 471 2070 Et
485 2006 590 2090 hoed)
607 2005 743 2072 Christus
761 2013 791 2070 et
798 2007 892 2070 Maria
907 2007 992 2090 virgo
1010 2014 1040 2071 et
1056 2007 1182 2089 apostoli
1199 2012 1230 2070 et
1244 2007 1328 2071 multi

143 2118 186 2182 alii
198 2116 342 2201 inculpati
355 2121 424 2179 sunt
437 2121 467 2179 et
478 2110 621 2180 infamati.
646 2117 686 2179 ho
697 2115 765 2179 talis
778 2115 931 2179 infamatio
944 2136 1003 2178 non
1015 2116 1109 2179 solum
1121 2117 1210 2179 nichil
1229 2115 1328 2189 obest,

39 2248 46 2267 ’
142 2228 295 2292 sedetiam
310 2225 432 2290 multum
448 2223 684 2306 prodest'iustis,
702 2223 771 2307 quia
786 2229 878 2306 auget
894 2223 938 2285 eis
954 2223 1091 2286 meritum
1106 2223 1247 2306 ipsorum.

179 2331 182 2335 ’
228 2336 318 2414 Quia
342 2335 384 2400 eit
410 2333 555 2418 infamio.
597 2333 721 2398 Infamia
747 2352 819 2396 vero
852 2337 899 2395 est
930 2332 1048 2417 quando
1079 2332 1185 2415 aliquis
1207 2331 1328 2417 aliquod

142 2444 342 2526 predictorum
365 2441 520 2506 criminum
547 2441 621 2504 fecit
648 2447 679 2505 et
706 2442 764 2505 hoo
786 2441 817 2505 in
838 2433 985 2506 notorium
1014 2438 1141 2504 transiit.
1173 2438 1330 2505 Notorium

143 2560 234 2617 autem
246 2558 299 2618 est
312 2551 430 2634 triplex,
446 2549 587 2613 videlicet
598 2570 653 2632 per
666 2550 855 2633 sententiam,
867 2570 922 2632 per
938 2549 1157 2613 confessionem
1172 2550 1203 2613 in
1218 2550 1330 2615 iudicio

142 2667 283 2727 extortam
301 2660 348 2746 e),
371 2664 401 2722 et
416 2679 472 2742 per
487 2658 532 2722 rei
548 2658 736 2722 evidentiam.
770 2659 891 2722 Crimen
906 2658 1054 2722 notorium
1077 2658 1110 2722 tit
1131 2678 1186 2740 per
1207 2664 1331 2722 senten·

142 2770 216 2843 tiam,
240 2769 362 2854 quando
378 2768 486 2853 aliquis
502 2768 533 2830 in
555 2767 665 2830 iudicio
682 2773 844 2831 accusatus
860 2788 930 2831 reus
947 2788 1015 2830 esse
1032 2767 1219 2831 convincitur
1239 2766 1330 2849 legit·

141 2878 214 2942 timis
238 2877 427 2944 documentis
456 2884 487 2941 et
513 2878 661 2941 sententia
688 2884 794 2940 contra
822 2898 889 2942 euro
911 2878 1077 2959 profertur,
1104 2876 1173 2940 talis
1195 2877 1330 2958 iamper

141 2987 323 3050 sentenciam
353 2987 499 3050 notoriam
526 2985 704 3050 criminosus
732 2990 763 3048 et
790 2986 908 3048 infamis
936 2985 1073 3049 hahetur.
1109 2985 1248 3050 Secundo
1275 3005 1331 3067 per

141 3096 359 3159 confessionem
373 3094 406 3158 fit
422 3094 535 3158 crimen
550 3095 708 3166 notorium,
726 3095 844 3179 quando
857 3095 963 3177 aliquis
976 3094 1006 3156 in
1018 3094 1128 3157 iudicio
1145 3094 1189 3156 sic
1205 3100 1330 3175 urgetur

143 3206 217 3288 quod
240 3205 356 3270 crimen
379 3203 554 3276 confitetur;
579 3204 646 3268 talis
669 3204 769 3267 statim
790 3224 845 3286 per
867 3184 1087 3268 confessionem
1115 3202 1233 3267 infamis
1262 3223 1330 3266 esse

143 3314 254 3378 dicitur.
274 3313 383 3376 Teroio
399 3333 454 3395 per
469 3313 514 3375 rei
531 3313 716 3404 euidenciam
732 3313 764 3377 fit
781 3313 895 3377 crimen
910 3314 1069 3385 notorium,
1085 3312 1165 3375 sicut
1180 3313 1206 3374 si
1222 3312 1328 3396 aliquis

143 3423 245 3487 fuisset
260 3424 331 3486 leno
347 3422 393 3484 vel
410 3421 523 3504 hystrio
540 3423 593 3485 XX
609 3422 694 3484 annis
717 3428 748 3485 et
769 3421 827 3484 hoc
843 3422 991 3486 notorium
1014 3428 1096 3486 esset
1112 3421 1238 3504 populo,
1260 3422 1329 3484 talis

144 3539 219 3597 esset
234 3532 367 3602 infamis,
383 3551 439 3594 neo
455 3551 509 3613 per
522 3531 702 3595 sententiam
717 3551 773 3593 nec
789 3550 844 3612 per
860 3532 1078 3595 confessionem
1100 3531 1251 3614 propriam
1274 3530 1328 3593 sed

143 3661 192 3723 per
217 3642 263 3706 rei
293 3639 482 3711 evidentiam,
509 3639 579 3723 quia
605 3640 719 3703 crimen
745 3659 831 3702 suum
853 3645 1006 3703 constaret
1028 3641 1126 3703 multis
1147 3659 1202 3722 per
1223 3638 1268 3701 rei
1291 3636 1327 3723 f)

145 3750 328 3814 evidentiam.
355 3749 400 3812 lta
416 3768 499 3830 ergo,
516 3753 549 3811 ut
564 3748 732 3830 predictum
749 3753 806 3818 est,
823 3747 929 3832 aliquis
945 3753 1046 3830 potest
1067 3769 1136 3811 esse
1158 3748 1327 3818 infamatus,

145 3858 191 3941 qui
218 3865 394 3923 tamennon
417 3863 464 3956 est
482 3855 611 3929 infamis,
634 3856 713 3919 sicut
729 3857 866 3921 Christus
889 3863 920 3920 et
934 3858 1018 3920 multi
1034 3858 1141 3931 sancti,
1163 3857 1242 3920 sicut
1256 3877 1328 3939 pre-

146 3966 253 4033 dictum
269 3973 326 4030 est.

551 4072 624 4126 Quid
637 4073 676 4117 sit
688 4074 871 4130 prescriptio
883 4077 922 4129 p).

671 4186 797 4233 Distinctio
814 4189 841 4232 X.

228 4306 301 4369 ltem
329 4305 398 4391 quia
425 4325 532 4368 nomen
559 4305 791 4405 prescripcionis
819 4305 849 4367 in
870 4305 965 4369 literis
988 4305 1145 4389 aliquando
1168 4304 1327 4376 invenitur,

147 4416 241 4476 notate
254 4414 325 4498 quid
338 4414 377 4478 sit
388 4414 576 4497 prescriptio.
594 4413 774 4496 Proscriptio
788 4421 835 4477 est
847 4416 893 4476 ius
906 4414 1054 4498 quoddam
1064 4411 1115 4496 h),
1132 4412 1328 4498 quodacoipit
1379 4460 1381 4467 .

148 4519 233 4586 rohur
263 4529 293 4586 et
321 4522 488 4587 firmitatem
511 4544 547 4587 ex
568 4523 752 4604 longitudine
785 4526 928 4605 temporis
950 4529 980 4586 et
1002 4523 1078 4586 solet
1098 4522 1163 4586 fieri
1183 4522 1215 4585 in
1234 4521 1326 4585 rehus

220 4650 253 4717 a)
267 4650 335 4704 fiunt
346 4651 374 4704 Z.
387 4679 423 4690 -
436 4650 468 4720 d)
488 4650 671 4720 sepulcrorum
691 4651 718 4703 Z.
730 4679 764 4689 —
775 4650 808 4720 o)
830 4636 948 4720 periurio
972 4650 1039 4705 fehlt
1052 4651 1080 4703 V.
1094 4680 1127 4688 -
1138 4650 1173 4720 d)
1193 4648 1271 4701 modo
1293 4664 1327 4699 au

148 4741 277 4807 erphonem
298 4769 332 4781 —
351 4741 383 4810 e)
398 4744 515 4796 exortam
528 4742 554 4795 Z.
567 4769 600 4782 -·
618 4739 650 4811 f)
670 4741 736 4795 faeti
749 4741 777 4794 Z.
798 4770 834 4781 -
844 4740 879 4814 p)
900 4740 958 4796 uisa
971 4741 1015 4795 lll.
1036 4771 1068 4780 -
1088 4739 1124 4805 h)
1146 4738 1272 4812 quodtam
1299 4738 1324 4796 V.
