3209 5392
1342 524 1390 598 lc

272 699 433 777 Quomodo
457 699 618 786 simplices
640 705 746 766 nutem
767 701 914 789 episcopi
940 702 1003 765 suis
1030 698 1224 764 inferioribus
1247 699 1384 764 clericis:

176 806 323 889 Episcopi
340 807 493 889 simplices
510 807 646 872 scribunt
662 809 802 873 humilius
815 810 978 893 unicuique
990 808 1107 872 illorum
1121 808 1288 873 secundum
1301 827 1385 871 suam

178 916 356 997 dignitatem
378 921 408 978 et
430 914 577 989 officium,
600 917 786 999 applicantes
808 919 930 1000 propria
952 923 983 982 et
1004 918 1213 982 convenientia
1234 916 1490 980 adiectivarosoa

183 1023 408 1088 conditionibus
424 1025 620 1107 singulorum.

278 1135 439 1214 Quomodo
455 1136 622 1222 simplices
644 1158 720 1202 vcro
746 1139 876 1204 abbates
898 1136 1222 1225 reprobationis.
1254 1134 1387 1199 abbates

180 1242 335 1325 simplices
358 1249 388 1307 et
410 1244 567 1326 prepositi,
591 1245 756 1327 simplicem
780 1246 902 1311 modum
925 1244 1078 1310 scribendi
1106 1246 1238 1309 habeant
1264 1245 1296 1307 in
1324 1244 1387 1307 suis

180 1352 387 1425 inferioribus,
404 1371 457 1414 eos
472 1352 503 1415 in
520 1352 699 1416 salutatione
715 1354 925 1438 postponendo
944 1360 974 1419 et
990 1354 1167 1438 appellando
1191 1374 1243 1418 eos
1260 1352 1387 1418 dilectos

179 1463 211 1526 in
227 1461 349 1526 Christo
366 1459 442 1524 lilios
456 1463 583 1525 salutem
600 1468 630 1526 et
646 1463 796 1526 sinceram
811 1465 843 1527 in
859 1463 979 1527 domiuo
995 1461 1163 1528 karitatem.
1202 1549 1204 1553 Ι

272 1571 449 1656 Inferiores
470 1571 505 1636 in
527 1573 630 1647 clero,
653 1577 686 1635 ut
707 1570 835 1636 abbates
858 1573 1011 1656 simplices
1038 1579 1069 1637 et
1089 1573 1236 1656 prepositi
1258 1578 1289 1637 et
1309 1573 1388 1635 infra

182 1680 322 1744 scribom
346 1681 409 1744 suis
436 1679 642 1762 superioribus
670 1681 807 1745 vocando
835 1701 906 1755 eos,
936 1683 1055 1747 scilicet
1084 1684 1213 1746 maimes
1234 1682 1266 1745 in
1288 1681 1386 1744 clero:

181 1790 367 1854 reverendos
381 1790 413 1851 iu
429 1788 549 1852 Christo
565 1794 668 1872 patres
686 1796 716 1854 et
733 1791 869 1855 dominos
892 1791 1094 1856 obedientiam
1118 1793 1150 1855 in
1171 1789 1309 1855 omnibus
1325 1795 1388 1852 tam

182 1898 327 1963 humilem
357 1916 447 1982 mam
478 1898 669 1981 condignam.
718 1900 771 1964 Sic
802 1902 969 1966 monachus
1006 1901 1120 1974 abbati,
1151 1900 1300 1983 regularis
1332 1918 1386 1963 suo

182 2007 340 2089 preposito
357 2012 388 2070 et
403 2008 448 2070 sic
466 2008 503 2070 de
520 2007 595 2071 aliis.

278 2117 440 2196 Quomodo
462 2117 623 2203 simplices
648 2119 795 2207 relipiooi
821 2121 966 2185 scribom
990 2122 1054 2186 sibi
1078 2129 1201 2187 mutuo:
1227 2116 1387 2200 Simplices

180 2225 316 2306 religiosi
332 2232 365 2289 ut
381 2225 476 2289 abbas
492 2225 612 2300 abbati,
628 2229 802 2310 prepositus
825 2229 979 2311 preposito
997 2228 1134 2293 scribunt
1150 2229 1207 2292 sibi
1223 2232 1337 2298 mutuo,
1355 2230 1387 2289 ut

183 2353 276 2416 supra
307 2334 421 2398 dictum
453 2341 516 2408 est3
558 2335 721 2401 abbatissis
753 2342 786 2401 ut
817 2336 976 2401 abbatibus
1008 2337 1211 2402 scribunt-
1232 2334 1387 2425 abbatissa

181 2442 296 2517 abbati,
313 2450 346 2509 ut
367 2444 462 2508 abbas
479 2444 581 2509 abbati
609 2446 726 2518 scribit,
752 2450 867 2510 mumta
889 2452 1005 2511 tantum
1027 2469 1116 2512 sexus
1134 2446 1325 2511 discretione.
1342 2479 1387 2492 -

181 2552 345 2617 abbatissa
361 2554 424 2617 suis
441 2555 618 2619 monialibus
635 2562 666 2620 et
681 2555 825 2619 moniales
842 2554 1008 2629 abbatisse,
1024 2563 1057 2621 ut
1081 2557 1176 2620 abbas
1192 2553 1340 2619 monacho
1357 2559 1388 2618 et

184 2662 351 2726 monachus
368 2662 482 2736 abbati,
499 2664 632 2728 discreto
648 2670 765 2729 tantum
782 2685 855 2728 sexu
871 2665 1041 2748 utrobique.

272 2774 451 2840 dloaocbua
460 2775 635 2841 monocbo:
648 2774 812 2837 Karissimo
824 2776 855 2837 in
867 2775 987 2839 Christo
1004 2777 1100 2847 fratri,
1116 2776 1179 2839 viro
1192 2776 1332 2858 religioso
1349 2793 1386 2838 ac

180 2881 321 2961 professo
336 2882 368 2944 in
383 2882 435 2946 tali
451 2882 634 2948 monasterio
651 2885 746 2947 frater
760 2883 795 2947 H.
814 2891 960 2966 peccator
976 2892 1006 2949 et
1021 2885 1133 2949 inutilis
1149 2883 1326 2956 monachus,
1338 2884 1385 2946 vel

180 2995 277 3056 irater
291 2992 359 3055 talis
372 2993 569 3075 professionis
586 3014 640 3057 seu
657 2993 781 3064 ordinis,
797 2994 844 3056 vel
861 2976 998 3076 ejusdem
1013 2994 1210 3076 professionis
1227 2998 1257 3057 et
1273 2992 1386 3056 ordinis

181 3102 334 3166 orationes
361 3103 392 3165 iu
421 3102 539 3166 domino
569 3108 600 3166 et
633 3103 671 3166 de
697 3103 772 3166 valle
805 3104 996 3168 lacrimarum
1028 3103 1157 3166 transire
1191 3103 1228 3165 ad
1261 3102 1385 3167 delicias

183 3212 361 3292 gratiarnm,
383 3212 446 3274 vel:
477 3217 546 3293 post
568 3212 727 3275 decursum
751 3212 811 3276 vite
826 3212 915 3276 huius
933 3231 1002 3275 cum
1018 3212 1133 3294 angelis
1149 3212 1281 3294 gloriari.

271 3321 422 3388 Marcialio
435 3321 584 3386 moniali:
600 3321 633 3384 ln
645 3320 765 3384 Christo
778 3322 875 3383 sorori
886 3320 1079 3404 praemando,
1097 3319 1205 3384 dilecte
1221 3322 1385 3384 sanctimo-

180 3428 250 3492 niali
266 3430 334 3493 talis
350 3430 409 3493 loci
432 3434 462 3494 et
482 3430 551 3493 talis
574 3429 687 3492 ordinis
704 3450 791 3492 soror
806 3430 853 3502 n,
870 3431 932 3493 solo
950 3431 1069 3494 nornine
1085 3431 1233 3502 monialis,
1250 3431 1384 3494 eiusdem

179 3539 226 3602 vel
244 3539 368 3603 alterius
384 3539 582 3621 professionis
599 3544 630 3601 et
646 3538 759 3601 ordinis
774 3558 846 3603 cum
863 3540 980 3603 devotis
996 3540 1181 3604 orationibus
1204 3540 1384 3622 virginitatis

176 3647 283 3711 florem
297 3648 522 3712 immaculatum
538 3647 656 3711 domino
673 3648 844 3720 custodire,
861 3650 908 3711 vel
921 3650 965 3712 sic
988 3651 1013 3713 si
1030 3670 1090 3712 non
1104 3651 1207 3732 virgo:
1231 3649 1383 3713 orationes

177 3756 208 3819 in
230 3757 349 3820 domino
373 3762 404 3821 ct
423 3758 455 3820 in
477 3757 526 3821 dic
542 3757 644 3820 iudicii
672 3758 712 3820 ad
736 3757 890 3821 dexteram
918 3759 1037 3823 domino
1054 3759 1212 3831 collocari,
1240 3758 1287 3821 vel
1315 3777 1385 3821 cum

179 3884 291 3948 sponso
307 3866 428 3948 ingredi
444 3841 484 3929 ad
499 3867 620 3948 nuptias
637 3866 732 3948 glorie
749 3868 942 3949 sempiterne.

263 3974 1383 4059 Quomodomonioliomonocboeteconversoboccolligeexparagrapbis

175 4085 410 4169 precedentibus
421 4085 552 4171 duobus,
564 4084 616 4150 ubi
624 4087 760 4158 docetur,
768 4087 918 4169 quomodo
930 4088 1096 4151 monachus
1109 4087 1224 4151 scribat
1235 4083 1382 4149 monacho

178 4195 691 4266 etmonialismoniali‚masculinnm
699 4196 1051 4280 etlemininumcongrue
1059 4194 1279 4280 coniungendo.

264 4305 356 4378 Nota,
373 4303 453 4390 quod
469 4305 610 4388 religiose
622 4326 752 4390 persone
763 4304 822 4368 hiis
836 4310 964 4387 possunt
979 4306 1137 4370 adiectivis
1154 4305 1382 4371 circumscribi:

175 4435 303 4500 persone
312 4415 454 4498 religiose
465 4417 528 4488 tali,
541 4416 724 4499 septil'ormis
737 4415 885 4498 sapientie
897 4415 996 4497 gratia
1008 4417 1165 4491 illustrate,
1178 4418 1225 4482 vel
1237 4417 1382 4499 religione

176 4527 341 4609 composite
358 4528 405 4591 vel
420 4534 504 4591 recto
522 4529 645 4611 speculo
663 4525 950 4589 redimita-Nota
962 4527 1063 4600 etiam,
1080 4529 1161 4611 quod
1177 4530 1223 4593 sic
1240 4526 1384 4592 scribitur

175 4636 343 4702 volentibus
360 4634 592 4720 ad'religionem
609 4636 784 4709 convolare,
807 4637 903 4720 primo
926 4637 1023 4720 posito
1046 4637 1140 4719 tytulo
1164 4644 1195 4702 ct
1210 4638 1381 4703 conditione

268 4769 305 4839 a)
317 4768 433 4842 prolatis
443 4769 473 4830 v,
487 4770 536 4825 das
549 4787 564 4826 a
575 4769 612 4824 ist
627 4768 746 4826 olicnbar
760 4783 821 4824 vom
832 4767 977 4840 folgenden
988 4767 1082 4822 Warto
1094 4780 1260 4837 ganommea.
