3209 5392
783 796 845 869 25.

626 971 769 1040 §abdam
785 974 907 1037 daniae
924 992 989 1037 eu.

211 1130 516 1191 Jemcndbieietcinem
534 1129 619 1187 biber
642 1129 805 1198 Stebenden,
829 1130 887 1186 dem
911 1147 941 1184 er
963 1127 1025 1185 oieb
1044 1127 1212 1202 oerpliicbtet
1229 1125 1313 1199 sibit,
1335 1129 1411 1186 aeine

726 1220 890 1276 manicon.

300 1377 453 1442 Hactenus
470 1396 503 1439 se
519 1374 599 1459 grati
620 1374 765 1458 temporis
782 1374 918 1457 aptitudo
940 1393 1000 1438 non
1023 1372 1131 1438 obtulit
1152 1393 1219 1437 mee
1236 1373 1411 1438 devocionis

212 1487 357 1571 obsequia
373 1491 473 1549 vestro
489 1484 679 1567 beneplacito
698 1483 905 1566 presentandi,
927 1482 1124 1566 negociorum
1141 1503 1175 1546 se
1192 1488 1223 1547 et
1243 1489 1411 1566 temporum

212 1596 414 1679 congruencia
437 1593 641 1657 subtrahente.
673 1594 801 1676 Propter
824 1593 903 1675 quod
932 1592 963 1656 in
985 1611 1033 1655 me
1054 1592 1120 1674 ipso
1149 1592 1279 1675 quodam
1301 1592 1411 1655 rubore

213 1704 426 1775 confunderer,
443 1722 500 1767 nec
512 1702 690 1766 auderemus
703 1722 721 1765 a
733 1700 820 1766 vobis
834 1701 959 1784 grandia
971 1701 1134 1783 postolare,
1148 1701 1206 1763 nisi
1219 1700 1412 1764 consciencie

212 1812 420 1898 persuaderet
452 1810 628 1894 integritas,
661 1810 741 1894 quod
774 1810 946 1892 neglectum
978 1815 1026 1873 est
1056 1810 1204 1873 haetenus
1237 1809 1412 1873 meritorum

214 1919 404 1985 exhibicione
433 1920 582 1983 redimere
612 1924 643 1982 et
667 1918 882 2002 obsequiorum
903 1917 1090 1981 redibicione
1113 1918 1244 2001 gratuita
1261 1917 1411 1982 redibere.

216 2029 316 2113 Quare
353 2036 485 2093 vestram
521 2033 635 2091 attente
673 2028 821 2110 deprecor
858 2028 1066 2100 honestatem,
1111 2034 1258 2110 maternus
1294 2027 1412 2109 plenam

215 2139 323 2203 amodo
352 2138 390 2201 de
417 2157 465 2200 me
493 2134 632 2200 fiduciam
656 2134 846 2206 obtinentes,
873 2135 904 2198 in
926 2134 1036 2198 vestris
1054 2139 1084 2198 et
1099 2139 1268 2199 vestrorum
1285 2135 1412 2216 agendis

215 2265 315 2311 meum
331 2245 530 2328 negociosum
555 2242 687 2307 officium
709 2249 811 2308 vestro
833 2242 1027 2325 beneplacito
1048 2240 1228 2306 fiducialiter
1243 2243 1411 2327 applicetis.

214 2358 354 2420 Paratum
371 2373 490 2435 semper
505 2352 666 2417 invenietis
688 2359 720 2418 et
741 2353 879 2417 sedulum
902 2353 941 2415 ad
964 2370 1143 2435 quecunque
1158 2351 1288 2416 fideliter
1302 2371 1414 2435 procu·

214 2463 321 2538 randa,
338 2483 397 2546 que
416 2462 524 2525 vestris
541 2468 628 2544 grata
646 2466 715 2524 sunt
731 2461 837 2525 usibus
855 2468 885 2525 et
902 2458 1060 2524 affectibus
1076 2459 1278 2525 blandiantur.

789 2707 851 2776 26.

662 2884 777 2946 Amicus
793 2883 889 2946 amico
907 2903 970 2947 sno.

217 3041 268 3098 Eia
280 3043 389 3097 meone
400 3041 497 3095 dedalei
509 3042 568 3096 dem
581 3044 685 3097 andem
698 3040 743 3096 die
756 3040 887 3113 Hoffnunp
900 3042 974 3097 cinca
986 3042 1124 3112 inciperes
1136 3039 1415 3114 freondecboftlicben

719 3131 851 3187 Verbebro
864 3149 922 3187 auo.

311 3277 435 3340 Gothori,
448 3247 475 3339 h,
489 3275 532 3330 18.

307 3421 367 3484 Tot
393 3427 425 3484 et
450 3426 534 3484 tenta
562 3421 600 3483 de
627 3421 768 3484 virtuosis
795 3423 906 3485 vestris
935 3421 1052 3485 actibus
1078 3422 1158 3503 apud
1187 3442 1241 3485 nos
1264 3442 1418 3486 rumorum

218 3529 370 3595 invaluere
386 3529 541 3614 preconia,
563 3536 608 3594 tot
630 3536 661 3593 et
682 3530 773 3595 tantis
791 3532 868 3595 alma
890 3539 986 3595 mater
1009 3532 1139 3594 ecclesia
1156 3536 1258 3594 vestre
1273 3531 1417 3614 predica·

218 3638 288 3703 bilis
304 3639 395 3711 fame,
412 3640 505 3701 vestri
523 3640 619 3702 eciam
642 3639 802 3703 ministerii
827 3640 989 3704 decoratur
1011 3640 1150 3723 insigniis
1174 3646 1206 3704 et
1228 3640 1418 3704 auctoritatis

219 3748 326 3812 eximie
352 3746 455 3829 tytulis
483 3746 662 3817 adornatur,
692 3748 773 3830 quod
790 3748 832 3835 a]
847 3749 1006 3831 plurimum
1029 3769 1083 3811 nos
1108 3749 1240 3813 delectat
1261 3749 1418 3813 familiari-

218 3857 289 3921 tatis
306 3853 345 3940 b)
362 3854 477 3917 alterne
505 3854 662 3918 vobiscum
692 3856 769 3919 ihire
796 3857 910 3921 solacia
938 3863 969 3920 et
996 3857 1107 3921 aliectu
1129 3862 1232 3921 mutuo
1256 3860 1418 3922 conformis

219 3963 386 4029 dulcedinis
403 3962 529 4026 couniri.
562 3963 651 4027 Licet
673 3963 767 4046 igitur
791 3965 939 4029 hactenus
962 3965 1049 4029 nobis
1073 3966 1207 4029 locorum
1229 3965 1418 4031 inhabilitate

220 4071 401 4138 distantibus
428 4090 497 4152 rara
519 4076 619 4135 vestre
644 4071 838 4137 salutacionis
867 4073 995 4155 epistola
1023 4080 1126 4138 nostre
1148 4073 1257 4137 mentis
1274 4074 1418 4139 interiora

220 4179 420 4264 suggesserit,
437 4179 509 4244 licet
524 4200 584 4243 non
601 4180 708 4244 crebra
724 4181 878 4245 literarum
894 4187 1062 4245 vestrarum
1074 4183 1260 4246 allocucione
1273 4183 1418 4247 fuerimus

220 4289 362 4363 recreati,
379 4289 445 4373 spei
461 4293 562 4353 tamen
579 4294 727 4373 concepte
751 4290 788 4353 de
811 4295 912 4355 vestra
934 4290 1141 4355 benivolencia
1161 4292 1274 4356 rivulus
1295 4311 1419 4356 manare

220 4420 281 4465 non
297 4398 425 4471 desinit,
448 4398 503 4462 sed
519 4405 681 4483 augmento
698 4401 839 4464 continuo
861 4400 1050 4466 fecundatur.
1083 4400 1147 4465 Nos
1164 4401 1244 4465 enim
1261 4401 1417 4485 deinceps,

222 4509 425 4594 oportunitate
442 4513 574 4591 captata,
590 4529 650 4574 non
667 4510 763 4574 solum
778 4510 875 4576 literis
891 4529 945 4576 vos
961 4510 1084 4576 visitare
1102 4510 1299 4595 disponimus,
1315 4529 1420 4576 verum

314 4706 348 4778 a)
364 4721 416 4779 quo
430 4707 460 4763 V.
474 4735 509 4749 —
522 4706 555 4777 b)
568 4707 776 4766 familiaritatem
789 4711 817 4766 Z.
