3209 5392
700 815 763 888 23.
776 815 779 821 ’

456 994 532 1077 lupe
551 992 653 1058 scrltlt
668 990 878 1074 dystcrclensls
896 993 978 1057 erdo.

125 1155 183 1209 Der
201 1150 476 1209 Oietereiecserorden
500 1151 572 1206 da'ttet
596 1151 646 1207 den
670 1152 767 1223 Pcpet,
792 1168 836 1204 um
857 1151 1101 1225 concursatum
1123 1155 1179 1209 und
1202 1154 1315 1209 derecta

127 1242 264 1299 desolvant
274 1263 307 1300 zu
319 1243 387 1309 cmlv,
400 1244 465 1299 dces
477 1241 507 1298 in
519 1241 715 1316 zweifelhaftea
727 1243 827 1306 Balteo,
839 1260 915 1298 uena
932 1243 1016 1298 etitem
1030 1245 1315 1302 Cisterciensermoaclv

125 1336 195 1390 oder
217 1336 323 1390 Klooter
342 1343 425 1390 etuas
444 1333 599 1407 oherlcupt
618 1334 703 1398 wird,
725 1332 771 1388 dte
789 1333 932 1406 mactatae
950 1334 1145 1409 Emeedeidunp
1162 1336 1246 1392 duret
1265 1339 1317 1391 den

220 1425 270 1484 ΑΜ
287 1426 344 1481 aad
361 1423 438 1479 doen
455 1422 681 1497 dimapezopenen
698 1422 796 1480 Monet
813 1423 1013 1498 dadcipefudrt
1029 1427 1135 1483 werden
1153 1431 1226 1485 sede.

222 1588 341 1653 Crescit
357 1588 418 1653 diei
433 1588 550 1652 malicia
573 1609 628 1651 sua
649 1594 680 1651 et
695 1588 829 1671 pericula
845 1590 989 1672 temporis
1005 1590 1207 1663 invalescunt,
1229 1592 1270 1655 ita
1287 1597 1319 1655 ut

131 1717 211 1783 quos
227 1697 356 1781 predixit
372 1697 523 1780 apostolus
541 1696 605 1760 dies
621 1696 775 1761 videamus
792 1697 905 1760 instare
922 1700 1117 1772 novissimos,
1146 1701 1176 1764 in
1199 1700 1318 1785 quibus,

132 1806 328 1873 habundante
344 1806 513 1891 iniquitate,
529 1807 687 1870 multorum
698 1804 810 1870 karitas
823 1806 1004 1889 refrigescit.
1024 1808 1205 1891 Speeialiter
1220 1817 1319 1872 autem

130 1916 279 1980 adversus
307 1914 478 1979 sanctitatis
505 1921 604 1979 vestre
633 1913 990 2000 lilios,Cysterciense1n
1017 1915 1158 1981 videlicet
1185 1916 1320 1979 ordinem

130 2023 320 2110 prolitentes,
342 2023 437 2088 seculi
457 2022 545 2087 huius
566 2043 648 2087 mare
670 2022 818 2087 inundans
835 2022 876 2110 a)
900 2029 931 2088 et
951 2030 1124 2088 tumescens
1143 2031 1179 2138 pt
1199 2024 1319 2089 obiectu

132 2156 202 2200 sese
230 2140 331 2198 vestre
357 2133 552 2217 protectionis
573 2133 718 2206 illudens,
745 2139 809 2197 tota
831 2134 862 2196 in
884 2154 938 2198 nos
961 2140 1138 2217 tempestate
1162 2134 1321 2218 consurgit

129 2245 256 2329 rugiens
287 2242 505 2328 quodammodo
538 2248 569 2306 et
599 2247 704 2305 contra
735 2246 838 2305 vectes
871 2248 902 2305 et
932 2241 1048 2315 hostia,
1079 2262 1137 2327 que
1165 2243 1319 2325 posuistis,

58 2403 63 2409 .
131 2353 346 2424 inmurmurat,
378 2351 545 2433 dedignans
574 2349 692 2414 seilicet
726 2350 838 2414 dictum
866 2350 941 2415 sibi:
976 2350 1131 2435 hucusque
1160 2351 1262 2415 venies
1291 2358 1322 2415 et

134 2462 263 2546 amplius
294 2481 355 2526 non
384 2459 532 2542 procedes
552 2459 590 2547 1).
624 2460 705 2523 Ecce
738 2459 860 2543 quidem
889 2459 941 2523 filii
972 2461 1072 2524 mnndi
1104 2460 1207 2533 huius,
1246 2480 1321 2544 quos

137 2569 357 2654 prudenciores
372 2567 441 2631 tiliis
456 2566 532 2632 lucis
548 2568 659 2632 veritas
676 2568 743 2651 ipsa
758 2569 936 2651 pronunciat
954 2568 994 2656 2),
1011 2568 1145 2633 invident
1161 2569 1247 2633 vvobis
1263 2568 1322 2633 hoc

130 2679 234 2764 ipsum
251 2677 330 2763 quod
352 2678 495 2750 dumus,
524 2676 595 2741 dum
617 2697 720 2740 eorum
735 2677 919 2759 perversitas
937 2659 991 2739 nos
1007 2676 1120 2741 halvere
1137 2699 1196 2741 non
1211 2679 1324 2761 patitur

131 2807 192 2874 quo
216 2787 359 2850 vivamus.
392 2785 536 2851 Videntes
561 2784 708 2868 siquidem
731 2786 812 2870 ¹qrmd
836 2784 977 2868 operibus
999 2806 1137 2850 manuum
1154 2792 1323 2850 nostrarum

127 2895 284 2961 benedicit
298 2895 452 2967 Dominus,
468 2895 499 2959 in
514 2895 658 2959 viaticum
672 2894 930 2978 peregrinacionis
947 2901 1049 2958 nostre
1062 2900 1125 2959 tota
1137 2895 1323 2977 malignitate

132 3003 311 3079 deseviunt,
337 3004 561 3078 machinantes,
585 3008 618 3069 ut
638 3004 735 3068 modis
759 3004 895 3068 omnibus
911 3023 1075 3088 pauperum
1091 3005 1324 3070 substantiolam

133 3116 179 3181 vel
221 3120 383 3179 concutere
413 3134 469 3198 per
504 3106 702 3197 calumpniam
738 3114 788 3178 vel
823 3119 963 3178 excutere
999 3114 1117 3178 valeant
1152 3134 1208 3196 per
1243 3114 1325 3198 rapi-

131 3246 218 3290 nam:
255 3225 423 3288 instaurant
454 3224 539 3296 lites,
567 3228 752 3308 exaggerant
780 3224 955 3308 questiones
978 3227 1026 3295 et,
1055 3222 1191 3287 sialiter
1217 3223 1324 3287 tollere

132 3339 239 3399 nostra
269 3352 330 3397 non
365 3334 538 3416 prevalent,
584 3332 616 3396 in
650 3332 729 3397 illius
767 3331 882 3395 fraudis
921 3337 1088 3397 commenta
1126 3332 1325 3405 transsiliunt,

133 3450 168 3508 ut
198 3441 350 3506 interdurn
388 3463 473 3507 suam
510 3459 669 3505 suorumve
706 3440 886 3524 peccuniam
917 3439 1119 3523 calumpniosa
1149 3441 1269 3524 penitus
1297 3447 1437 3514 etrusc..

133 3552 266 3620 conficta
291 3552 386 3617 mutui
413 3552 461 3615 vel
483 3551 613 3637 depositi
638 3549 793 3614 exactione
820 3569 985 3633 reposcere
1013 3549 1133 3614 minime
1156 3557 1324 3615 vereantur.

131 3660 269 3734 Deinde,
296 3661 350 3725 lite
378 3659 434 3724 sub
461 3660 562 3725 indice
586 3664 770 3731 contestata,
797 3658 1002 3724 testimonium
1018 3666 1123 3748 contra
1139 3680 1193 3723 nos
1222 3661 1327 3724 venale

134 3770 256 3856 quidem
279 3769 333 3833 sed
361 3788 420 3832 non
441 3769 556 3834 veniale
582 3767 758 3851 producitur
790 3772 822 3830 et
850 3775 1012 3831 eneruator
1027 3765 1067 3853 b)
1095 3767 1226 3852 undique
1254 3768 1327 3831 iuris

134 3879 296 3946 sinceritas
327 3877 519 3961 inproborum
556 3877 677 3943 testium
715 3874 855 3959 periuriis
892 3860 1052 3940 laheiacta.
1101 3874 1188 3958 Quod
1225 3876 1327 3960 utique

139 3991 167 4055 si
184 3988 380 4054 dissimulatis
396 3993 427 4051 et
443 3987 610 4060 sustinetis,
631 3986 662 4049 in
677 3990 831 4069 posterum
847 4005 906 4049 non
923 3985 1009 4049 nobis
1027 3989 1132 4049 sancte
1149 3991 1245 4068 pater,
1269 4006 1328 4049 non

137 4097 228 4164 nobis
245 4096 301 4162 sed
316 4096 412 4161 sacris
429 4102 461 4160 et
481 4095 577 4179 epulis
599 4094 736 4160 omnibus
758 4093 938 4158 laboramus.
972 4094 1127 4176 Reliquum
1143 4099 1207 4166 est,
1235 4099 1268 4157 ut
1289 4093 1327 4157 ad

134 4206 334 4274 evillicandas
362 4206 553 4272 laedtatulas
580 4211 698 4270 nostras
720 4225 780 4269 non
803 4204 836 4267 in
858 4222 984 4269 vacuum
1007 4206 1132 4280 currant
1158 4202 1327 4288 quicunque

226 4399 261 4470 a)
274 4398 395 4454 invidens
408 4399 444 4453 im
457 4398 535 4461 Text,
548 4414 589 4452 om
602 4397 708 4453 Raude:
727 4397 795 4453 alius
808 4396 938 4452 innodans
953 4396 982 4449 V.
1001 4426 1027 4434 -
1045 4395 1077 4464 i)
1091 4394 1184 4449 enu'at
1197 4396 1226 4450 V.

169 4687 192 4747 ¹)
211 4691 263 4735 Job·
283 4690 322 4740 ³8,
339 4692 373 4735 lt.

168 4769 190 4830 ¹)
207 4772 284 4818 tuens
303 4773 340 4825 to,
357 4772 380 4815 8.
