3209 5392
769 831 833 903 57.

533 1009 599 1070 lter
616 1008 814 1070 Romanorum
831 1008 949 1072 subdito
967 1027 1033 1071 sno.

195 1166 282 1234 Kdat'y
294 1163 399 1234 liudolf
412 1163 543 1236 enrpfiedlt
559 1166 729 1230 temanum,
756 1163 934 1218 oeroetoeteo
956 1164 1187 1233 Ordcnedrttdero,
1212 1167 1257 1222 die
1274 1168 1301 1222 in
1315 1169 1388 1222 einer

398 1254 477 1308 stadt
492 1253 535 1307 ein
552 1253 709 1308 (lottesham
720 1256 878 1326 qomodo,
892 1271 940 1306 zur
955 1256 1072 1310 Scitezu
1086 1256 1184 1311 stetten.

283 1398 435 1479 Acceptus
456 1397 624 1468 Altissimo‚
660 1398 746 1461 nobis
776 1418 897 1482 quoque
926 1399 1063 1481 placidus
1090 1401 1209 1464 humilis
1239 1401 1312 1465 ordo
1340 1403 1390 1474 N.,

197 1504 311 1568 celebis
328 1507 388 1569 vite
405 1507 570 1588 fraglancia
588 1508 684 1568 nostri
700 1507 824 1588 spiritus
841 1507 885 1569 sic
901 1508 1050 1573 recreavit
1066 1508 1240 1581 intrinseca,
1257 1510 1336 1592 quod
1353 1509 1391 1573 ad

195 1612 260 1676 eius
284 1613 442 1695 augendos
463 1614 617 1695 profectus
640 1618 671 1675 et
694 1613 820 1676 comoda
842 1614 1032 1695 procuranda
1053 1614 1183 1678 libenter
1205 1618 1391 1698 assurgimus

194 1727 225 1784 et
240 1721 447 1784 favorabiliter
461 1722 648 1783 inclinamus.
666 1720 742 1783 Hinc
760 1727 818 1793 est,
836 1723 916 1804 quod
933 1742 987 1804 pro
1005 1711 1139 1786 eiusdem
1157 1724 1269 1816 ordinis
1287 1726 1391 1788 fratri-

193 1829 268 1900 bus,
297 1829 347 1912 qui
380 1827 555 1891 incivitate
578 1828 615 1890 N.
639 1830 703 1891 Deo
726 1828 930 1891 habitaculum
954 1829 1147 1902 dedicarunt,
1175 1831 1392 1913 benignitatem

193 1940 275 1999 tuam
302 1937 496 2017 deposcimus
525 1941 556 1997 ct
583 1956 742 2016 rogamus,
772 1941 920 2018 quatenus
950 1937 994 1999 eis
1022 1947 1086 2021 pro'
1106 1938 1205 2000 divina
1228 1945 1392 2022 nostraque

193 2045 368 2107 reverencia
384 2044 416 2106 in
432 2044 494 2106 suis
511 2043 743 2107 necessitatibus
760 2044 805 2106 sio
822 2044 959 2116 assistas
976 2052 1009 2109 ut
1024 2045 1082 2107 tibi
1099 2052 1219 2108 crescat
1237 2046 1275 2108 ad
1292 2048 1392 2110 meriti

171 2151 342 2230 cumulum
367 2150 445 2231 apud
467 2151 616 2213 Deumet
637 2150 714 2231 apud
739 2170 794 2212 nos
817 2151 855 2214 ad
876 2143 1026 2215 beacioris
1054 2151 1262 2214 benivolencie
1291 2154 1393 2216 incre-

195 2263 337 2320 mentum.

771 2573 833 2644 58.

540 2749 600 2811 Ber
618 2750 814 2811 Romanorum
831 2749 862 2812 u.
879 2750 967 2811 mllttl
985 2769 1048 2812 suo.

196 2907 284 2978 Koniq
297 2905 402 2979 liudolf
409 2906 518 2977 fordert
531 2907 607 2960 maen
620 2907 706 2961 Ritter
719 2906 779 2977 auf,
804 2905 863 2961 aiod
876 2907 922 2962 mit
935 2907 1033 2961 seinem
1050 2909 1156 2979 Gepaer
1168 2927 1200 2963 zu
1213 2909 1391 2980 coryleioden,

292 2999 328 3050 do
341 3016 371 3051 er
383 3004 456 3051 sonet
467 2997 513 3049 mit
526 2997 575 3049 der
585 2995 761 3067 peretzlicdcn
776 2998 891 3067 Streoqe
901 3014 983 3068 pecca
998 2996 1044 3050 idn
1060 2996 1190 3067 corpeden
1203 3005 1300 3053 mitrae.

287 3142 458 3223 Querelam,
486 3162 573 3225 quam
590 3142 627 3205 N.
653 3142 689 3204 de
717 3148 748 3205 te
777 3161 879 3204 eoram
906 3148 1009 3207 nostra
1036 3144 1195 3225 presencia
1222 3144 1309 3207 nobis
1337 3164 1391 3225 pro

197 3249 338 3312 tribunali
366 3248 542 3312 sedentibus
559 3249 715 3330 deposuit,
739 3253 904 3331 estusque
927 3249 1002 3312 adeo
1024 3257 1214 3331 prosecutus,
1237 3250 1317 3333 quod
1334 3251 1392 3313 nisi

198 3377 266 3420 cum
284 3377 320 3420 eo
338 3356 488 3419 amicabili
505 3356 729 3438 composicione
747 3377 921 3438 componas,
939 3364 1043 3422 contra
1059 3364 1100 3431 te,
1118 3360 1256 3440 exigente
1273 3359 1392 3423 iusticia

196 3467 299 3548 rigore
316 3467 493 3529 sentenciali
508 3466 674 3548 procedere
691 3465 745 3529 nos
762 3472 890 3548 oportet.
921 3466 1069 3547 Quocirca
1085 3467 1223 3533 fidelitati
1239 3474 1289 3531 tue
1306 3488 1392 3531 man-

200 3575 316 3646 damus,
340 3579 502 3657 quatenus‚
525 3573 717 3648 severitatem
732 3575 852 3638 iusticie
869 3575 971 3638 debita
988 3577 1195 3641 satisfactione
1211 3578 1389 3659 preveniens

197 3679 229 3745 et
256 3683 388 3753 evitans,
418 3703 485 3745 cum
512 3682 703 3764 predictoN.
723 3683 886 3747 concordie
913 3683 1019 3747 modos
1047 3685 1165 3765 cogites
1189 3691 1220 3747 et
1244 3686 1393 3767 exquiras,

201 3791 336 3873 alioquin
350 3791 410 3872 ipsi
426 3790 457 3853 in
479 3791 544 3853 iure
568 3790 676 3853 deesse
701 3812 761 3854 non
783 3811 961 3873 possumus,
991 3794 1063 3875 quin
1085 3799 1191 3856 contra
1213 3797 1243 3855 te
1265 3792 1393 3855 finaliter

95 3919 102 3937 ·
197 3898 455 3962 animadversione
471 3897 634 3968 iudicaria,
648 3899 727 3982 sicut
743 3898 825 3961 racio
843 3900 1020 3981 expostulat,
1036 3900 1236 3981 procedamus
1250 3898 1300 3985 a).

289 4094 322 4163 a)
335 4095 513 4165 procedamus
527 4096 655 4166 corrigirt
667 4098 709 4151 fur
721 4097 899 4167 procedemus
913 4097 942 4151 V.
