3209 5392
1259 484 1333 555 185

154 678 264 741 quaque
287 658 425 728 tandem,
453 658 491 721 de
513 660 637 722 fratrum
653 665 822 723 nostrorum
845 658 969 723 consilio
996 657 1175 728 eorundem,
1202 657 1335 738 prelatos

153 766 357 836 ecclesiarum,
389 786 493 848 regum
525 787 561 830 ac
577 767 757 854 ¹principum
785 768 910 830 nuncios
938 766 976 828 ad
1004 765 1107 827 sedem
1140 764 1335 845 apostolicam

153 875 282 938 duximus
311 875 530 938 convocandos.
579 876 664 939 Unde
692 877 791 946 idem,
818 877 877 939 hoc
908 875 1079 943 intellecto,
1110 873 1181 956 quia
1212 874 1336 937 terroris

152 984 259 1046 sonitus
288 981 446 1063 impiarum
474 981 598 1045 auribus
627 1002 746 1064 semper
773 984 870 1052 inest,
893 1002 928 1045 eo
952 981 1031 1064 quod
1053 979 1118 1043 lesa
1140 980 1335 1044 consciencia

133 1110 217 1153 seva
231 1088 351 1152 ridetur
365 1109 539 1171 presumere
557 1090 638 1153 omni
654 1090 740 1161 uice,
756 1095 978 1173 consequenter
1000 1089 1075 1151 alias
1090 1089 1211 1161 literas,
1226 1088 1337 1170 priori·

151 1197 204 1261 bus
219 1198 397 1266 contrarias,
422 1197 581 1262 destinarit
598 1202 644 1269 et,
667 1199 808 1281 nequiter
825 1220 858 1261 se
873 1197 1050 1267 humilians,
1075 1216 1199 1259 examen
1216 1196 1336 1259 concilii

151 1304 343 1387 requirendo,
371 1294 514 1368 interiora
535 1325 606 1375 sua,
634 1306 723 1387 plena
746 1305 832 1377 dolo,
860 1306 1010 1386 scripture
1034 1305 1181 1367 varietate
1198 1304 1334 1385 protinus

151 1414 317 1494 detegebat.
335 1414 557 1478 Accedentibus
570 1416 672 1498 itaque
689 1414 848 1478 adsedem
865 1412 1060 1495 apostolicam
1076 1412 1210 1493 prelatis,
1226 1410 1334 1493 positis

152 1523 258 1585 eisdem
289 1522 406 1584 insidiis
439 1527 470 1585 et
500 1523 777 1587 fraudulentissime
810 1520 987 1603 captivatis,
1019 1520 1092 1583 fecit
1116 1520 1155 1604 α)
1185 1540 1236 1582 eos
1268 1518 1334 1581 diro

151 1649 268 1693 carcere
286 1629 431 1702 detineri,
460 1650 521 1693 non
543 1631 670 1693 credens
687 1630 746 1694 sibi
761 1629 903 1693 sufficere
919 1628 1000 1712 quod
1017 1627 1177 1690 ecclesiam
1193 1626 1336 1708 multipli-

150 1739 221 1801 citer
234 1739 349 1803 leserat
362 1738 446 1821 prius
456 1783 470 1808 ,.
485 1738 544 1801 nisi
566 1744 597 1802 et
612 1738 643 1801 in
659 1739 717 1801 boc
735 1759 809 1802 casu
826 1738 970 1801 offensam
988 1737 1086 1799 eidem
1101 1735 1335 1800 inestimabilem

149 1846 301 1928 irrogaret.
336 1848 448 1910 Verum
465 1848 522 1911 etsi
538 1847 595 1909 ista
612 1847 722 1909 nostris
738 1845 876 1909 fidelibus
894 1844 1101 1909 turbacionem
1116 1846 1257 1917 inferant,
1273 1866 1334 1908 non

147 1959 242 2017 auen
258 1974 380 2018 suorum
398 1959 445 2017 est
460 1945 602 2017 mutanda
619 1955 793 2017 constancia
810 1954 954 2024 cordium,
973 1973 1029 2014 nec
1045 1956 1169 2033 propter
1184 1952 1215 2014 id
1232 1973 1336 2016 eorum

148 2061 253 2123 sinceri
281 2061 373 2124 animi
400 2066 470 2125 sunt
497 2061 657 2132 flectendi,
687 2063 741 2123 sed
763 2066 846 2124 tanto
869 2059 927 2142 ipsi
950 2059 1078 2121 ecclesie
1102 2057 1214 2122 debent
1230 2065 1335 2124 contra

146 2175 369 2249 persecutorem
387 2169 515 2232 eundem
531 2167 759 2232 favorabiliores
776 2168 903 2239 adesse,
932 2171 1043 2248 quanto
1068 2166 1195 2228 eundem
1213 2171 1335 2231 contra-

149 2274 290 2339 dictorem
307 2276 348 2361 a)
364 2274 439 2358 ipsis
455 2276 593 2338 iniuriam
608 2276 640 2338 in
654 2276 704 2338 illa
726 2276 861 2339 sentiunt
882 2273 1028 2337 intulisse.
1061 2273 1192 2355 Ideoque
1214 2274 1336 2352 univer·

147 2383 261 2445 sitatem
277 2389 410 2446 vestram
426 2402 579 2464 rogamus,
595 2383 750 2447 hortamur
764 2383 796 2445 in
811 2381 951 2453 Domino,
967 2401 1023 2462 per
1038 2380 1204 2462 apostolica
1220 2382 1335 2464 scripta

146 2487 226 2553 robis
243 2490 434 2560 mandantes,
451 2496 597 2573 quatenus
611 2489 642 2553 in
655 2479 784 2553 ecclesie
797 2494 902 2552 sancte
915 2487 1079 2552 devocione
1093 2489 1336 2554 constantissime

145 2599 358 2679 persistentes,
386 2602 416 2661 et
440 2596 625 2660 confidentes
647 2597 678 2659 in
693 2596 820 2660 Domino
845 2602 875 2660 et
889 2597 919 2660 in
935 2596 1075 2679 potencia
1090 2595 1209 2660 virtutis
1226 2595 1338 2684 ipsius,

144 2704 260 2768 inimico
297 2705 379 2774 eius,
410 2709 551 2787 tanquam
582 2702 738 2768 fortissimi
768 2704 949 2774 bellatores,
979 2708 1119 2785 potenter
1151 2708 1182 2767 et
1212 2704 1337 2768 viriliter

145 2813 310 2883 resistatis,
340 2831 396 2875 nec
418 2810 567 2893 repentini
583 2831 673 2875 casus
690 2812 832 2894 iniquitas
849 2811 1061 2875 cordavestra
1078 2812 1253 2884 concuciat,
1282 2812 1337 2876 sed

146 2922 182 2984 ad
197 2921 406 2985 defensionem
423 2920 552 2984 ecclesie
564 2920 705 2984 attendat
727 2940 763 2983 ea
784 2920 891 3002 pocius
915 2919 997 2982 zelus
1020 2917 1142 2981 Christi.
1176 2920 1239 2984 Nos
1257 2921 1336 2984 enim

146 3028 322 3112 superbiis
352 3026 454 3091 taliter
479 3027 656 3110 providere,
681 3029 747 3090 Deo
776 3033 918 3096 auctore,
947 3026 1132 3107 disponimus
1162 3027 1262 3090 auxilii
1290 3030 1337 3091 sui

146 3140 295 3202 dexteram
311 3135 399 3199 nobis
416 3135 525 3198 adesse
542 3141 712 3218 sperantes,
728 3136 810 3219 quod
827 3134 979 3218 depressis
992 3134 1150 3215 impiorum
1164 3135 1336 3210 conatibus,

144 3245 236 3309 honor
252 3246 412 3309 accrescat
427 3242 583 3313 altissimo,
597 3242 749 3306 katholice
764 3242 835 3330 fidei
851 3241 944 3305 robur
960 3245 990 3304 et
1008 3241 1218 3305 ecclesiastice
1243 3242 1338 3307 liber-

145 3353 197 3416 tati
220 3357 413 3436 augmentum
429 3351 586 3432 proveniat
608 3370 644 3414 ac
666 3357 766 3414 vestra
788 3356 819 3414 et
841 3349 967 3414 aliorum
989 3349 1100 3414 utilitas
1119 3349 1333 3433 subsequatur.

236 3548 354 3619 llaynald
372 3548 405 3602 ad
425 3567 449 3602 a.
464 3548 543 3612 1241,
556 3566 597 3601 no.
612 3546 721 3601 tlt-67
742 3548 789 3600 mit
803 3549 851 3601 der
863 3536 1045 3602 llbersclrriltr
1070 3544 1130 3599 duci
1156 3548 1183 3599 et
1205 3547 1332 3614 potestati

150 3642 308 3695 Venetorum
321 3640 375 3692 und
388 3638 448 3691 dem
463 3639 521 3692 Dat.
535 3638 657 3691 Laterani
669 3637 713 3690 XV
728 3637 781 3690 Kal.
794 3637 864 3690 lunii
876 3637 971 3707 pontit.
985 3638 1038 3689 XV.
1061 3637 1186 3705 [legegen
1205 3635 1251 3688 bat
1264 3635 1331 3690 Cod.

145 3729 246 3801 'l’royas
258 3746 301 3784 na.
315 3729 360 3784 97.
373 3729 429 3782 Xlll
441 3729 498 3781 lial.
511 3727 592 3781 lunii.
606 3729 691 3788 Perta,
704 3727 787 3781 Arcb.
799 3728 827 3789 7,
840 3727 902 3780 920.
916 3755 951 3767 -
969 3726 1024 3780 Aue
1037 3725 1155 3793 Raynald
1170 3725 1186 3778 l.
1200 3743 1224 3778 e.
1238 3729 1333 3795 tragen

145 3818 190 3872 uir
210 3822 281 3873 noch
304 3818 442 3892 fulgenda,
472 3818 528 3870 hier
557 3816 680 3871 feblende
700 3818 784 3871 Stelle
814 3818 899 3872 nach:
926 3814 960 3886 α)
992 3832 1051 3869 curn
1074 3815 1215 3868 venerabili
1249 3815 1332 3868 tratre

146 3910 271 3980 episcopo
297 3909 451 3962 Prenestina
476 3925 509 3960 ac
532 3908 630 3961 dilecto
655 3907 711 3961 fllia
730 3909 822 3960 nostro
838 3905 867 3959 0.
889 3907 971 3960 sancti
986 3905 1087 3958 Nicolai
1101 3903 1127 3956 in
1145 3920 1253 3959 earcere
1266 3905 1333 3958 'lul-

145 3997 212 4053 liano
227 4000 295 4053 diae.
308 3999 382 4053 card.
395 3998 493 4068 legatis
506 3997 577 4051 sedis
590 3998 747 4068 apostolice.

236 4178 270 4245 a)
285 4175 432 4247 graviorem
446 4177 527 4243 liayu.
