3209 5392
1274 548 1324 622 80

133 730 221 799 manu
246 756 350 800 sumus
366 756 420 800 nos
437 743 467 800 et
482 742 616 819 potestas
640 742 750 800 nostra.
797 735 943 800 Nimirum
960 733 1017 795 etsi
1033 730 1133 794 multis
1150 725 1328 807 magnisque

133 845 247 907 detenti
258 844 299 930 a)
315 845 454 927 negociis
470 845 560 926 digne
578 845 637 927 ipsi
653 850 687 908 ut
703 849 821 926 oportet
837 843 951 907 servire
964 860 1000 902 ac
1016 839 1136 922 plaeere
1149 856 1208 900 non
1220 854 1329 916 posenp

132 971 376 1035 mns‚possumus
389 957 489 1016 tamen
497 958 528 1016 et
539 953 683 1022 debemus
696 950 909 1016 famulantibus
922 950 951 1011 ei
964 955 994 1043 et
1006 948 1127 1030 placere
1139 941 1328 1008 studentibus

133 1062 291 1143 cooperari
307 1062 338 1124 in
354 1061 453 1133 bonis
477 1080 590 1144 eosque
612 1061 735 1132 tuendo,
753 1059 881 1124 fovendo
904 1078 939 1120 ac
966 1053 1186 1120 manutenendo
1201 1050 1329 1116 peinais

133 1170 388 1253 propiciacionem
419 1175 593 1252 perpetuam
625 1168 799 1258 promereri.
841 1167 1028 1254 Quapropter
1059 1164 1137 1225 inter
1167 1162 1241 1226 alios
1272 1159 1329 1222 Dei

132 1279 262 1349 famulos
293 1278 349 1350 sub
377 1285 480 1344 nostra
509 1279 627 1344 dicione
660 1279 842 1342 constitutos
874 1279 985 1339 fratres
1017 1292 1136 1356 quoque
1170 1271 1238 1333 talis
1269 1268 1329 1332 loci

135 1385 346 1474 Cystsrccnsls
371 1388 484 1451 ordinis
492 1387 530 1476 l)
548 1388 666 1451 domino
683 1389 747 1451 Dec
764 1388 875 1474 iugiter
898 1385 1064 1448 servientes
1087 1375 1277 1443 numeramus
1300 1383 1330 1440 et

133 1497 366 1578 conscribimus,
384 1518 547 1588 eorumque
564 1504 595 1561 et
610 1498 641 1560 in
657 1519 783 1581 presens
802 1497 895 1580 quieti
913 1503 943 1558 et
959 1492 1114 1556 securitati
1131 1491 1330 1572 inposterum

132 1606 285 1691 presentis
307 1594 456 1688 privilegii
478 1607 639 1672 munimine
662 1606 870 1694 providemus,
898 1604 1053 1667 universas
1076 1620 1180 1665 corum
1207 1616 1331 1680 posses·
1401 1659 1408 1674 ,

126 1718 236 1779 'siones
254 1721 285 1782 et
300 1714 416 1804 predia,
440 1735 497 1799 que
513 1718 543 1785 in
559 1717 783 1799 presenciarum
807 1714 943 1778 obtinent
965 1720 996 1776 et
1017 1713 1048 1775 in
1069 1716 1222 1798 postorum
1244 1706 1329 1769 iustis

132 1827 232 1893 modis
247 1830 388 1909 poterunt
409 1825 538 1912 adipisci
565 1826 700 1894 volentes
730 1847 789 1888 non
817 1825 912 1888 solum
935 1844 1003 1886 esse
1025 1822 1064 1885 ab
1091 1817 1332 1884 adversariorum

132 1937 296 2004 vexacione
320 1936 438 2026 quieta,
463 1936 517 1998 sed
539 1935 577 1998 ab
601 1937 680 1998 omni
696 1935 910 2002 advocatorum
927 1935 1089 1997 exaccione
1105 1932 1169 1994 inre
1185 1932 1331 2013 perpetuo

131 2044 228 2112 libera
246 2051 276 2107 et
292 2044 392 2128 quieta
410 2043 457 2132 ι’).
491 2044 616 2110 Constat
632 2043 711 2106 enirn
729 2045 805 2106 etin
821 2044 931 2126 placito
954 2048 1057 2107 nostro
1081 2040 1131 2104 tali
1156 2039 1204 2100 die
1227 2036 1273 2098 vel
1290 2034 1331 2120 d)

132 2152 198 2222 loco
231 2153 391 2246 habitae)
415 2136 451 2220 ex
481 2153 638 2216 sentencia
664 2152 862 2240 perquisitum
891 2154 1100 2217 elimentum
1132 2156 1195 2223 est,
1228 2170 1330 2211 omnes

134 2263 356 2350 Cystercenses
372 2262 561 2348 professores
577 2263 637 2331 tale
654 2262 699 2325 ius
724 2283 759 2324 ex
781 2262 903 2345 antiquo
920 2262 1044 2335 habere,
1061 2265 1104 2324 ut'
1115 2280 1171 2323 nec
1193 2260 1252 2346 ipsi
1274 2278 1331 2321 nec

131 2374 267 2456 ipsorum
282 2370 387 2452 predia
403 2370 453 2432 ulli
470 2370 615 2437 advocato
633 2370 786 2454 quitquam
803 2370 919 2433 solvere
936 2370 1077 2443 debeant,
1094 2371 1148 2433 sed
1166 2389 1221 2433 nee
1238 2368 1331 2431 advo-

132 2488 234 2546 catum
255 2480 330 2563 ipsis
351 2479 464 2543 babere
484 2480 592 2551 liceat,
620 2480 679 2543 nisi
702 2480 891 2543 defensorem
915 2480 1082 2563 principem
1109 2481 1206 2564 ipsum
1223 2480 1263 2566 f)
1281 2481 1331 2561 qui

132 2596 182 2656 est
198 2589 297 2672 capud
313 2594 393 2652 terre
416 2588 446 2654 in
462 2608 521 2671 qua
537 2589 647 2672 quique
675 2609 778 2652 eorum
806 2589 936 2671 degunt,
965 2594 996 2652 et
1015 2590 1095 2653 bunc
1112 2588 1252 2676 solemn)
1273 2588 1330 2650 Dei

130 2695 413 2783 redibucionomr)
436 2696 550 2766 debere
574 2717 738 2779 exposcere
753 2704 785 2764 et
799 2704 914 2767 tenere.
947 2699 1073 2780 Propter
1089 2699 1170 2781 qnod
1185 2698 1330 2781 predictis

129 2807 275 2874 fratribus
291 2807 338 2869 ius
355 2806 451 2888 ipsum
467 2805 512 2869 sic
530 2807 703 2873 conservari
725 2827 762 2880 ae
785 2814 926 2872 constare
950 2793 1156 2880 decernimus,
1179 2813 1211 2871 ut
1233 2828 1330 2891 neque

129 2916 285 3005 aduocati⁸
296 2936 395 2999 neque
411 2915 586 2984 defensores
610 2912 747 3002 nichili)
764 2936 855 2999 super
871 2936 923 2980 eos
940 2923 991 2986 aut
1004 2936 1107 2982 eorum
1119 2916 1330 2998 possessiones

129 3025 244 3096 tatere
252 3025 405 3108 quitquam
416 3022 448 3109 f)
456 3022 641 3108 debeantl),
653 3024 713 3094 nisi
721 3024 1121 3108 rosetinprineipatunobis
1129 3025 1329 3108 succedentes

131 3140 180 3206 out
197 3133 248 3202 eui
265 3133 303 3199 ad
319 3131 463 3202 tuendum
480 3153 532 3198 eos
548 3132 729 3202 iniunximus
744 3134 828 3196 vices
846 3139 976 3208 nostras,
989 3133 1039 3217 qui
1051 3139 1162 3206 minen,
1179 3134 1205 3203 si
1221 3154 1330 3202 nomen

125 3242 272 3314 advocati
287 3241 411 3319 hahere,
429 3241 454 3308 si
470 3241 516 3310 ias
533 3241 671 3312 advocati
689 3243 811 3324 exigere
833 3243 896 3306 sire
918 3243 984 3310 aliis
1007 3243 1105 3312 nodis
1127 3264 1180 3312 eos
1202 3263 1329 3325 gravare

126 3352 269 3427 uoluerit,
286 3350 403 3420 reicere
420 3371 487 3422 eum
502 3356 534 3419 et
549 3372 567 3422 a
583 3348 672 3421 nobis
687 3352 777 3422 dium
792 3357 898 3435 petere
913 3351 993 3418 iuste
1015 3359 1152 3434 possunt.
1180 3354 1221 3423 Ut
1237 3353 1330 3435 igitar

125 3467 239 3534 cuneta
250 3461 383 3530 lacerata
395 3460 630 3544 inconvulsaque
646 3460 772 3543 perenni
786 3459 950 3531 stabilitate
963 3461 1142 3536 consistant,
1154 3470 1328 3545 presentem

122 3573 275 3657 pagiuam
287 3568 380 3654 sigilli
396 3569 491 3640 ursui
503 3569 701 3651 impressione
713 3568 841 3638 ierimus
858 3569 1033 3638 communiri
1045 3568 1076 3657 l)
1089 3571 1197 3641 Daiara
1214 3577 1272 3638 ete.
1287 3572 1324 3659 ¹).

455 3736 557 3806 llorma
579 3735 729 3817 prlrllegll
753 3736 923 3817 personalis
935 3732 992 3817 m),

220 3859 365 3928 liudolfus
381 3858 437 3922 liei
454 3858 558 3946 gracia
572 3859 772 3928 Romanorum
788 3880 841 3921 rex
863 3866 894 3928 et
910 3876 1029 3942 semper
1050 3866 1195 3943 augustus
1213 3862 1323 3926 dilecto

127 3972 238 4036 devoto
254 3968 307 4037 tali
324 3967 427 4036 comiti
448 3967 494 4031 vel
515 3966 621 4031 baroni
643 3968 777 4054 graciam
800 3988 885 4032 suam
901 3974 932 4032 et
947 3988 1034 4032 omne
1050 3968 1168 4035 bonurn.
1202 3971 1267 4034 Etsi
1283 3971 1323 4035 ad
1333 3993 1410 4034 run
1421 3995 1443 4034 s.

219 4095 254 4165 a)
267 4094 383 4155 detentis
396 4093 424 4152 V.
439 4123 474 4134 -
488 4094 520 4166 d)
535 4094 648 4156 ttirtalis
661 4092 714 4150 loci
726 4101 778 4154 ete.
792 4100 835 4163 ‚in
848 4096 1127 4168 baumgartenberge“
1141 4097 1211 4152 llurr
1223 4098 1241 4155 l.
1254 4116 1277 4154 c.
1290 4128 1323 4140 -

124 4189 158 4259 c)
179 4191 305 4259 exempta
318 4186 361 4247 fdr
374 4188 463 4258 quieta
482 4189 509 4242 Ζ.
527 4218 560 4227 -
576 4189 612 4257 d)
625 4187 667 4248 die
690 4186 731 4240 vel
742 4185 820 4248 'fehlt
832 4187 860 4244 Ζ.
883 4216 910 4225 -
923 4188 959 4254 e)
979 4190 1022 4242 fair
1043 4188 1089 4242 tali
1109 4188 1169 4244 loco
1183 4192 1323 4255 ,010οπιοι

127 4279 259 4334 burabe.
269 4309 298 4318 -
305 4278 521 4349 Dipsumlpsum
528 4278 557 4334 V.
566 4280 640 4350 -q)
648 4277 891 4334 solaretribucione
901 4279 929 4331 V.
938 4307 972 4319 -
980 4278 1015 4347 l)
1026 4279 1177 4335 defensoris
1190 4296 1282 4333 nomen
1294 4280 1323 4333 Ζ.

125 4400 161 4411 -
175 4369 205 4439 i)
219 4369 360 4440 quisquam
373 4370 401 4422 Z.
424 4398 457 4414 -ω
477 4369 512 4437 a)
526 4369 624 4428 debeat
636 4368 657 4423 p
670 4368 723 4421 und
737 4369 765 4430 Ζ,
778 4386 819 4424 wo
833 4387 864 4428 es
877 4371 946 4424 auch
959 4370 1060 4442 ricbtig
1072 4371 1117 4425 ist.
1141 4401 1170 4416 -
1186 4372 1213 4441 l)
1227 4371 1324 4426 Testes

126 4463 192 4515 sunt
207 4459 472 4515 Ulrieusconaes
484 4459 521 4512 de
536 4459 638 4523 elan,
652 4460 683 4513 ll.
696 4460 735 4514 de
750 4458 924 4532 Cbunring
937 4467 963 4515 et
976 4460 1020 4515 alii
1033 4463 1211 4532 quamplures
1229 4463 1325 4520 Actum

126 4568 151 4605 a.
166 4552 277 4614 Domini,
289 4568 339 4623 per
352 4550 438 4605 omnia
449 4553 479 4604 ut
497 4568 587 4621 supra,
599 4568 647 4621 per
657 4568 749 4605 manus
762 4552 818 4606 Ulr.
833 4552 936 4606 notarii.
950 4552 976 4604 Ζ.
994 4584 1023 4597 -
1038 4553 1080 4620 m)
1096 4553 1165 4608 Dist.
1180 4554 1199 4606 l.
1214 4553 1243 4606 V.

131 4653 189 4663 ...—.

149 4699 180 4759 2¹)
191 4698 261 4752 Dicto
278 4698 388 4751 diturus
405 4701 436 4748 ist
451 4700 511 4746 nach
528 4699 580 4748 dem
593 4697 655 4754 jetrt
666 4699 690 4748 in
702 4698 758 4748 tim
770 4696 927 4746 befindlieben
942 4698 1047 4756 original
1065 4699 1181 4760 [cedrusii
1198 4700 1236 4750 bei
1250 4701 1320 4752 sarz,

190 4781 297 4842 Bcitrdge
314 4782 339 4835 3,
351 4780 408 4827 003.
421 4781 522 4837 Meillen
534 4782 651 4839 degener
663 4796 686 4839 pa
706 4782 760 4834 100,
779 4794 819 4830 no.
838 4781 876 4825 73.
1070 4795 1073 4796 ’
