3209 5392
1259 473 1334 544 201

146 644 233 707 bonis
266 644 389 707 aliorum
421 643 512 705 vitem
544 645 706 717 duxerunt,
738 666 826 708 versa
857 645 924 708 vice
957 644 1015 707 sibi
1046 647 1116 726 post
1146 643 1225 706 bona
1254 644 1339 706 malis

148 751 380 814 succedentibus
411 750 600 823 desolentur,
630 753 810 834 dignitates,
837 755 1017 832 personatus
1041 756 1072 812 et
1086 748 1251 840 beneficia,
1280 768 1339 832 que

146 857 309 929 habebant,
332 858 398 920 aliis
414 858 446 919 in
462 858 627 921 devocione
649 858 881 940 persistentibus
917 857 1105 920 decrevimus
1121 856 1217 919 libere
1234 857 1339 919 confe-

27 1000 37 1024 .
141 965 251 1035 reuda.

238 1126 293 1176 Der
305 1123 380 1176 Briei
395 1124 463 1175 kann
480 1140 529 1177 von
544 1124 649 1193 Gregor
668 1124 711 1176 IX.
730 1123 797 1176 oder
816 1124 884 1176 auch
903 1140 953 1176 ron
970 1123 1100 1175 Innocenz
1119 1121 1160 1174 IV.
1179 1122 1338 1184 herrtihren3

152 1212 195 1263 ich
222 1212 319 1280 glaube
345 1212 390 1263 ibn
414 1212 475 1266 dem
500 1212 642 1264 Letzteren
667 1211 843 1266 auschreiben
869 1230 901 1265 zu
927 1217 1040 1264 meissen.
1079 1211 1172 1263 Kaiser
1203 1211 1339 1265 Friedrich

146 1300 293 1353 verordnet
305 1299 419 1353 numlich
432 1316 519 1367 gegen
531 1301 604 1353 Ende
626 1300 709 1353 1247:
736 1299 808 1369 quod
830 1300 983 1370 quicunque
1005 1300 1118 1352 clericus
1137 1302 1180 1353 vel
1193 1300 1339 1369 religiosus

147 1388 180 1439 ad
203 1390 299 1458 papale
318 1405 364 1441 seu
387 1389 492 1459 papalis
517 1390 601 1458 legati
625 1388 773 1441 mandatum
796 1389 904 1457 publice
927 1389 1018 1441 forsan
1042 1388 1178 1440 obmiserit
1201 1388 1340 1442 missarum

148 1479 277 1531 solemnia
290 1495 337 1530 seu
351 1478 400 1530 elia
415 1477 502 1530 divina
516 1478 605 1530 officia
619 1478 769 1540 celebrare,
791 1481 819 1529 et
833 1476 1017 1530 ecclesiastice
1032 1481 1197 1530 sacramenta
1210 1477 1334 1530 fidelibus

148 1566 295 1635 propinare
315 1566 466 1636 negaverit,
490 1566 523 1618 de
542 1565 651 1619 civitate
670 1566 711 1618 vel
734 1568 809 1627 loeo,
833 1568 907 1618 cuius
931 1565 1017 1619 incola
1037 1566 1198 1636 reperietur,
1222 1565 1332 1629 eiectus,

146 1656 203 1707 suis
229 1655 305 1708 bonis
330 1657 450 1708 omnibus
475 1655 703 1724 patrimonialibus
729 1658 756 1708 et
781 1655 987 1716 ecelesiasticis,
1019 1657 1048 1706 ut
1079 1671 1174 1723 penam
1201 1654 1337 1708 detenta

145 1745 300 1797 444444
313 1732 409 1797 teresse
422 1761 452 1797 se
467 1744 571 1805 444,
593 1745 734 1813 spolietur.
759 1743 994 1796 nerra-monum
1007 1742 1033 1802 o,
1047 1744 1109 1796 sss.
1123 1743 1238 1796 sauma
1250 1741 1277 1804 4,
1292 1744 1336 1795 es.

139 1832 216 1899 (hul
226 1832 316 1886 diesen
329 1833 404 1886 Rrief
413 1833 503 1886 nimmt
517 1833 623 1899 Gregor
635 1834 678 1885 lx.
691 1833 717 1885 in
732 1832 832 1885 seinem
846 1833 993 1885 Schneiben
1008 1849 1039 1884 au
1054 1831 1096 1885 die
1110 1832 1336 1885 Kirchenldrsteu

146 1920 347 1974 Dcutsehlands
370 1939 428 1975 vom
452 1921 494 1975 18.
518 1922 594 1990 April
618 1920 690 1973 1248
713 1921 748 1974 ib.
771 1921 826 1973 614
848 1940 907 1991 squ.
927 1918 1039 1989 Benug.)
1067 1921 1206 1973 Entweder
1227 1919 1263 1974 ist
1287 1936 1341 1974 nun

145 2009 317 2062 unserBriel
337 2009 397 2064 eine
421 2008 506 2063 durch
529 2009 574 2063 die
597 2010 758 2063 kaiserliehe
772 2008 950 2079 Verordnung
971 2009 1108 2061 vonEnde
1132 2008 1202 2060 1247
1226 2009 1338 2074 hervor-

144 2098 277 2165 gerufene
290 2098 472 2167 Repressalic‚
496 2099 565 2151 daun
584 2099 674 2151 wrirdc
694 2116 724 2151 er
740 2098 766 2151 in
779 2098 828 2151 das
841 2099 907 2151 Jahr
920 2096 992 2149 1248
1013 2099 1148 2167 gchbrca,
1172 2097 1237 2150 oder
1250 2114 1278 2149 er
1293 2097 1340 2150 hat

141 2187 210 2256 jenc
228 2185 387 2240 kaiserliche
404 2186 577 2258 Verordnu'ng
594 2189 752 2249 veranlasst,
775 2188 844 2240 daun
857 2186 949 2240 winde
969 2203 999 2240 er
1019 2186 1044 2237 in
1064 2186 1112 2239 das
1129 2186 1195 2239 Jahr
1214 2184 1286 2238 1247
1307 2201 1339 2236 ru

146 2274 317 2328 setzenseia.

719 2571 783 2644 52.

486 2749 565 2828 ispa
579 2747 805 2828 erchleplscopo
821 2745 998 2809 delonlensl.

523 2902 602 2957 1266.
616 2901 775 2972 September
788 2900 831 2955 18.
844 2902 968 2957 Viterbii.

143 3061 265 3115 Clemens
285 3061 332 3114 IV.
354 3070 440 3117 warnt
460 3064 511 3117 den
533 3061 694 3131 Erebischof
710 3079 760 3117 aon
784 3062 850 3116 Colo
871 3079 919 3115 vor
940 3064 990 3116 der
1016 3061 1183 3118 Theilnahme
1205 3083 1241 3119 an
1263 3063 1338 3119 cicer

140 3149 318 3221 Koniyswahl
332 3152 478 3206 conracius
490 3150 992 3223 444444νί44εά-ιό1444444441444144
1010 3169 1060 3206 oue
1076 3170 1161 3224 yepes
1178 3154 1337 3225 cliejeoiqen,

590 3240 689 3295 welche
700 3240 806 3295 eolchee
818 3239 893 3294 thure.

236 3382 377 3446 Boehmer,
390 3382 456 3454 neg.
471 3384 503 3435 ab
517 3400 540 3436 a.
555 3382 634 3436 1246.
649 3382 730 3436 Addit
742 3384 762 3435 1.
775 3383 842 3451 Reg.
857 3382 938 3437 Clem.
952 3383 1003 3446 lv„
1018 3401 1061 3438 uo.
1075 3384 1137 3437 stt.

144 3627 146 3630 Ι
231 3543 369 3607 Fundata
397 3545 502 3608 domus
530 3544 649 3608 Domini
677 3565 769 3626 super
795 3544 947 3607 immobile
975 3545 1211 3617 firmamentum,
1243 3565 1335 3626 super

141 3650 223 3730 quod
240 3653 407 3714 secundum
423 3654 589 3734 apostolum
605 3651 684 3713 aliud
699 3671 813 3733 ponere
829 3672 917 3714 nemo
940 3657 1042 3733 potest
1062 3651 1108 3737 1),
1136 3672 1154 3714 a
1172 3653 1338 3734 columpnis

138 3747 316 3828 stabilibus,
350 3758 405 3820 sub
437 3757 558 3820 decenti
589 3757 696 3819 locatis
728 3758 851 3826 ordine,
882 3758 1135 3839 pulchritudinem
1167 3759 1277 3839 recipit
1304 3763 1336 3821 et

141 3863 294 3926 decorem.
312 3864 457 3944 'Quarum
472 3865 595 3946 implent
612 3863 760 3935 officium,
789 3864 857 3947 qui,
886 3865 917 3926 in
932 3864 1112 3945 prelacionis
1130 3865 1338 3928 ecclesiastice

139 3970 342 4033 ministerium
371 3972 533 4053 assumpti,
563 3971 719 4052 spirituale
748 3972 899 4033 sustinent
927 3970 1078 4033 edificium
1107 3976 1137 4033 et
1166 3978 1336 4037 venustent.

138 4079 221 4140 Inter
233 4078 289 4140 hos
304 4099 389 4149 sane,
407 4085 516 4162 quanto
530 4080 561 4141 in
575 4078 691 4140 credita
703 4077 757 4140 tihi
775 4079 906 4140 ecclesia
918 4079 1017 4142 locum
1034 4079 1151 4141 obtines
1168 4080 1338 4151 celsiorem,

142 4190 256 4266 quanto
272 4186 391 4265 pondus
408 4191 560 4248 structure
577 4185 710 4247 sustines
727 4186 898 4266 amplioris,
916 4190 1000 4248 tanto
1017 4190 1047 4247 te
1065 4187 1154 4248 decet
1172 4188 1338 4268 quantitate

139 4292 248 4353 maiori
272 4291 302 4354 in
325 4292 462 4355 omnibus
489 4297 520 4354 et
542 4311 597 4373 per
620 4294 718 4355 omnia
741 4292 886 4363 stabiliri,
914 4298 948 4356 ut
969 4313 1025 4355 nec
1048 4298 1137 4356 nutes
1161 4314 1217 4357 nec
1235 4296 1338 4360 devies

142 4418 159 4459 a
175 4398 359 4460 rectitudine
376 4400 419 4461 tui
437 4403 533 4461 status
551 4420 598 4469 ne,
616 4399 748 4479 dilapsus
764 4400 795 4460 in
811 4406 926 4480 partem
940 4400 1074 4471 alteram,
1092 4420 1127 4462 eo
1139 4402 1337 4482 periculosius

144 4533 469 4545 -------.--.----‹·-.-‚-——

172 4614 194 4669 ¹)
212 4614 245 4655 Ad
264 4612 393 4657 Corinthos
411 4613 435 4665 3,
455 4613 492 4657 11.
513 4615 552 4657 12.
