3209 5392
290 473 340 544 62

287 648 422 712 voluntas
439 640 591 711 testatoris
608 648 701 712 libera
724 656 772 713 est
794 655 825 713 et
847 649 1080 712 deambulatoria
1102 669 1196 732 usque
1213 650 1251 713 ad
1266 656 1407 724 mortem,
1422 651 1476 714 hoc

289 762 336 818 est
368 756 447 839 quod
478 762 580 838 potest
606 763 721 821 mutare
748 763 960 821 testamentum
988 763 1057 820 ante
1085 765 1210 821 mortem
1226 759 1475 842 quandocunque

286 865 365 936 uult,
388 865 461 928 licet
480 870 601 946 pactum
617 866 724 930 fecerit
740 868 820 950 quod
836 887 895 929 non
912 866 1069 947 debeata)
1086 871 1218 937 mutare,
1231 868 1278 930 rel
1294 867 1388 930 etiam
1409 867 1478 930 licet
1582 840 1583 927 l

287 975 600 1057 testamentum-quod
621 975 922 1040 iecit-confirmatum
944 975 983 1037 sit
1004 975 1160 1058 privilegio
1188 976 1351 1058 principis:
1384 976 1479 1038 omnia

287 1087 346 1158 ista
362 1080 400 1169 b)
417 1102 477 1144 non
503 1088 629 1164 possunt
654 1086 801 1166 impedire
827 1085 897 1168 quin
919 1090 1014 1148 mutet
1039 1086 1156 1169 quando
1179 1085 1314 1148 voluerit.
1346 1084 1433 1150 Unde
1456 1084 1480 1146 si

288 1190 366 1251 mille
388 1196 567 1253 testamenta
588 1193 705 1255 laceret
726 1214 785 1255 uuo
809 1193 875 1264 die,
892 1193 1094 1256 tantummodo
1111 1193 1181 1263 hoc,
1203 1193 1234 1255 in
1257 1213 1316 1277 quo
1335 1196 1481 1258 voluntas
1582 1224 1583 1259 r

287 1301 395 1363 ultima
412 1300 592 1381 exprimitur,
608 1301 696 1373 valet,
713 1308 814 1364 cetera
830 1301 928 1364 omnia
941 1301 1203 1364 cassantur-Et
1215 1300 1478 1383 notandumquod
1582 1284 1583 1317 ³

289 1428 403 1479 servus,
432 1408 489 1470 hoc
507 1414 553 1470 est
580 1409 669 1473 homo
695 1411 748 1492 qui·
774 1413 821 1472 θεῖ
841 1410 980 1491 proprius
1003 1409 1146 1481 alicuius,
1169 1431 1229 1473 non
1251 1414 1357 1491 potest
1380 1410 1480 1472 facere
1582 1420 1583 1475 ἶ

288 1522 508 1589 testamentum,
525 1518 579 1580 sed
595 1538 652 1580 uec
668 1519 814 1590 furiosus,
833 1519 883 1600 qui
900 1518 1067 1581 nonhabet
1083 1518 1212 1581 dilucula
1228 1519 1399 1590 intervalla,
1422 1519 1479 1581 hoe
1582 1504 1583 1577 l

290 1631 337 1688 θεῖ
353 1627 402 1709 qui
419 1647 538 1709 semper
552 1628 633 1699 furit,
646 1628 701 1689 sed
718 1647 773 1690 nec
789 1627 935 1710 impubes,
959 1628 1014 1690 sed
1035 1647 1091 1690 nec
1113 1627 1256 1710 prodigus
1280 1628 1330 1690 cui
1355 1628 1483 1690 admiui·
1582 1656 1583 1717 p

289 1735 394 1799 stratio
410 1755 509 1798 rerum
525 1756 643 1798 suarum
660 1737 819 1800 interdicta
834 1741 881 1798 est
902 1756 919 1798 a
936 1736 1051 1808 iudice,
1073 1737 1128 1799 sed
1144 1757 1200 1800 nec
1216 1742 1334 1807 mutus,
1359 1737 1411 1820 qui
1428 1757 1483 1799 nou
1582 1730 1583 1753 ¹

288 1848 390 1924 potest
403 1843 495 1926 loqui,
512 1845 566 1907 sed
582 1865 638 1907 nec
655 1846 773 1917 surdus,
792 1846 842 1928 qui
867 1844 957 1907 nichil
976 1845 1012 1932 e)
1028 1850 1129 1928 potest
1157 1847 1270 1917 audire,
1295 1846 1354 1908 sed
1372 1865 1429 1908 nec
1445 1847 1480 1916 is,

291 1953 340 2034 qui
371 1953 545 2035 proprietati
576 1955 812 2026 abrenunciavit,
847 1960 879 2016 ut
910 1955 1048 2017 monachi
1081 1960 1111 2017 et
1141 1955 1295 2017 moniales.
1342 1953 1489 2037 Impubes,

289 2068 423 2134 uocatur,
440 2064 490 2144 qui
512 2063 639 2124 necdum
663 2063 898 2126 adolescentiam
921 2062 1058 2125 transivIt
1075 2068 1105 2125 et
1122 2068 1169 2125 θεῖ
1190 2063 1310 2128 omnino
1326 2062 1480 2126 imberbis.
1582 2072 1583 2075 ’

289 2172 434 2253 Prodigus
461 2177 601 2241 uocatur,
637 2171 687 2254 qui
707 2171 806 2234 stulte
835 2177 865 2233 et
892 2171 1041 2252 superflue
1075 2191 1124 2233 res
1146 2190 1222 2233 suas
1251 2171 1414 2253 expendit3
1443 2168 1483 2232 illi
1582 2236 1583 2249 χ

289 2280 446 2364 aliquando
462 2300 517 2361 per
532 2280 646 2342 iudices
662 2280 703 2363 d]
720 2287 750 2342 et
765 2301 820 2362 per
836 2280 918 2342 cives
936 2279 974 2364 e)
991 2300 1062 2342 suos
1082 2285 1112 2341 et
1129 2284 1274 2360 cognatos
1292 2279 1484 2343 interdicitur

288 2394 423 2472 potestas
449 2409 549 2451 rerum
576 2409 711 2460 suarum,
740 2410 777 2451 ne
805 2389 948 2452 uidelicet
975 2389 1093 2452 omnino
1121 2387 1172 2451 liat
1200 2408 1314 2470 egenus
1331 2387 1383 2472 f).
1408 2390 1483 2452 Sunt

290 2503 389 2561 autem
404 2499 504 2581 plures
522 2517 623 2569 cause,
638 2503 761 2580 propter
777 2518 851 2581 quas
867 2503 1079 2561 testamentum
1096 2505 1233 2562 cassatur
1256 2504 1286 2561 θῖ
1302 2497 1336 2561 tit
1352 2497 1482 2560 irritum:

289 2608 384 2691 primo
415 2627 470 2689 per
500 2606 765 2688 adgenerationem
807 2607 946 2689 postumi.
1005 2607 1164 2671 Postumus
1214 2608 1324 2670 dicitur
1364 2606 1481 2669 ultimus

217 2800 222 2807 ι
289 2716 365 2779 filius
381 2718 431 2805 9).
463 2717 495 2781 Si
512 2737 584 2798 ergo
601 2717 718 2799 aliquis,
734 2717 850 2782 habens
868 2723 930 2780 tres
945 2717 992 2780 vel
1010 2722 1137 2800 quatuor
1151 2715 1245 2786 filios,
1267 2715 1363 2799 saciat
1386 2720 1483 2778 testa-

289 2831 437 2898 mentum,
466 2832 495 2889 et
517 2826 542 2887 si
563 2810 671 2908 postea
693 2833 822 2908 generet
841 2832 1028 2908 postumum,
1062 2831 1271 2889 testamentum
1302 2823 1477 2893 imitabitur,
1582 2850 1583 2853 ¹

289 2955 326 2997 ne
356 2934 497 2996 videlicet
526 2939 681 3016 postumus
713 2933 890 3014 negligatur.
934 2917 1008 2995 ltem
1038 2936 1249 2995 testamentum
1279 2931 1416 3002 solvitur,
1453 2929 1477 2989 si

289 3048 414 3107 testator
445 3042 535 3105 luerit
578 3041 788 3124 comprobatus
829 3042 1022 3113 criminosus,
1062 3041 1141 3103 sicut
1179 3040 1205 3102 si
1242 3045 1289 3104 est
1324 3039 1477 3127 hereticus

288 3152 335 3214 uel
365 3151 456 3223 latro,
487 3151 534 3213 uel
566 3150 592 3213 si
623 3151 805 3231 degradatus
828 3151 919 3213 fuerit
949 3150 986 3212 de
1013 3150 1138 3221 honore,
1169 3151 1242 3211 item
1268 3148 1305 3210 si'
1321 3169 1355 3211 se
1384 3149 1479 3231 ipsum

289 3259 445 3331 occiderit,
462 3260 541 3321 sieut
556 3259 639 3321 multi
657 3280 690 3320 se
706 3257 789 3340 ipsos
805 3259 912 3342 laqueo
926 3259 1110 3343 suspendunt
1117 3257 1166 3345 l).
1183 3259 1256 3321 Item
1268 3262 1478 3321 testamentum
1582 3322 1583 3337 χ

289 3391 348 3435 nou
359 3370 448 3440 valet,
465 3368 491 3429 si
503 3366 555 3431 fiat
566 3367 731 3448 illegitime,
748 3372 854 3431 contra
865 3369 988 3431 sormam
1001 3368 1083 3430 iuris.
1103 3369 1180 3432 Sunt
1193 3373 1223 3430 et
1235 3365 1292 3428 alie
1309 3386 1414 3439 cause,
1426 3365 1478 3428 sed
1582 3352 1583 3393 ³

290 3498 349 3543 non
365 3483 412 3539 est
428 3454 501 3558 opus
518 3495 621 3538 omues
638 3494 786 3556 exponere
808 3474 853 3562 i).
886 3475 936 3538 llle
959 3475 1048 3538 etiam
1070 3481 1194 3537 vocatur
1215 3476 1407 3548 intestatus,
1431 3473 1478 3558 qui
1582 3506 1583 3545 1

290 3586 414 3649 moritur
424 3585 466 3647 ita
482 3583 562 3667 quod
577 3604 637 3646 non
652 3583 725 3646 facit
740 3586 960 3645 testamentum.
973 3583 1012 3645 Et
1028 3584 1200 3655 notandum,
1217 3585 1296 3667 quod
1313 3585 1338 3646 si
1355 3588 1479 3648 testator
1582 3582 1583 3633 ἱ

173 3716 216 3755 ru.
224 3716 248 3757 n
258 3717 278 3755 r.
290 3695 377 3757 alicui
393 3693 489 3756 amico
506 3713 560 3754 suo
584 3693 685 3754 facere
701 3691 741 3776 lt)
762 3686 973 3757 testamentum
996 3691 1034 3753 de
1055 3690 1146 3754 rebus
1168 3691 1230 3754 suis
1255 3693 1423 3757 committat
1443 3689 1478 3753 ad
1582 3686 1583 3705 ³

289 3805 469 3867 voluntatem
487 3808 517 3864 et
539 3800 751 3863 discretionem
775 3820 859 3862 suam
881 3819 948 3860 cum
969 3800 1268 3880 plenaauctoritate,
1290 3803 1369 3864 illius
1387 3805 1478 3864 testa-

272 3893 476 3999 Ιιῐιθηῖθιῖῖῑ)
506 3909 723 3991 θῖᾱίεροείῖίο
754 3907 883 3979 valebit,
907 3907 985 3970 sicut
1017 3908 1043 3969 si
1071 3909 1120 3970 ille
1148 3909 1178 3972 in
1205 3930 1334 3992 persona
1361 3908 1477 3994 propria

290 4022 425 4085 fecisset.
473 4021 547 4082 ltem
584 4015 742 4101 aliquando
774 4017 807 4080 lit
834 4021 1044 4083 testamentum
1076 4019 1140 4080 sola
1171 4039 1245 4081 voce
1277 4020 1342 4082 sine
1374 4018 1476 4087 literis,

292 4130 449 4213 aliquando
477 4148 553 4192 voce
582 4133 612 4190 et
639 4127 752 4199 literis,
779 4127 937 4209 aliquando
966 4126 1037 4188 solis
1065 4126 1178 4199 literis,
1207 4135 1237 4191 et
1253 4130 1351 4191 omnia
1372 4127 1475 4191 valent.

292 4241 401 4304 Notate
419 4238 518 4309 etiam,
536 4237 615 4320 quod
631 4240 843 4299 testamentum
860 4234 952 4298 dehet
971 4233 1037 4297 fieri
1059 4236 1124 4299 sine
1148 4237 1303 4301 intervallo
1326 4235 1475 4320 temporis,

383 4413 415 4482 a)
430 4412 510 4465 debet
522 4412 552 4467 V.
567 4440 599 4449 -
614 4410 645 4479 t)
659 4412 711 4464 hec
724 4409 751 4462 Ζ.
773 4436 810 4448 -·
832 4409 863 4478 e)
879 4409 983 4461 omnino
996 4411 1023 4462 Z.
1037 4438 1072 4448 —
1086 4409 1121 4477 d)
1141 4409 1255 4462 iudicem
1272 4409 1302 4461 Z:
1315 4436 1349 4449 -
1362 4409 1393 4477 e)
1414 4422 1474 4461 cou-

293 4503 364 4561 cives
378 4502 405 4556 Z.
415 4532 451 4543 -
459 4502 491 4574 f)
505 4500 640 4556 mendicus
653 4501 763 4570 Z.·-p)
776 4499 898 4560 filiorum,
911 4516 963 4551 rou
977 4499 1050 4552 einer
1062 4500 1161 4552 andem
1174 4499 1247 4552 lland
1261 4499 1298 4552 ist
1310 4496 1476 4567 augemerlt=

292 4603 431 4666 postumus
450 4592 548 4646 dicitur
568 4590 613 4661 qui
632 4596 708 4644 natus
727 4595 768 4643 cst
788 4593 853 4660 post
873 4595 982 4642 mortem
1002 4594 1031 4643 et
1053 4588 1229 4644 humationem
1247 4590 1331 4659 patris
1351 4590 1392 4641 sui
1400 4589 1430 4674 J.
1444 4613 1474 4624 -

292 4684 327 4764 lu)
354 4683 546 4756 suspenderant
558 4685 584 4736 Z.
599 4713 634 4722 -
647 4682 674 4750 a)
687 4698 787 4752 ponere
800 4681 827 4732 Z.
838 4710 870 4720 -
884 4681 918 4749 lc)
931 4680 1032 4735 laceret
1045 4682 1075 4735 V.
1091 4712 1120 4723 -
1136 4681 1163 4749 l)
1182 4681 1219 4733 ill.
1231 4683 1295 4734 test
1307 4681 1373 4734 fehlt
1386 4664 1413 4738 v,
