3209 5392
1214 492 1288 565 163

118 659 219 734 nititur,
247 658 434 723 reformetur.
466 659 559 724 Huius
577 661 655 723 enim
671 659 907 744 preminenciam
924 663 1080 745 dignitatis
1109 661 1178 728 dum
1202 684 1291 727 reue-

117 776 205 833 renter
218 767 411 839 attendimus,
441 769 493 851 qui
519 768 659 849 regimini
688 770 840 850 generalis
868 772 1015 844 ecclesie,
1049 772 1123 834 licet
1148 771 1291 842 inmeriti,

118 875 202 938 divina
221 879 321 937 umen
336 874 530 956 providencia
546 875 752 956 presidemus,
776 876 930 939 reddimur
946 878 1038 940 corde
1054 874 1191 948 solliciti,
1216 896 1292 960 quo-

116 981 192 1045 modo
220 980 316 1062 possit
347 1001 383 1043 ex
413 986 516 1043 nostre
553 981 733 1063 provisionis
765 983 874 1046 auxilio
913 985 1123 1067 tranquillitati
1155 983 1292 1047 eiusdem

117 1086 241 1158 ecclesie,
258 1087 364 1150 celesti
376 1086 489 1168 pietate
504 1088 651 1170 propicia,
666 1088 830 1170 provideri,
846 1090 1006 1172 presertim
1023 1090 1103 1173 quod
1119 1090 1293 1174 unigenitus

115 1194 163 1257 Dei
187 1192 252 1264 riri,
282 1198 315 1255 ut
340 1193 552 1256 reconciliaret
579 1213 699 1258 servum
727 1194 865 1267 domino,
894 1196 1053 1259 descendit
1074 1196 1112 1259 ad
1128 1197 1187 1261 ima
1203 1201 1234 1259 et
1251 1196 1289 1259 de

114 1301 209 1364 mundo
229 1302 411 1364 transiturus
433 1300 472 1362 ad
493 1304 626 1381 patrem,
654 1300 738 1384 pacis
761 1300 962 1366 hereditatem
985 1302 1047 1365 suis
1063 1303 1094 1365 in
1110 1308 1292 1366 testamento

113 1408 266 1489 delegarit:
286 1417 452 1489 „pacem“‚
477 1407 633 1489 inquiens,
659 1427 776 1481 ,meam
792 1409 830 1472 do
846 1409 950 1480 vobis,
971 1414 1094 1490 pacem!
1117 1408 1166 1495 1)“
1184 1408 1291 1472 hocin

114 1514 204 1578 ultimo
221 1513 441 1598 quodammodo
457 1532 639 1594 proponens,
655 1520 689 1577 ut
703 1515 829 1578 verbum
842 1515 927 1597 pacis
944 1515 1104 1577 ardencius
1121 1515 1152 1577 in
1168 1515 1295 1577 audien-

112 1622 181 1684 cium
205 1620 347 1684 cordibus
374 1619 528 1700 figeretur.
552 1655 597 1669 -
619 1619 695 1683 Hinc
727 1627 774 1684 est
802 1621 898 1705 quod,
929 1627 962 1684 ut
990 1622 1055 1703 ipsa
1081 1622 1171 1685 beata
1198 1627 1294 1686 mater

112 1728 232 1790 ecclesia
247 1747 305 1809 per
315 1725 447 1789 fidelium
463 1745 585 1789 suorum
600 1725 719 1789 salubre
733 1727 891 1791 consilium
908 1734 939 1791 et
954 1728 1094 1791 auxilium
1105 1729 1294 1791 fructuosum

110 1832 1294 1924 smmdmffipmfflhmmemmmmatmcmnmommdmqmd

108 1944 179 2006 inter
194 1944 321 2005 eandem
344 1947 478 2004 sanctam
500 1947 627 2005 matrem
650 1943 812 2005 ecclesiam
828 1963 864 2004 ex
878 1948 965 2024 parte
990 1961 1059 2013 una,
1083 1948 1114 2005 et
1127 1942 1296 2025 principem

107 2049 140 2113 N.
163 2052 191 2137 ²)
213 2070 251 2112 ex
278 2054 365 2131 perte
387 2048 482 2111 altera
503 2068 559 2130 per
585 2049 705 2112 modum
727 2041 788 2112 litis
811 2049 952 2120 sortitur,
990 2048 1174 2112 dirimendo:
1203 2068 1293 2130 reges

105 2163 194 2229 terre,
220 2157 358 2239 prelatos
374 2156 572 2219 ecclesiarum
594 2162 625 2219 et
647 2157 721 2220 alios
745 2156 847 2218 mundi
870 2161 1007 2240 rectores
1031 2154 1166 2217 duximus
1183 2175 1296 2218 conro-

107 2262 1293 2345 mmmmmhmmmmdmmmmmmfflmwm

105 2363 293 2442 mandantes,
319 2375 465 2454 quatenus
489 2369 568 2432 omni
584 2389 707 2452 prorsus
730 2371 891 2434 occasione
918 2371 1070 2451 relegata,
1098 2369 1135 2433 N.
1165 2372 1292 2434 termino

105 2483 188 2561 atque
205 2477 255 2543 die
277 2474 317 2560 β)
335 2481 437 2539 nostro
466 2482 496 2539 te
524 2478 702 2558 conspectui
729 2482 939 2558 representes,
966 2482 1113 2560 quatenus
1145 2496 1217 2548 nos,
1246 2477 1297 2561 qui

106 2582 1297 2666 mffimmfflffimffiQWmmmffimfflmmmmm

108 2697 136 2755 et
149 2691 313 2756 concordie
343 2689 468 2752 consilia
494 2694 632 2752 tenemur
658 2689 837 2772 propensius
866 2692 1018 2771 cogitare,
1045 2695 1098 2753 tua
1115 2696 1146 2753 et
1171 2690 1296 2753 aliorum

106 2799 268 2879 prudencia
285 2798 327 2881 a]
348 2796 511 2866 mediante,
535 2796 705 2877 predictum
729 2798 890 2878 negocium
914 2817 949 2860 eo
973 2796 1128 2860 comodius
1145 2796 1296 2859 valeamus

106 2906 141 2968 ad
156 2913 270 2970 statum
285 2904 371 2987 pacis
389 2908 419 2968 et
436 2902 597 2966 concordie
614 2908 790 2985 retorquere
809 2902 858 2989 γ).

188 3067 389 3138 Ergdnzungcn
411 3081 459 3119 aus
478 3063 802 3131 Rayn.124t5,no.l.—
816 3063 849 3135 α)
872 3068 899 3115 ct
921 3061 1086 3131 deplorando
1108 3067 1181 3116 terre
1203 3064 1297 3116 sancte

104 3152 247 3209 discrimini
273 3160 301 3209 et
324 3155 424 3208 afflicto
447 3139 564 3207 Romano
592 3152 702 3223 imperio
724 3169 842 3223 propere
865 3153 953 3205 valeat
975 3152 1109 3205 subveniri
1131 3169 1163 3205 ac
1184 3151 1298 3206 inveniri

103 3244 248 3298 remedium
267 3245 364 3298 contra
377 3242 508 3296 Tartaron
527 3245 554 3295 ct
573 3241 639 3296 ulios
660 3245 862 3311 contemptores
874 3240 937 3295 fidei
950 3258 982 3294 ac
995 3243 1187 3311 persecutores
1202 3241 1297 3310 populi

103 3333 247 3388 christiani.
263 3362 298 3373 -
313 3330 350 3403 β)
374 3347 459 3400 usquc
482 3330 517 3384 ad
535 3332 684 3401 proximum
705 3330 804 3385 testum
827 3331 855 3384 S.
878 3331 988 3385 Joannis
1010 3330 1130 3400 Baptista
1142 3358 1179 3369 -
1192 3327 1224 3399 p)
1238 3328 1298 3383 nat.

102 3421 219 3493 Lugduni
246 3421 283 3476 lll
307 3421 398 3474 Nonas
423 3419 543 3474 ianuarii
566 3421 661 3490 pontif.
686 3419 815 3476 secundo.
842 3450 871 3459 -
896 3420 944 3474 uin
971 3419 1107 3473 uhnliches
1130 3418 1296 3489 papstliclrss

103 3509 249 3567 Schneiben
282 3511 438 3576 „abbatibus
462 3514 496 3577 et
516 3509 652 3579 prioribus
673 3526 725 3581 per
745 3511 869 3579 Augliam
891 3508 1065 3564 constitutis“
1089 3508 1148 3562 Dat.
1174 3507 1298 3576 Lugduni

23 3638 27 3648 ·
102 3599 135 3654 ul
151 3602 208 3655 Kal.
228 3602 315 3655 Febr.
333 3599 428 3668 pontif.
442 3615 509 3653 anno
523 3599 657 3654 secundo:
675 3600 724 3653 Dei
742 3600 828 3655 virtus
842 3628 878 3639 -
891 3598 999 3655 onerosi
1019 3598 1062 3651 bei
1076 3598 1155 3651 lieth.
1168 3597 1244 3650 Paris
1258 3596 1292 3649 cd

101 3689 209 3745 Londou
223 3690 310 3753 roto,
323 3707 351 3760 p.
365 3687 426 3743 656.
862 3689 865 3694 '

191 3852 228 3920 a)
245 3868 291 3905 em
304 3850 410 3905 Raude:
431 3850 496 3905 nlius
511 3851 660 3920 presencia.

123 4136 147 4196 ι)
164 4138 208 4184 nv.
227 4140 287 4185 sou.
307 4150 328 4184 e.
348 4136 384 4183 rc.
403 4137 443 4182 27.

124 4229 149 4292 ¹)
162 4235 254 4281 linires·
272 4234 398 4281 Friedrich
415 4233 446 4278 ist
462 4232 575 4293 gemeint.
