3209 5392
756 760 790 828 3.

602 903 811 1012 imperatorii.
832 936 943 997 comiti.

170 1109 270 1163 Kaisar
289 1105 431 1168 Friedrich
449 1108 481 1159 Π.
502 1104 628 1158 bericbtet
646 1108 704 1159 dem
725 1107 813 1159 Ezelin
830 1125 879 1161 ooo
897 1108 995 1161 scincus
1021 1107 1214 1182 ll'oblbcfioden
1231 1112 1287 1164 und
1303 1112 1363 1164 dem

413 1193 580 1266 plrickticbco
594 1196 741 1265 Fortpoope
754 1195 843 1249 ceiner
852 1196 1109 1268 Umeroobmunpcn.

261 1342 360 1394 Petrus
374 1340 406 1393 dc
421 1338 478 1392 Vin.
493 1339 519 1401 2,
533 1340 577 1391 25,
592 1340 699 1392 Enclino
714 1340 832 1393 scribens
846 1344 898 1392 etc.

260 1483 381 1546 Scimus
414 1487 445 1544 et
472 1482 553 1563 longi
585 1482 729 1563 temporis
762 1484 965 1564 experimento
996 1482 1205 1564 probavimus,
1237 1487 1317 1568 quod
1344 1507 1362 1550 a

167 1589 404 1660 cousuetudine,
436 1609 495 1671 que
527 1591 586 1651 iam
613 1589 645 1650 in
671 1595 705 1651 tc
731 1595 838 1651 namra
864 1590 924 1652 vim
951 1590 1083 1661 obtinet,
1114 1593 1283 1675 prescripta
1310 1599 1361 1656 tue
1467 1615 1482 1647 υ

166 1698 347 1760 maturitatis
364 1696 501 1765 devocio,
519 1696 628 1757 nativis
643 1702 745 1758 erecta
762 1696 922 1775 potenciis,
939 1697 1037 1777 possit
1058 1698 1118 1759 iarn
1133 1698 1254 1762 minime
1270 1700 1364 1763 decli·

166 1823 241 1867 nare
273 1842 318 1852 -
350 1803 480 1873 scimus,
508 1801 588 1883 mod
609 1820 722 1882 urgens
738 1804 769 1864 in
786 1822 908 1876 sensum
923 1808 975 1866 tue
998 1801 1172 1867 devocionis
1188 1807 1362 1889 antiquitas,

170 1909 392 1994 quantumlibet
414 1908 469 1971 tibi
490 1907 632 1971 brumosa
649 1909 692 1994 a)
709 1913 850 1972 senescat
864 1911 895 1972 in
916 1930 1058 1992 corpore,
1081 1913 1214 1975 virtuosa
1237 1914 1364 1976 nichilo-

167 2019 269 2080 minus
284 2017 461 2080 iuvencscat
488 2018 519 2079 in
547 2017 654 2098 spiritu
671 2021 701 2079 et
716 2016 748 2077 in
764 2022 865 2079 mente
892 2056 953 2089 -,
981 2017 1093 2080 scimus
1110 2019 1191 2100 quod
1207 2020 1297 2083 arbor
1311 2026 1364 2084 tue

166 2123 241 2188 odei
267 2143 414 2188 annorum
440 2129 592 2187 vetustate
620 2144 680 2185 non
709 2123 836 2205 desipit,
866 2123 920 2185 sed
948 2126 1148 2207 quantoplus
1171 2127 1203 2189 in
1226 2133 1362 2210 tempore

163 2230 292 2303 labitur,
320 2237 403 2295 tanto
431 2233 548 2295 fructus
575 2230 755 2312 placidiores
790 2230 942 2293 adducere
971 2233 1127 2295 consuevit
1147 2268 1208 2306 -,
1237 2235 1480 2307 semusto-³¹¹0·

166 2340 249 2422 quod
274 2341 348 2402 licet
364 2360 381 2401 a
397 2339 485 2401 nobis
513 2338 664 2408 interdum
689 2338 825 2400 locorum
852 2338 1048 2420 intercapedo
1064 2344 1095 2402 te
1113 2341 1241 2413 dividat,
1270 2342 1363 2405 corde

165 2453 268 2510 tamen
285 2451 315 2509 et
330 2448 428 2509 animo
446 2450 548 2508 nostre
565 2445 731 2507 maiestatis
748 2445 919 2526 potenciam
938 2444 976 2528 b]
993 2446 1138 2518 intueris,
1166 2447 1235 2510 dum
1252 2453 1364 2512 statum

167 2559 304 2617 nostrum
319 2553 433 2626 votivas
450 2572 506 2634 per
521 2551 624 2614 literas
641 2571 819 2633 prosperum
832 2551 928 2633 epotis
946 2558 977 2614 et
991 2572 1047 2634 per
1074 2555 1199 2617 nuncios
1228 2556 1366 2619 ministe-

165 2647 439 2742 riosus‘enquirere
456 2679 516 2720 non
538 2656 672 2720 desistis.
704 2658 785 2721 Ecce
813 2658 906 2738 igitur
931 2660 1010 2722 votis
1037 2661 1097 2722 tuis
1126 2679 1259 2724 consone
1288 2680 1364 2725 nova

165 2767 384 2837 rescribimus,
411 2766 492 2848 quod
508 2764 644 2835 scilicet,
673 2764 773 2826 divina
789 2766 910 2828 favente
926 2767 1048 2846 gracia,
1076 2787 1221 2849 prospere
1237 2768 1363 2831 vivimus

53 2927 56 2933 .
169 2879 200 2935 et
232 2873 369 2955 corporis
400 2872 496 2935 nostri
526 2870 668 2942 menbra,
706 2870 824 2933 bellicis
861 2873 1009 2936 hactenus
1041 2874 1168 2955 fatigata
1198 2873 1365 2944 laboribus,

165 2980 314 3043 deliciosa
336 2980 423 3060 regni
445 2979 542 3042 nostri
566 2978 725 3040 dulcedine
749 2984 974 3051 restauramus,
1001 2980 1051 3041 illo
1074 2979 1283 3043 nichilominus
1305 3000 1365 3044 non

166 3087 310 3159 obmisso,
328 3087 400 3170 quin
413 3086 452 3148 ad
463 3084 683 3168 pacificandum
700 3091 811 3148 statum
826 3084 969 3156 fidelium,
982 3091 1012 3148 et
1023 3086 1178 3149 rebellium
1194 3093 1364 3149 nostrorum

164 3194 309 3277 reliquias
342 3193 571 3275 opprimendas,
612 3212 700 3255 curas
735 3198 854 3254 nostras
889 3194 1060 3255 sollicitudo
1096 3195 1279 3276 prosperior
1308 3214 1364 3275 per

167 3301 357 3364 continuatas
374 3300 491 3381 vigilias
509 3298 618 3361 debeat
633 3298 814 3379 propensius
833 3299 972 3361 excitare.

755 3611 800 3681 lt..

478 3786 647 3867 inperator
661 3785 774 3866 populo
791 3787 992 3865 llyscbcncnsl
1006 3785 1054 3869 c).

616 3940 695 3994 1242.
709 3940 783 3993 Ende
795 3941 923 3995 Februar.

168 4089 271 4145 Koicer
288 4085 430 4142 Friedrich
447 4087 482 4139 11.
501 4085 570 4156 κοῖφι
586 4086 639 4139 den
658 4084 826 4140 Bercobncro
847 4102 897 4140 ooo
914 4087 1033 4141 Macrino
1050 4088 1102 4141 deo
1120 4105 1162 4141 am
1180 4088 1225 4142 10.
1243 4090 1365 4145 Februar

133 4169 138 4178 ’
273 4176 349 4236 1242,
363 4174 492 4247 erfolpten
509 4176 565 4228 Yod
576 4174 664 4229 seiam
676 4175 887 4245 Eratpeborenco
899 4177 948 4231 dcc
961 4176 1256 4247 [conturbatoribus.

266 4318 344 4400 Quia
374 4317 455 4381 inter
486 4323 605 4380 ceteros
632 4316 719 4397 regni
752 4316 848 4378 nostri
880 4316 985 4379 fideles
1017 4318 1142 4399 speciali
1173 4321 1364 4402 prerogativa

167 4427 313 4511 populum
330 4446 453 4508 semper
469 4426 624 4489 dileximus
646 4426 818 4506 Mysensem
840 4425 890 4508 o),
911 4424 1039 4496 idcirco,
1061 4427 1139 4490 sicut
1155 4427 1192 4489 de
1209 4428 1364 4509 prosperis

264 4588 298 4652 o)
314 4586 422 4640 ruinosa
435 4588 507 4639 Petr.
522 4586 547 4637 d.
560 4585 589 4638 V.
604 4614 637 4623 -
651 4585 683 4652 b)
699 4585 879 4654 praesenciam
893 4587 922 4637 P.
937 4584 961 4637 d.
976 4587 1004 4641 V.
1018 4615 1052 4625 ·-
1066 4585 1097 4654 c)
1113 4586 1251 4640 Offenbare
1269 4586 1365 4640 Feblor

170 4677 216 4729 tor
229 4675 396 4729 Messanensi
410 4676 462 4729 und
476 4677 681 4729 Messanensem.
