3209 5392
282 495 360 567 206

279 664 478 747 propinquum
506 660 685 742 expectabat
711 658 894 727 subsidium,
926 658 1042 721 devotis
1075 656 1235 721 affectibus
1263 660 1445 723 condolemus

281 772 341 833 lota
362 777 462 833 tamen
478 767 561 830 varia
584 767 734 829 relacione
751 765 886 847 perplexi
908 765 1034 827 credere
1052 765 1227 847 simpliciter
1242 766 1368 847 loquacis
1385 768 1452 829 lame

281 878 376 939 relatu
393 875 546 943 uolumus,
573 874 671 936 donec
695 892 787 953 super
809 871 869 932 hiis
891 871 1022 939 ueritas,
1050 891 1107 953 que
1125 872 1286 934 dubietatis
1301 873 1452 935 huiusmodi

281 983 417 1046 turbines
434 982 546 1049 abluat,
561 962 648 1043 nobis
664 977 793 1041 lucidior
808 976 939 1059 patefiat.
968 978 1095 1059 Propter
1111 978 1192 1060 quod
1207 980 1330 1041 latorem
1343 999 1453 1060 presen-

282 1091 373 1159 cium,
390 1096 423 1152 ut
438 1088 476 1150 ad
492 1106 547 1149 nos
563 1086 669 1149 redeat
685 1084 723 1148 de
739 1090 839 1147 vestro
856 1103 1003 1165 processu
1017 1085 1131 1147 utinam
1147 1085 1230 1148 felici
1246 1087 1409 1154 instructus,
1422 1085 1454 1147 ad

280 1201 413 1259 vestram
440 1194 629 1277 presenciam
659 1192 831 1274 specialiter
856 1191 1041 1274 providimus
1070 1192 1300 1262 destinandum,
1329 1197 1455 1274 rogantes

283 1308 429 1385 quatenus
445 1321 500 1382 per
517 1300 645 1363 eundem
661 1298 748 1362 anxie
763 1304 866 1361 nostre
883 1299 1054 1363 serenitatis
1071 1299 1235 1362 intrinseca
1251 1301 1404 1363 renovetis.

371 1463 418 1515 Die
430 1459 611 1514 iranztsischc
623 1460 709 1512 Flotte
722 1475 778 1511 war
789 1475 832 1511 um
844 1458 889 1511 22.
902 1458 953 1511 tint
966 1456 1039 1511 lm
1057 1475 1108 1511 von
1128 1461 1189 1512 deur
1201 1460 1284 1512 umen
1305 1476 1353 1513 rou
1365 1458 1453 1510 Limus·

283 1553 324 1606 sol
350 1549 539 1620 ausgelaufea,
559 1548 642 1601 schoa
662 1549 729 1601 net
751 1537 857 1618 einiger
875 1549 968 1617 Tagen
991 1547 1083 1602 uurdc
1102 1549 1142 1601 sis
1157 1549 1259 1617 jedoch
1277 1566 1329 1602 von
1348 1549 1457 1601 Stdrmeu

282 1639 461 1694 auseiusuder
483 1636 629 1707 gettieben.
656 1636 812 1702 (willemi,
826 1634 861 1690 93
876 1637 919 1707 u.)
945 1638 1001 1691 sos
1021 1636 1221 1692 dicllachricht
1244 1639 1352 1692 hiervou
1373 1636 1455 1689 erlicss

281 1728 435 1787 Friedrich,
458 1725 507 1779 der
523 1726 570 1779 mit
592 1726 701 1794 Ludwig
712 1726 756 1779 lX.
773 1727 947 1780 iortdrucrud
968 1727 992 1779 in
1007 1729 1097 1795 gutcm
1110 1727 1318 1781 Einvernohmen
1333 1724 1459 1796 gotlictcu

285 1833 347 1878 war,
362 1833 459 1870 unsern
472 1815 553 1875 Briei,
573 1814 621 1869 der
634 1816 764 1870 demnach
777 1819 844 1869 ctwa
858 1819 892 1869 im
904 1817 964 1871 luni
980 1817 1158 1885 geschrieben
1172 1818 1228 1870 scin
1242 1816 1315 1871 wird.

866 2109 902 2179 2.

631 2287 825 2366 inperatoris
841 2285 922 2349 illus
938 2289 1002 2366 rcgl
1017 2287 1131 2364 lnglle

690 2442 769 2496 1247.
783 2442 902 2497 Februar
915 2443 982 2497 oder
994 2444 1088 2499 tuam

287 2592 344 2645 Der
355 2545 446 2659 junge.
457 2585 596 2650 Heinrich,
619 2584 783 2640 Friedrielr's
796 2588 833 2640 ΙΙ.
846 2588 904 2640 aad
920 2587 1056 2642 isabelle'e
1070 2587 1153 2650 Soio,
1164 2587 1294 2657 schreibt,
1308 2588 1431 2645 metues
1441 2604 1469 2639 er

283 2678 330 2732 die
357 2676 441 2747 Teufe
463 2675 621 2746 empfenpen
643 2676 700 2729 und
719 2693 777 2728 zum
802 2676 905 2748 Kooige
931 2694 980 2730 oon
1003 2676 1117 2731 Siciliea
1138 2677 1279 2750 eingeeetzt
1301 2680 1352 2744 iet,
1380 2677 1469 2732 eeiceu

286 2766 388 2829 Odeim,
410 2767 469 2844 dem
490 2764 594 2837 chipe
611 2782 661 2818 von
678 2765 810 2836 mptanc,
831 2766 885 2818 dea
903 2773 990 2820 ersten
1004 2766 1087 2839 Brief
1099 2769 1155 2821 aad
1171 2767 1323 2839 verepricit
1343 2766 1386 2822 oet
1401 2772 1470 2837 puter

639 2852 809 2924 Gelepeadeit
820 2855 920 2909 wieder
933 2872 966 2907 eu
978 2854 1127 2911 ecdrecten.

381 2996 552 3056 liniti-Brit.
566 2996 608 3059 vl,
624 2995 689 3050 tot.

374 3140 408 3203 Si
435 3137 665 3219 magnificencie
692 3144 793 3202 vestre
821 3138 977 3222 hucusque
1008 3162 1068 3205 uon
1099 3141 1293 3224 scripsimus,
1326 3142 1356 3203 si
1379 3144 1472 3203 nostre

282 3265 476 3328 progressum
492 3246 611 3308 fortune
623 3245 661 3309 ad
673 3251 803 3309 vestram
819 3247 959 3309 noticiam
972 3246 1012 3335 α)
1028 3250 1132 3329 segnis
1149 3247 1281 3312 officium
1298 3247 1404 3312 calend
1419 3264 1473 3309 nou

285 3352 441 3435 perduxit,
469 3352 496 3413 si
511 3357 683 3415 nostrorum
699 3358 787 3434 gesta
815 3373 1010 3417 successuum
1027 3356 1112 3418 stilus
1128 3350 1275 3419 hactenus
1305 3353 1473 3419 dictatorius

283 3480 343 3523 non
359 3460 526 3541 suggessit,
542 3479 638 3522 causa
649 3460 718 3529 tuit,
734 3459 815 3541 quod
830 3460 916 3522 uoltis
933 3461 963 3523 in
979 3463 1064 3524 annis
1080 3463 1225 3526 videlieet
1235 3465 1351 3527 teneris
1367 3459 1474 3525 consti-

284 3568 357 3631 arus
373 3586 431 3629 nec
446 3566 559 3630 renatis
576 3567 674 3630 adhue
691 3568 774 3629 fonte
790 3566 990 3648 baptismatis,
1013 3568 1085 3649 quid
1101 3576 1132 3631 et
1148 3571 1198 3632 cui
1212 3577 1318 3634 nostra
1334 3569 1475 3633 scriberet

284 3675 417 3736 infancia
433 3693 491 3736 nec
508 3673 682 3736 discernere
697 3677 819 3755 poterat
834 3693 890 3735 nec
908 3673 1034 3737 sciebat.
1056 3676 1143 3739 Nunc
1160 3683 1259 3739 autum
1275 3678 1391 3741 donoro
1406 3673 1475 3738 tanti

289 3782 470 3844 sacramenti
486 3781 681 3861 solempniter
697 3781 850 3850 decorati,
871 3781 909 3844 ad
925 3800 1020 3844 annos
1036 3784 1133 3846 ceiam
1149 3784 1280 3849 alicuius.
1293 3781 1474 3867 cognicionis

286 3889 422 3959 adducti,
437 3907 513 3973 quos
535 3888 622 3950 nobis
639 3892 776 3969 gustatus
792 3908 876 3951 amor
890 3893 1015 3970 paterne
1038 3890 1207 3955 dilectionis
1224 3894 1288 3957 sive
1311 3888 1476 3956 dulcedinis

286 4015 382 4078 nuper
397 3995 472 4059 fecit
493 3995 641 4066 audaces,
670 3994 740 4056 dum
762 4014 818 4056 nos
833 3995 865 4057 in
881 3995 955 4058 solio
978 4015 1050 4067 suo,
1076 4003 1109 4061 ut
1122 4000 1185 4062 toti
1200 4021 1295 4083 regno
1314 3998 1426 4082 Sycilie
1441 3995 1476 4058 de

286 4104 524 4167 consiliariorum
548 4121 669 4164 suorum
693 4101 922 4182 disponeremus
954 4105 1091 4178 consilio,
1123 4108 1280 4172 ordinavit
1319 4108 1476 4172 Presentes

286 4230 362 4272 vero
375 4210 460 4272 vobis
482 4214 587 4272 nosue
606 4207 801 4271 salutacionis
825 4209 928 4290 apices
945 4210 1129 4276 destinamus
1146 4221 1177 4277 et
1192 4216 1374 4299 frequenter
1388 4209 1477 4276 desti·

286 4315 423 4413 trahimus
439 4316 470 4378 in
496 4317 645 4385 futurum,
671 4316 819 4397 quociens
847 4320 878 4379 ct
892 4335 994 4380 rerum
1022 4320 1149 4401 qualitas
1167 4322 1267 4405 exiget
1283 4329 1316 4386 et
1343 4341 1379 4383 se
1394 4316 1477 4382 nobis

288 4423 474 4503 oportunitas
492 4422 599 4485 offeret
613 4422 800 4486 nunciorum.

377 4566 569 4634 Ergtnzungcn
589 4585 637 4621 aus
651 4567 868 4623 duillers-Brun
881 4570 924 4632 Vl,
942 4571 1005 4626 tot.
1032 4572 1101 4640 Regi
1118 4574 1266 4643 Anglorum
1283 4590 1332 4628 rex
1352 4570 1476 4628 ilenricus

289 4661 341 4710 etc.
356 4686 391 4695 -
403 4656 437 4725 α)
452 4657 475 4710 si
489 4656 614 4727 nepotice
627 4658 767 4726 sospitatis
780 4664 889 4714 eventus
903 4659 936 4716 ad
948 4662 1071 4716 noticiam
1085 4668 1198 4718 vestam
1211 4669 1262 4720 etc.
