3209 5392
248 510 321 581 170
374 486 381 500 ‘

241 681 346 745 urbem
376 676 495 747 turbat,
533 694 628 756 regna
659 675 794 738 concutit
827 680 859 738 et
885 674 1062 739 universalis
1098 673 1230 738 ecclesie
1257 674 1323 737 siue
1351 675 1435 739 orbis

242 788 363 853 molitur
378 783 526 850 excidium
542 802 578 846 ac
595 782 827 846 orthodoxorum
849 782 1055 845 exterminium
1077 781 1264 864 populorum,
1287 787 1331 853 ut,
1354 782 1437 845 cultu

244 895 407 976 exstirpato
436 891 552 961 diuino,
583 890 650 971 ipse
678 888 760 952 solus
787 889 877 952 uelud
905 889 1059 970 singulare
1092 888 1293 952 desolacionis
1313 889 1436 971 ydolum

242 1003 384 1065 adoretur
410 996 447 1085 1).
480 997 561 1078 Ergo
583 1016 637 1078 pro
660 995 829 1059 admirabili
851 995 973 1059 celestis
996 994 1271 1077 gracie·benelicio
1297 996 1329 1058 in
1349 996 1438 1060 vobis

241 1109 298 1172 toti
310 1106 419 1169 mundo
433 1105 540 1168 collato
553 1108 584 1165 et
594 1103 714 1184 proviso
727 1102 869 1166 divinitus
882 1103 920 1165 ad
934 1102 1153 1165 relevacionem
1169 1108 1265 1166 status
1281 1103 1437 1185 provincie

243 1217 281 1278 N.
315 1214 423 1295 dignas
455 1211 575 1292 gracias
607 1228 699 1290 agere
735 1208 873 1290 largitori
909 1229 971 1273 non
1002 1209 1151 1274 sufficitur
1185 1210 1288 1291 lingua
1326 1210 1439 1274 caruis.

242 1321 369 1386 Accedit
384 1317 532 1401 siquidem
549 1315 636 1379 nobis
652 1316 690 1378 ad
707 1316 857 1378 cumulum
880 1316 1073 1397 gaudiorum,
1100 1317 1181 1399 quod
1201 1316 1288 1379 vobis
1305 1316 1438 1381 hunam

243 1428 376 1511 graciam
392 1426 486 1490 solam
502 1424 674 1486 affluentem
688 1416 850 1485 humilibus
872 1421 974 1486 taliter
993 1423 1177 1495 vendicatis,
1207 1424 1287 1506 quod
1308 1423 1437 1487 victorie

243 1537 380 1618 palmam,
404 1551 493 1615 quarn
510 1529 547 1592 de
563 1528 701 1593 hostibus
718 1529 873 1600 retulistis,
891 1530 955 1592 Deo
973 1550 1032 1593 non
1047 1530 1133 1593 robis
1150 1530 1320 1600 ascribitis,
1341 1529 1437 1612 proii-

242 1648 341 1705 tentes
364 1658 430 1702 eam
446 1659 505 1702 non
527 1657 563 1699 ex
585 1636 694 1700 robore
719 1634 847 1699 humane
875 1636 1011 1708 virtutis,
1040 1637 1095 1699 sed
1124 1637 1161 1700 de
1189 1636 1362 1718 incorrupte
1379 1638 1437 1700 Dei

244 1746 401 1831 genitricis
428 1744 594 1827 patrocinio
621 1741 869 1829 processisses).
901 1743 1028 1825 Propter
1055 1744 1136 1825 quod
1162 1762 1217 1824 pro
1241 1749 1325 1806 certo
1348 1744 1436 1808 vobis

245 1859 294 1917 est
325 1851 521 1934 sperandum,
559 1849 638 1933 quod
667 1850 724 1912 Dei
761 1849 901 1913 auxilium
931 1868 1112 1931 progressus
1143 1855 1261 1913 uestros
1291 1851 1439 1934 prosequi

244 1982 305 2024 non
328 1958 470 2029 desistat,
499 1959 611 2028 donec,
639 1956 749 2039 adepto
772 1957 811 2019 de
832 1956 920 2020 hoste
945 1955 1113 2038 triumpho,
1142 1954 1217 2020 fines
1239 1962 1359 2020 vestros
1381 1976 1439 2039 pax

248 2066 378 2131 iocunda
408 2066 562 2148 possideat
589 2071 620 2128 et
645 2063 731 2127 vohis
763 2063 980 2127 exultacionem
1010 2063 1042 2125 in
1068 2064 1196 2127 Domino
1229 2062 1439 2129 subministret

247 2178 285 2239 de
302 2173 445 2239 ineffabili
462 2172 679 2258 quodammodo
694 2191 819 2234 munere
836 2172 940 2253 gracie
962 2171 1120 2254 specialis,
1147 2177 1180 2234 ut
1194 2173 1226 2235 in
1240 2171 1333 2235 rebus
1348 2173 1438 2236 belli-

245 2284 290 2346 cis
313 2281 487 2346 ostenderet
513 2300 566 2343 ros
594 2279 632 2341 ab
660 2279 879 2362 antiquis-non
907 2279 1111 2360 degenerasse
1138 2279 1324 2361 parentibus.
1359 2280 1438 2363 Quin

243 2392 303 2453 imo
325 2389 460 2471 ipsorum
481 2385 633 2450 hereditas
655 2407 710 2468 per
732 2390 920 2450 constantem
940 2391 1041 2449 vestre
1063 2387 1228 2468 prudencie
1255 2387 1438 2470 probitatem

245 2499 277 2560 in
303 2494 436 2558 brachiis
464 2494 572 2557 restris
601 2494 693 2576 elegit
719 2500 780 2557 tam
808 2494 953 2575 grandem
981 2514 1035 2556 sue
1062 2496 1228 2559 maiestatis
1256 2516 1380 2578 operam
1406 2496 1438 2560 in

243 2606 399 2673 virtutem,
416 2607 448 2664 ut
469 2602 533 2664 laus
555 2606 656 2666 vestre
677 2602 776 2665 inore
793 2602 923 2664 omnium
939 2607 1061 2665 resonet
1075 2601 1187 2685 ubique
1203 2605 1235 2666 in
1248 2603 1439 2668 benedictio-

279 2926 302 2986 ¹)
320 2924 403 2971 hister
418 2926 542 2972 Ausdruck
565 2925 635 2971 hebri
650 2925 675 2971 in
692 2925 767 2972 sltem
782 2927 916 2989 gieicbislis
933 2926 956 2971 in
973 2927 1016 2972 der
1032 2928 1219 2985 Angelegenbsit
1234 2928 1336 2972 Parms's
1352 2931 1428 2974 eries·

308 3019 379 3051 senec
396 3007 542 3064 pipstlicben
559 3008 703 3062 Schneiben,
720 3009 792 3053 nnten
808 3009 861 3053 lici.
873 3009 914 3063 76,
930 3022 969 3053 no.
984 3008 1014 3053 16
1029 3008 1124 3055 wieder.
1143 3010 1167 3053 ic
1179 3009 1253 3054 sineru
1265 3010 1311 3055 den
1323 3011 1380 3068 Sieg
1391 3012 1434 3057 des·

307 3087 429 3132 Parmesen
438 3089 669 3140 verherrliehenden,
681 3089 866 3146 gleichzeitigen
876 3089 991 3134 Gedichte
1003 3089 1077 3133 beisst
1088 3101 1114 3134 es
1123 3102 1169 3135 ron
1181 3088 1322 3137 Friedrich's
1334 3092 1437 3136 Gdtssu·

307 3167 385 3213 dienst
401 3169 444 3228 (ii.
461 3171 488 3217 (i.
506 3170 547 3215 68.
568 3171 606 3224 18,
624 3169 671 3215 ret
688 3169 724 3216 ed.
742 3165 842 3229 duddi:

590 3267 658 3312 Fecit
673 3270 698 3313 et
714 3269 866 3325 symulscrum
884 3267 955 3326 igneo
970 3268 1081 3314 conflatu.

590 3349 646 3393 Cum
662 3350 773 3401 recessit,
790 3347 884 3408 fugiens
899 3349 963 3394 ultre
977 3351 1031 3394 Turi
1048 3349 1142 3402 flumen,

585 3427 678 3474 nimisit
695 3429 862 3484 symulscrnm,
879 3431 943 3485 qnod
959 3429 1054 3476 colebat
1071 3442 1164 3484 sumen,

586 3508 654 3564 Quod
671 3521 718 3553 nec
734 3509 831 3554 ciendos
848 3509 921 3567 erigit
937 3522 982 3555 nec
998 3512 1037 3556 dat
1053 3511 1116 3555 cecis
1133 3513 1221 3565 lumen,

587 3590 659 3635 Cuius
675 3590 764 3635 cultum
782 3591 896 3647 reprobet
913 3592 1016 3637 divinum
1035 3594 1151 3639 volumen.

274 3685 298 3746 ¹)
318 3688 359 3733 Dis
385 3690 508 3735 Parmesen
532 3689 656 3735 sebriebeu
681 3691 704 3734 in
730 3691 803 3735 ihrem
830 3691 1021 3751 Siegesherichte
1044 3704 1073 3736 eu
1096 3692 1134 3736 die
1150 3691 1280 3736 Meilaneer
1300 3691 1348 3736 und
1372 3692 1432 3737 obus

310 3768 407 3814 Zweiiel
424 3771 447 3814 in
464 3770 586 3815 tunlieuer
602 3771 680 3815 Weise
697 3783 725 3815 sn
743 3772 788 3815 den
805 3772 892 3827 Papsts
914 3771 1004 3817 Laudes
1021 3770 1175 3817 retribuimus
1192 3773 1243 3817 Deo
1261 3772 1321 3827 patri
1338 3770 1434 3829 illioque

315 3862 359 3892 suo
378 3850 439 3894 dom.
464 3852 546 3895 nostro
563 3852 620 3896 Jesn
637 3851 732 3895 Christo
755 3855 779 3895 et
801 3851 895 3907 spiritui
919 3853 1012 3905 sancto,
1029 3853 1094 3897 trino
1110 3854 1161 3906 Deo
1178 3855 1204 3897 et
1220 3853 1260 3896 uni
1278 3853 1394 3898 maiestati
1410 3854 1434 3896 et

305 3929 390 3986 virgini
414 3930 534 3989 gloriose,
552 3942 661 3987 quecun
678 3934 776 3988 propter
794 3936 930 3977 nostrorum
947 3932 1093 3991 exigenciam
1110 3934 1254 3987 meritorum,
1272 3935 1314 3978 secl
1332 3936 1436 3992 propter

305 4023 369 4054 suurn
394 4010 596 4056 clementissimam
620 4010 732 4068 pietatem
753 4012 874 4058 civitatem
897 4015 1002 4056 nostrum
1020 4013 1128 4071 protegit
1144 4015 1169 4058 et
1184 4013 1292 4058 defendit
1308 4044 1314 4056 .
1329 4047 1356 4061 ..
1374 4016 1435 4060 sient

311 4091 430 4136 manifeste
448 4091 606 4148 conspicimus
618 4091 641 4136 in
653 4091 753 4137 victoris
764 4092 900 4149 tnunpusri
916 4105 983 4149 quam
999 4093 1037 4139 die
1053 4094 1142 4148 mertis,
1155 4094 1294 4139 duodecimo
1312 4094 1434 4141 Febrnsrii

305 4172 420 4224 exeuntis,
445 4172 547 4218 contulit
571 4172 639 4219 nobis
656 4175 719 4217 Deus
744 4186 786 4218 sue
802 4174 926 4232 genitricis
943 4174 1085 4220 interventu.
1102 4176 1171 4220 lietb.
1191 4175 1255 4220 Puris
1278 4177 1315 4221 cd.
1333 4176 1431 4221 London

308 4250 376 4297 1610.
393 4251 508 4299 Aonium·
534 4266 557 4310 p.
577 4252 630 4299 ici.
656 4254 720 4299 luch
738 4255 769 4299 *in
794 4255 869 4301 einem
895 4256 937 4300 der
963 4256 1101 4301 erwibnten
1123 4255 1281 4313 siegesliedcr
1311 4257 1385 4304 beisst
1405 4271 1429 4305 ss

306 4332 322 4376 l.
341 4345 362 4377 c.
379 4347 403 4389 p.
421 4331 481 4379 ⁷03:

588 4433 662 4489 Virgo
679 4434 721 4478 Dei
738 4433 842 4490 genitrix
859 4432 992 4492 graciarum
1009 4436 1080 4492 plens

585 4513 655 4557 pedit
670 4513 752 4558 Parme
769 4513 880 4570 gloriam,
897 4514 960 4558 hosti
976 4514 1030 4559 slsis
1047 4528 1117 4571 pena,

584 4593 670 4637 baxeis
687 4606 731 4650 pro
748 4592 838 4638 viribus
854 4596 883 4638 ad
900 4595 978 4653 sugam
995 4595 1093 4642 babens.

305 4687 377 4733 linter
393 4688 436 4735 der
458 4688 534 4735 labne
550 4689 593 4734 der
603 4666 802 4747 lungirau‘idaria
819 4702 900 4735 waren
916 4691 955 4738 die
970 4691 1095 4738 Permesen
1113 4691 1137 4737 in
1154 4693 1198 4739 deu
1216 4694 1301 4749 ilunpi
1316 4705 1434 4755 gesogeu.
