3209 5392
1367 529 1392 602 9

190 710 358 776 Jerusalem
376 720 407 779 et
423 717 535 802 Sycilie
550 717 657 801 regine
674 718 801 784 salutem
818 726 849 783 et
863 715 955 781 totius
979 714 1076 797 gratie
1092 711 1308 796 plenitudinem
1324 726 1393 773 cum
1445 789 1449 797 ι

192 819 313 887 all'ectn.

285 932 443 1011 Quomodo
459 936 636 1023 imperator
658 937 698 1002 ob
714 936 859 1004 omnibus
880 938 1048 1000 salutemur.
1080 930 1154 994 Viso
1170 929 1319 1012 quomodo
1335 927 1394 990 im·

193 1045 317 1120 perator
344 1061 447 1106 omnes
475 1044 602 1115 salutet,
631 1064 710 1108 nunc
733 1044 912 1114 uidendum,
930 1041 1058 1126 qualiter
1073 1039 1112 1104 ab
1134 1036 1273 1101 omnibus
1293 1043 1354 1100 tam
1376 1055 1393 1098 a

191 1146 272 1210 clero
290 1169 380 1232 quam
396 1173 414 1215 a
429 1152 524 1236 laycis
542 1154 698 1218 salutetur.

284 1259 478 1327 Potriorobe
499 1263 549 1327 sio
568 1264 715 1329 scribunt
736 1263 944 1349 imperatori:
972 1257 1174 1324 lnvictissimo
1201 1254 1333 1338 principi
1361 1258 1393 1317 et

189 1365 300 1430 illustri
316 1367 447 1443 domino,
463 1371 496 1434 F.
510 1371 567 1435 Dei
583 1371 681 1453 gratia
692 1372 892 1435 Romanorum
904 1367 1078 1452 imperatori
1091 1374 1121 1430 et
1133 1384 1253 1447 semper
1264 1369 1394 1444 augusto

192 1474 361 1556 Gregorius
378 1498 484 1544 servus
499 1480 574 1544 lesu
591 1479 704 1544 Christi
726 1498 782 1561 per
803 1479 930 1560 gratiam
945 1477 1003 1542 Dei
1018 1476 1201 1541 dufioeenus
1223 1472 1393 1556 patriarcba

189 1585 390 1650 reverentiam
414 1587 546 1651 debitam
568 1594 598 1652 et
620 1589 767 1652 devotam.
807 1587 981 1650 cardinales
1004 1585 1049 1648 sic
1072 1583 1224 1648 scribunt:
1255 1580 1394 1645 laviotis-

186 1691 275 1766 simo‚
292 1700 326 1758 ut
341 1698 484 1778 supra,H.
495 1697 580 1780 tytuli
597 1697 694 1761 sancti
710 1696 865 1761 Laurentii
880 1694 1032 1778 presbiter
1047 1692 1207 1758 cardinalis
1223 1695 1393 1772 promptum

184 1802 362 1866 famulatum
385 1824 452 1868 cum
474 1806 570 1889 gloria
593 1807 758 1869 ethonore
780 1805 812 1868 in
834 1803 1021 1886 longitudine
1038 1804 1163 1867 dierum.
1181 1839 1225 1851 -
1241 1801 1336 1863 Nota:
1359 1799 1392 1862 Iu

183 1907 265 1972 hunc
282 1912 401 1975 modum
417 1918 544 1996 possunt
560 1914 587 1978 ei
606 1914 740 1977 scribere
757 1933 860 1976 omnes
878 1913 1045 1976 cardinales
1062 1911 1271 1994 cuiuscunque
1292 1907 1392 1992 tytuli,
1466 1962 1472 1969 ,

180 2019 425 2103 archiepiscopi,
457 2021 610 2105 episcopi,
642 2023 803 2105 primates,
831 2022 951 2103 regales
984 2020 1111 2085 abbates
1141 2038 1306 2101 omnesque
1332 2017 1389 2079 riri

183 2127 388 2192 ecclesiastici
405 2130 615 2214 uniuscunque
637 2131 820 2195 conditionis
837 2131 897 2194 sint
914 2130 977 2193 sive
993 2129 1210 2212 professionis,
1233 2125 1391 2208 omnisque

182 2236 215 2299 in
233 2237 315 2325 clero
332 2256 479 2319 persona,
503 2245 629 2322 excepto
652 2239 732 2323 quod
752 2259 883 2321 persone
898 2238 1041 2321 religiose
1058 2238 1156 2301 solent
1172 2235 1306 2299 scribere
1323 2253 1391 2298 cum

182 2345 303 2409 devotis
319 2345 507 2410 orationibus
526 2348 784 2430 promptissimum
801 2347 987 2411 famulatum.

275 2455 350 2519 Rem
364 2455 507 2520 Francis
522 2464 554 2522 et
570 2456 640 2528 olii,
657 2458 715 2544 qui
728 2478 792 2522 noo
808 2464 882 2522 sont
903 2456 1034 2544 imperii
1054 2453 1206 2518 scribunt:
1229 2449 1390 2534 Magnifieo

181 2563 313 2646 principi
331 2569 361 2626 et
376 2563 484 2626 illustri
501 2564 618 2628 domino
632 2566 678 2636 F„
694 2571 727 2628 ut
744 2585 846 2647 supra,
859 2566 892 2628 ll.
908 2564 1012 2628 eadem
1025 2564 1122 2645 gratia
1139 2564 1322 2625 Francorum
1339 2581 1391 2623 rex

183 2672 312 2734 salutem
342 2690 411 2734 cum
439 2692 553 2736 summa
582 2673 753 2737 dilectione.
782 2711 827 2722 -
855 2672 909 2755 Sic
938 2671 1075 2736 scribunt
1103 2673 1130 2735 ei
1158 2690 1261 2733 omnes
1288 2688 1391 2750 reges,

186 2779 342 2863 principes
360 2781 525 2853 seculares,
542 2783 593 2865 qui
610 2802 667 2845 non
685 2787 826 2864 spectant
842 2782 880 2845 ad
896 2781 1064 2864 imperium.

277 2890 443 2976 Principes
459 2892 579 2956 casalli
593 2893 642 2955 sio
656 2892 799 2957 scribunt
815 2891 1021 2977 imperatori:
1039 2888 1240 2953 laviotissimo
1257 2888 1389 2971 principi

179 3018 217 3061 ac
240 2997 401 3081 metuendo
426 2998 545 3061 domino
568 3018 623 3064 suo
640 3000 673 3061 F.
691 2999 889 3061 Romanorum
913 2997 1140 3080 imperatorii).
1165 2997 1390 3078 eademgratia

178 3107 380 3171 Bobemorum
402 3128 455 3169 rex
471 3126 538 3170 cum
556 3106 658 3170 debita
676 3106 866 3170 subiectione
888 3128 921 3168 sa
943 3105 1042 3187 ipsum
1063 3106 1102 3170 'ad
1125 3107 1223 3169 omnia
1244 3098 1390 3187 benepla-

180 3216 240 3278 cita
258 3224 290 3277 et
306 3214 456 3278 mandata.
475 3254 519 3263 —
537 3216 589 3278 Sic
613 3214 750 3278 scribunt
772 3215 799 3277 ei
823 3235 927 3277 omnes
950 3215 1105 3297 principes
1128 3214 1248 3277 nomine
1271 3221 1302 3278 et
1323 3213 1389 3277 iure

179 3325 343 3389 vasallatus
372 3342 536 3407 omnesque
553 3343 682 3406 persone
704 3325 858 3387 seculares
875 3346 892 3387 a
909 3323 1031 3386 minimo
1054 3343 1150 3406 usque
1173 3323 1212 3387 ad
1228 3323 1383 3395 maiorem,

184 3432 392 3516 unusquisque
410 3433 576 3496 secundum
595 3432 798 3497 conditionem
816 3453 911 3497 suam.

272 3543 475 3630 Imperatrim
488 3544 536 3607 sio
548 3545 669 3608 solartot
681 3544 929 3629 imperatorem:
947 3542 1202 3607 victoriosissimo
1214 3541 1344 3624 principi
1359 3549 1389 3605 et

177 3652 348 3735 predilecto
363 3651 481 3714 domino
495 3671 550 3714 suo
563 3651 596 3714 F.
611 3651 668 3714 Dei
681 3653 789 3733 gratia,
806 3658 840 3715 ut
859 3671 959 3734 supra,
977 3654 1011 3715 E.
1030 3653 1135 3715 eadem
1153 3653 1249 3732 gratia
1263 3671 1388 3714 consors

177 3759 353 3824 fidelissima
369 3760 448 3825 thori
471 3760 517 3823 sui
534 3761 734 3824 Romanorum
756 3761 929 3842 imperatrix
952 3767 982 3824 et
1004 3781 1125 3843 semper
1145 3767 1274 3841 augusta
1298 3766 1389 3844 atque

178 3871 284 3953 regina
303 3868 408 3932 Sicilie
425 3869 570 3952 quicquid
588 3874 689 3951 potest
706 3888 774 3932 cum
791 3869 888 3932 salute
905 3867 1006 3931 debite
1024 3868 1203 3940 dilectionis,
1220 3868 1390 3932 reverentie

176 3984 206 4042 et
233 3976 356 4042 amoris.
380 4016 425 4025 —
443 3976 496 4041 Sic
524 3982 655 4059 possunt
683 3995 786 4040 omnes
816 3977 922 4058 regine
951 3984 981 4039 et
1005 3997 1111 4040 uxores
1135 3976 1306 4059 principum
1334 3998 1389 4044 seu

178 4074 323 4152 nobilium
340 4107 411 4151 suos
428 4088 552 4150 maritos
569 4087 702 4151 salutare
721 4087 826 4168 stipsi
848 4087 948 4149 mariti
965 4088 1087 4150 easdem
1104 4107 1229 4158 uxores,
1253 4085 1335 4150 sicut
1351 4087 1389 4152 de

177 4196 359 4281 imperatore
381 4196 563 4259 dictumest
586 4196 624 4259 ad
647 4195 887 4278 imperatricem,
914 4195 1037 4260 mutatis
1066 4201 1096 4258 et
1117 4195 1225 4278 positis
1253 4196 1385 4278 propriis

172 4304 344 4369 nominibus
363 4311 393 4366 et
408 4303 511 4386 tytulis
529 4304 708 4385 dignitatum
726 4324 779 4366 seu
797 4302 976 4375 officiorum,
994 4309 1023 4366 et
1040 4325 1113 4369 sexu
1130 4305 1262 4369 discreto
1276 4327 1389 4372 secun-

173 4415 244 4478 dum
262 4412 343 4496 quod
360 4418 488 4495 oportet.
1105 4478 1108 4494 ζ

262 4521 422 4600 Quomodo
453 4522 650 4607 imperatris·
670 4521 805 4602 reginos
829 4522 973 4588 salutat:
1005 4522 1182 4606 Imperatrix
1210 4524 1256 4587 sic
1273 4525 1386 4590 salutat

170 4631 311 4713 reginas:
348 4630 383 4693 E.
407 4630 465 4693 Dei
493 4629 590 4711 gratia
617 4630 817 4693 Romanorum
847 4629 1021 4712 imperatrix
1049 4640 1080 4697 et
1106 4653 1228 4717 semper
1254 4640 1506 4715 augustanam».

169 4741 282 4804 dilecte
303 4759 343 4803 ac
364 4738 469 4803 inclite
492 4737 623 4822 principi
646 4738 712 4803 ead.
745 4737 846 4821 gratia
867 4740 1067 4809 Bobemorum
1094 4743 1200 4827 regine
1227 4744 1324 4809 forma
1352 4750 1384 4810 et
