3209 5392
1264 491 1339 564 129

142 674 176 735 et
190 668 318 733 marium
336 665 438 752 spacia
454 666 639 732 transierunt
655 670 760 730 eontra
776 667 890 731 emulos
912 665 982 731 fidei
998 666 1167 732 Christiane
1190 667 1339 746 intrepide

143 779 325 865 pugnaturi!
355 780 391 851 Α,
406 776 549 842 Domine!
580 775 729 860 quomodo
746 775 802 838 viri
829 775 967 858 belligeri
988 775 1033 839 sic
1055 782 1180 859 potuere
1196 797 1213 840 a
1230 776 1339 841 talibus

142 888 301 962 debellari,
319 885 467 972 quomodo
484 887 579 950 fortes
596 885 638 948 tui
654 885 686 949 in
701 884 796 972 prel‘p
813 893 875 949 tam
889 885 1025 968 grauiter
1040 885 1233 950 ceciderunt!
1256 885 1337 949 Ecce

141 999 310 1065 inebriatus
328 1004 376 1062 est
391 996 538 1079 sanguine
554 996 700 1060 iustorum
717 1001 748 1059 et
764 985 915 1060 saturatus
940 1014 1042 1059 eorum
1064 994 1203 1060 carnibus
1220 996 1337 1078 gladius

139 1108 265 1173 inimici.
293 1106 339 1171 En
355 1105 472 1171 turham
487 1105 567 1168 illam
583 1103 724 1176 nobilem,
741 1123 830 1189 quam
846 1104 980 1168 eiusdem
995 1105 1078 1188 regis
1090 1104 1198 1169 ardens
1212 1105 1337 1168 devocio

141 1218 183 1282 ad
213 1224 295 1282 tuum
329 1221 391 1279 tam
422 1212 609 1296 acceptabile
642 1211 820 1297 obsequium
852 1212 1051 1287 accenderat,
1091 1212 1206 1277 voravit
1233 1233 1336 1277 mucro

140 1328 271 1394 feritatis
289 1327 488 1394 sarracenice
505 1328 569 1391 fere
588 1332 699 1391 totam!
723 1326 799 1399 Heu,
822 1345 910 1409 quam
932 1325 1060 1391 dolenda
1083 1333 1213 1409 strages,
1228 1326 1260 1390 in
1276 1347 1335 1411 qua

140 1446 257 1504 tantum
289 1446 407 1504 tuorum
444 1437 586 1502 occubuit
622 1436 783 1519 collegium
821 1435 1015 1501 bellatorum!
1055 1437 1118 1502 Sed
1149 1455 1336 1521 nequaquam

139 1550 338 1633 ambigimus,
361 1546 433 1632 quin
449 1546 490 1609 hii
507 1546 637 1611 feliciter
654 1545 857 1610 concluserint
873 1545 939 1608 dies
956 1566 1043 1619 suos,
1067 1546 1138 1629 quin
1154 1553 1187 1609 tu
1198 1545 1336 1618 Domine,

138 1680 197 1744 pro
227 1679 285 1743 quo
310 1656 526 1722 dormicionem
542 1659 743 1739 acceperunt,
770 1655 801 1718 in
825 1654 920 1741 uitam
942 1674 995 1718 eos
1017 1655 1205 1719 transtuleris
1221 1654 1335 1739 absque

137 1768 269 1834 termino
286 1766 468 1832 duraturam.

231 1878 297 1941 Neo
312 1878 419 1940 mirum
435 1875 461 1938 si
478 1881 539 1938 tam
556 1894 592 1937 en
606 1873 735 1939 aduerso
752 1893 899 1938 successu
915 1880 978 1939 tota
993 1874 1088 1956 gemit
1104 1875 1246 1947 ecclesia,
1263 1895 1331 1939 cum

137 1989 185 2052 uix
204 1989 232 2052 ei
250 2008 338 2052 casus
355 1985 476 2070 gravior
492 1985 668 2066 contingere
683 1983 842 2066 potuisset.
859 1984 986 2066 Propter
1001 1984 1081 2067 quod
1093 1984 1268 2049 acerbatum
1288 1992 1334 2050 est

142 2100 281 2164 nimirum
297 2117 352 2161 cor
367 2095 462 2179 ipsius
480 2102 511 2159 et
526 2114 596 2157 suas
613 2114 667 2178 pre
684 2092 824 2175 angustia
837 2093 959 2176 spiritus
972 2093 1102 2174 assiduis
1114 2094 1235 2158 fletibus
1252 2095 1333 2178 rigat

139 2229 253 2292 genas,
283 2205 352 2291 quia
380 2227 440 2269 non
468 2210 515 2269 est
543 2204 570 2267 ei
586 2202 628 2289 o)
645 2203 730 2266 dolor
758 2202 863 2265 similis
891 2203 971 2267 sicut
997 2202 1072 2267 iste:
1102 2204 1200 2286 plorat
1224 2204 1332 2288 quippe

135 2317 299 2382 multorum
314 2314 468 2379 interitum
483 2312 622 2386 filiorum,
637 2313 711 2377 licet
726 2334 786 2377 non
802 2312 962 2377 estimandi
977 2312 1039 2377 sint
1061 2312 1103 2375 illi
1125 2313 1250 2386 mortui,
1278 2313 1335 2378 sed

139 2426 180 2490 ad
196 2425 288 2489 uitam
304 2423 400 2488 renati
416 2422 522 2506 pocius
538 2421 702 2486 meliorem.
730 2422 861 2505 Ideoque
877 2422 1057 2487 fraternitati
1073 2429 1124 2486 tue
1140 2442 1195 2506 per
1211 2430 1334 2506 aposto·

134 2537 197 2600 lica
234 2534 349 2616 scripta
386 2532 582 2604 mandamus,
621 2537 767 2616 quatenus
805 2531 963 2597 universos
994 2531 1241 2617 archiepiscopos
1277 2542 1333 2600 tae

134 2646 312 2736 legacionis
328 2649 443 2707 attente
460 2661 583 2707 moneas
600 2647 631 2706 et
646 2641 783 2716 inducas,
799 2648 832 2707 ut
848 2642 906 2707 hoc
924 2642 1091 2707 uniuersale
1108 2643 1269 2709 discrimen
1285 2644 1335 2728 pia

139 2754 343 2821 meditacione
358 2757 532 2846 pensantes,
549 2750 667 2833 erigant
688 2757 751 2816 toto
773 2750 885 2815 affectu
907 2752 946 2815 ad
960 2752 1058 2816 Deum
1079 2751 1172 2846 corda
1188 2774 1242 2817 sua
1259 2760 1290 2817 et
1304 2754 1336 2817 in

135 2870 306 2948 conspectu
328 2862 393 2926 eius
416 2860 573 2926 continuas
595 2847 746 2925 orationes
769 2860 923 2926 effundant
944 2868 975 2927 et
998 2861 1110 2927 faciant
1125 2883 1181 2946 per
1196 2863 1334 2928 ciutates

137 2983 167 3041 et
179 2975 330 3058 dyoceses
347 2989 417 3035 snas
433 2991 452 3035 a
468 2970 548 3035 clero
566 2976 597 3035 et
612 2971 720 3054 populo
734 2971 917 3053 generaliter
933 2972 1106 3055 supplicari,
1121 2978 1155 3036 ut
1171 2973 1333 3037 ecelesiam

142 3104 223 3148 suam
241 3083 279 3146 de
296 3088 380 3147 tanto
394 3081 544 3146 consolari
561 3080 718 3164 dispendio
736 3102 797 3145 non
813 3082 959 3155 retardet,
975 3088 1139 3146 memorato
1146 3082 1332 3147 Francorum

138 3194 214 3276 regi,
233 3190 483 3256 christianissimo
500 3190 603 3273 utique
618 3190 760 3274 principi,
776 3190 835 3254 iter
851 3190 978 3255 liberum
994 3190 1121 3275 prebeat
1134 3196 1165 3254 et
1181 3211 1332 3265 securum,

137 3305 196 3369 sibi
214 3303 306 3367 etiam
318 3302 398 3366 uires
411 3307 521 3384 augeat
533 3302 689 3384 ipsumque
702 3300 880 3365 corroboret
892 3306 997 3365 eontra
1008 3301 1172 3383 paganicas
1187 3301 1334 3374 nationes,

137 3413 360 3485 terramillam,
377 3431 466 3498 quam
481 3431 536 3474 sua
552 3409 752 3475 sanctificavit
767 3412 937 3495 presencia,
954 3411 991 3475 de
1014 3411 1177 3475 infidelium
1198 3390 1335 3477 manibus

142 3524 311 3608 eripiendo.
346 3524 509 3605 Speremus
526 3521 636 3585 etenim
653 3521 765 3585 dictum
782 3522 935 3603 negotium
951 3542 1043 3605 posse
1058 3520 1106 3584 bis
1122 3540 1246 3604 precum
1262 3521 1335 3585 sub-

141 3632 230 3696 sidiis
249 3630 414 3694 efficaciter
430 3629 581 3702 adiuuari,
610 3628 749 3713 quoniam
767 3634 905 3702 orantes,
933 3630 991 3693 etsi
1008 3649 1068 3692 non
1083 3635 1205 3712 aperte,
1232 3629 1333 3694 utilius

138 3751 242 3807 tamen
258 3746 401 3823 pugnant.
434 3739 520 3803 Unde
538 3758 605 3802 cum
623 3736 761 3802 certabat
782 3738 892 3820 legifer
907 3737 946 3821 b)
962 3737 1012 3801 ille
1034 3737 1192 3820 precibus,
1220 3738 1334 3803 lsrahel

144 3854 175 3916 in
203 3849 300 3933 prelio
316 3847 489 3932 superabat,
517 3856 548 3911 et
568 3867 623 3930 per
645 3847 722 3910 illius
745 3849 894 3911 occultum
917 3866 1046 3929 agonem
1062 3846 1252 3911 manifestam
1267 3847 1333 3929 ipse

141 3960 300 4026 uictoriam
314 3957 468 4022 obtinebat
485 3956 521 4045 ¹).
539 3957 578 4021 Ut
591 3963 690 4020 autem
703 3956 760 4020 hec
773 3957 921 4021 adiutoria
934 3956 1127 4040 frequencius
1145 3964 1176 4021 et
1192 3956 1335 4020 devocius

147 4072 344 4159 prebeantur‚
360 4069 523 4153 precipias,
540 4078 572 4133 ut
588 4069 721 4155 qualibet
737 4068 904 4133 ebdomada
921 4088 1090 4132 sermonem
1111 4066 1338 4131 ammonicionis

145 4190 175 4248 et
203 4180 425 4246 exhortacionis
455 4178 566 4243 Christi
593 4178 731 4243 fidelibus
754 4184 923 4262 proponant
939 4184 970 4242 et
990 4196 1045 4261 per
1062 4176 1220 4261 episcopos
1238 4183 1269 4241 et
1283 4195 1339 4259 per

149 4291 225 4358 alios
242 4292 273 4356 in
290 4310 392 4356 eorum
411 4288 549 4353 ecclesiis
567 4294 597 4353 et
613 4288 644 4352 in
661 4288 831 4353 ciuitatibus
854 4295 885 4353 et
907 4286 1088 4371 dyocesibus
1106 4287 1269 4352 eorundem
1284 4307 1340 4370 per

234 4493 267 4562 a)
283 4494 309 4548 ei
324 4510 365 4548 am
378 4492 469 4547 Rauda
481 4492 511 4547 V.
525 4521 560 4532 -
574 4490 606 4562 l)
620 4489 699 4546 loifor
711 4491 741 4544 V.

148 4649 473 4663 *ιι-αι...-

179 4752 203 4814 1)
221 4751 318 4799 Euodus
336 4751 375 4806 17,
390 4749 426 4797 ll.

209 4844 305 4890 Fontes.
317 4841 386 4889 nutu.
399 4843 426 4890 ll.
438 4843 479 4889 Bel.
490 4841 557 4888 XXV.
