3209 5392
1266 507 1337 578 181

146 683 359 747 ecclesiastiae
379 683 629 749 aministracionis
653 693 824 768 assumpta,
848 686 946 749 divine
968 683 1201 768 propiciacionis
1224 681 1343 745 miseri-

146 792 282 854 cordiam
297 791 500 872 imploramus,
519 799 549 855 ut
565 814 620 875 per
636 815 690 856 sue
713 795 875 857 voluntatis
897 793 1081 874 beniplacita
1104 793 1133 854 in
1156 790 1235 853 viam
1256 789 1341 872 pacis
1389 868 1393 878 Ι

148 899 283 980 dirigens
312 918 437 980 gressus
466 905 601 973 nostros,
629 902 660 963 in
686 902 756 973 biis,
784 920 843 984 que
873 908 943 965 sunt
965 901 1003 963 ad
1026 902 1136 981 ipsum,
1152 919 1206 979 pro
1232 899 1342 979 populo

146 1006 283 1068 savorem
311 1006 399 1070 nobis
427 1008 547 1072 celestis
575 1007 674 1071 auxilii
697 1009 820 1090 aspiret,
850 1015 896 1079 et,
919 1010 982 1071 Deo
1011 1007 1097 1070 nobis
1126 1007 1343 1069 incrementum

148 1113 281 1194 desuper
295 1113 456 1195 largiente,
474 1114 528 1177 sub
547 1115 722 1177 sacerdocio
740 1121 842 1179 nostro
859 1116 1016 1196 proveniat
1039 1115 1124 1197 quies
1147 1114 1261 1195 regnis,
1285 1133 1343 1195 pax

147 1220 307 1296 ecclesiis,
333 1222 494 1284 eoncordia
516 1221 655 1304 plebibus
678 1227 709 1285 et
728 1222 862 1302 mpribus
887 1223 1052 1303 disciplina.
1085 1222 1176 1284 Porro
1200 1221 1237 1283 de
1254 1220 1341 1283 nobis

146 1328 348 1392 indubitatam
366 1329 500 1392 obtineat
514 1329 654 1392 fiduciam
677 1331 823 1394 celsitudo
845 1338 906 1401 tua,
930 1330 1010 1413 quod
1031 1315 1253 1411 licet'prelatus
1268 1351 1341 1412 pre-

148 1436 298 1500 decessor
313 1442 427 1507 noster,
443 1442 571 1518 urgente
588 1438 657 1518 lege
673 1438 852 1509 mortalium,
869 1437 1012 1509 decessit,
1034 1438 1127 1519 ipsius
1148 1443 1249 1501 tamen
1266 1459 1340 1521 erga

143 1550 176 1608 te
192 1544 305 1607 karitas
318 1564 354 1607 ac
368 1545 553 1630 propositum
568 1545 734 1613 nullatenus
752 1547 959 1616 decesserunt,
982 1547 1051 1629 quia
1075 1545 1170 1608 eidem
1187 1548 1458 1610 successi-vocu-

144 1672 213 1715 mus
241 1652 272 1712 in
300 1657 435 1734 utroque.
467 1652 555 1715 Licet
582 1652 661 1716 enim
682 1652 748 1735 ipse
772 1674 827 1716 nos
843 1652 884 1736 a)
901 1646 974 1716 blias
999 1654 1197 1717 antecesserit
1219 1675 1340 1718 suorum

145 1759 304 1841 privilegio
335 1758 527 1831 meritorum;
568 1761 598 1833 in
637 1760 777 1843 operibus
809 1765 930 1832 tamen,
969 1761 1076 1843 quibus
1109 1763 1243 1826 studiosa
1275 1764 1340 1827 eius

145 1867 281 1930 intencio
298 1888 358 1930 non
374 1867 488 1949 absque
505 1868 603 1939 nobis,
619 1870 650 1930 in
665 1869 772 1931 minori
789 1868 961 1932 constitutis
978 1869 1095 1942 officio,
1119 1870 1158 1933 ad
1181 1892 1342 1935 consuma-

146 1976 267 2038 eionem
282 1975 326 2037 tui
342 1975 478 2037 culminis
495 1975 667 2048 anhelabat,
683 1996 738 2038 nos
751 1977 815 2039 Deo
829 1983 859 2039 et
871 1982 975 2039 sancte
989 1978 1118 2040 ecclesie
1135 2000 1194 2042 non
1209 1972 1356 2061 imparesl

145 2082 370 2165 comprobabis.
402 2084 467 2165 Age
483 2083 575 2164 igitur
591 2082 631 2145 lili
646 2083 804 2147 karissime
821 2089 1005 2157 constanter,
1023 2091 1054 2147 et
1069 2086 1101 2147 in
1124 2086 1261 2149 omnibus
1284 2088 1340 2150 viis

141 2191 209 2256 ,tuis
226 2212 280 2254 seu
297 2190 549 2274 oportunitatibus
567 2191 604 2253 de
621 2192 725 2254 lavore
741 2192 824 2254 sedis
841 2191 1007 2273 apostolice
1031 2198 1131 2255 certus
1156 2201 1231 2257 esto.
1263 2195 1341 2257 Nam

147 2299 209 2363 etsi
227 2319 330 2362 omnes
347 2299 527 2362 christianos
544 2300 694 2381 principes
711 2319 765 2362 seu
780 2299 951 2364 katholicos
973 2304 1129 2364 teneamur
1150 2301 1182 2364 in
1202 2302 1340 2366 karitatis

141 2416 251 2474 nostre
282 2408 450 2472 visceribus
482 2409 653 2479 continere,
681 2413 712 2471 te
739 2413 841 2471 tamen
867 2409 946 2471 inter
974 2416 1094 2473 ceteros
1117 2410 1262 2474 debemus
1285 2431 1339 2493 pre

145 2518 260 2581 eeteris
276 2517 419 2600 prosequi
433 2515 641 2579 benivolencia
657 2516 797 2597 speciali,
826 2535 915 2598 quem
937 2518 1067 2580 ecclesie
1093 2517 1193 2581 divine
1217 2519 1340 2601 dispen-

139 2627 232 2690 sacio
249 2625 445 2707 principalem
462 2624 618 2687 constituit
635 2629 665 2687 et
679 2624 856 2706 precipuum
873 2626 1072 2689 defensorem.
1334 2631 1337 2638 ’

241 2750 460 2805 (lodwilheull.
476 2749 529 2802 100
541 2747 731 2819 (rerumne.
744 2749 770 2812 7,
784 2748 853 2819 900)
866 2748 919 2802 und
929 2751 1023 2804 Philol.
1037 2751 1099 2811 305,
1114 2752 1162 2805 fol.
1179 2752 1337 2808 dou-149

144 2842 283 2899 erlbalten
298 2840 388 2894 diesen
400 2840 473 2894 Briel
483 2842 529 2893 mit
543 2841 593 2895 der
610 2829 794 2893 llberschrift:
809 2839 959 2894 Alexander
973 2858 1015 2910 ep.
1029 2842 1070 2895 W.
1084 2842 1258 2897 Romanorum
1276 2849 1338 2918 regi

141 2937 196 2987 etc.
210 2962 247 2972 -
260 2931 333 2984 llehn
356 2929 423 2983 coll.
442 2931 510 2984 Mon.
535 2930 554 2991 l,
570 2929 722 2991 rev—191,
735 2931 783 2982 mit
796 2930 848 2983 den
861 2932 1089 2999 entspreeheoden
1103 2932 1335 3004 vertudernogen,

141 3041 174 3077 nn
189 3022 233 3075 die
247 3020 400 3076 Maildnder'.
414 3050 450 3061 -
468 3019 853 3091 Raynaldada.12dl‚no.2
872 3020 949 3077 theilt
967 3038 1015 3078 ans
1034 3023 1118 3075 einem
1131 3023 1337 3082 Vaticanischeu
1368 3046 1373 3053 ’

142 3111 241 3183 Codex
259 3112 318 3165 eine
338 3111 364 3164 in
375 3112 423 3164 der
436 3112 559 3181 Fassnng
571 3110 777 3172 abvvelchende,
795 3111 830 3164 im
850 3110 937 3163 lohalt
948 3111 996 3164 mit
1009 3110 1057 3165 der
1071 3114 1197 3183 unsrigen
1211 3116 1337 3168 riberein·

85 3221 91 3227 ·
141 3201 301 3256 stimmende
327 3200 470 3271 Enevclicn
496 3198 723 3253 Alexander’slV.
749 3200 801 3253 mit
828 3201 887 3254 Dat.
913 3198 1055 3273 neapolie
1073 3203 1131 3256 Kal.
1157 3205 1215 3257 Jao.
1241 3208 1335 3260 aonol

147 3291 230 3357 „Quis
248 3290 350 3359 fragilis
367 3319 395 3328 -
411 3290 569 3342 valeamus‘t
595 3287 702 3343 Sonach
719 3288 815 3343 diuite
838 3306 918 3343 unser
940 3290 1087 3345 schreiben
1110 3292 1151 3345 ein
1170 3293 1241 3348 Paar
1259 3293 1334 3366 Tage

139 3383 237 3435 treber
249 3380 315 3434 oder
328 3384 421 3449 spdler
434 3378 555 3433 erlasseu
570 3378 634 3431 sein.

713 3604 776 3675 42.

535 3763 615 3845 lopo
631 3762 780 3828 comitisse
796 3765 946 3827 llendrle.
1047 3807 1054 3821 .

658 3970 663 3976 .
702 3919 781 3974 1288.

137 4072 195 4124 Der
208 4068 291 4138 Papae
309 4064 442 4121 luteum
455 4068 472 4118 1
475 4065 501 4119 V.
514 4063 619 4134 sordent
638 4063 684 4117 die
704 4065 796 4135 Grdfin
814 4066 926 4119 nodedu
943 4084 994 4121 con
1011 4069 1149 4124 Flandera
1165 4071 1226 4142 auf,
1246 4073 1333 4128 durch

136 4159 217 4214 ibren
229 4157 348 4227 Einfluoe
360 4155 419 4209 eine
429 4151 573 4226 fricdliebe
585 4154 693 4224 Ldeuap
705 4153 753 4206 des
765 4152 895 4208 zwiecben
912 4155 996 4210 ibrem
1011 4158 1136 4222 Gemoll,
1150 4147 1212 4215 'dem
1228 4163 1333 4234 Grefen

142 4240 230 4302 (luido
248 4263 297 4301 von
314 4246 464 4307 Plaudere,
483 4243 541 4297 und
557 4243 615 4296 dem
634 4242 736 4313 Kdnipe
753 4242 861 4313 liudolf
875 4243 1048 4303 destebendea
1068 4249 1179 4305 Strciteo
1196 4249 1290 4308 berlei
1299 4271 1332 4308 zu

680 4330 788 4402 fddrcn.

228 4483 362 4546 Peccata
376 4479 497 4543 hnmani
520 4477 642 4559 generis
666 4477 806 4559 exigunt,
829 4479 901 4543 illud
917 4481 955 4567 b)
973 4483 1099 4547 diversis
1123 4486 1330 4553 diversitatum

135 4590 285 4655 molestiis
303 4586 429 4669 agitari,
444 4606 523 4649 nunc
539 4584 641 4656 clade,
665 4604 743 4648 nunc
759 4592 864 4667 peste,
886 4610 964 4652 nunc
980 4591 1073 4655 tlnetu
1089 4592 1197 4657 bellice
1214 4602 1330 4679 tempe-

230 4718 264 4785 α)
280 4732 328 4769 nos
340 4712 587 4786 iibevgeschriebeu
602 4710 631 4764 V.
649 4739 677 4752 -
694 4708 726 4779 d)
742 4709 798 4764 scil.
813 4726 896 4779 genus
909 4715 1149 4785 iibergesclnriebeo
1163 4720 1192 4773 V.
