3209 5392
1297 503 1368 573 381

177 689 214 750 de
242 686 334 750 verbo
362 687 401 749 ad
429 687 552 749 verbum
580 688 773 770 presentibus
802 688 895 751 inseri
927 683 1121 767 contigisset,
1163 698 1306 761 expresse
1335 677 1373 740 de

176 795 364 878 benignitate
380 796 466 878 regia
482 795 648 859 liberaliter
662 794 853 866 innovantes,
874 794 988 877 regalis
1010 790 1148 856 culminis
1171 792 1202 850 et
1223 784 1374 871 presentis

177 904 282 987 scripti
298 903 464 987 patrocinio
482 902 701 968 confirmamus.

268 1108 321 1161 Das
334 1106 369 1159 iot
382 1105 450 1161 ohne
463 1105 572 1159 Zweifrl
587 1104 638 1168 die,
659 1106 726 1160 wohl
742 1105 855 1160 riolfach
870 1103 1040 1176 abgckdratc,
1053 1100 1178 1155 llrlrunde
1192 1101 1222 1152 K.
1235 1096 1375 1159 Rndolf's,

178 1199 222 1253 die
234 1197 364 1252 boehmer
376 1195 442 1266 Reg.
454 1195 521 1250 llud.
535 1213 578 1251 no.
593 1193 645 1252 llo
659 1196 773 1251 antiibrl
787 1195 839 1250 und
854 1195 898 1249 die
911 1212 940 1250 er
954 1190 1142 1248 ahsohriftlicb
1156 1191 1256 1246 basass.

753 1386 816 1456 30.

453 1564 512 1627 Ber
529 1563 722 1626 homanorum
740 1563 928 1628 commendat
944 1561 1100 1646 prelatum.

743 1719 822 1774 1273.

179 1869 212 1920 K.
227 1866 331 1937 liudolf
344 1865 429 1921 dauht
446 1866 532 1922 ciuem
548 1867 677 1921 Prdlaten
693 1865 743 1936 fur
760 1866 856 1920 maen
871 1862 1069 1920 Gldohwonaeb
1086 1879 1119 1917 ru
1134 1860 1223 1918 annor
1238 1856 1378 1930 Erdedunp

600 1955 830 2029 zurledniplicben
849 1957 958 2013 Wdrde.

267 2102 395 2166 Garbert,
411 2101 436 2165 l,
448 2101 475 2155 7.

264 2247 385 2312 Placida
397 2249 484 2312 nobis
497 2254 547 2312 tue
560 2248 734 2332 applausive
743 2247 1018 2330 congratulacionis
1026 2245 1166 2308 affamina
1174 2264 1267 2327 super
1275 2248 1376 2308 nostre

169 2357 394 2421 sublimacionis
410 2358 564 2441 prosperis
581 2356 725 2441 auspiciis
742 2376 811 2420 cum
829 2356 985 2420 cuiusdam
997 2354 1164 2419 voluntarie
1178 2352 1373 2437 gratitudinis

172 2472 203 2529 et
219 2464 391 2529 devocionis
407 2465 597 2530 exhibicione
614 2465 754 2549 gratuita,
774 2470 876 2529 nostro
900 2484 997 2548 nuper
1018 2463 1140 2528 culmini
1164 2462 1221 2526 sub
1243 2466 1371 2526 venusto

173 2572 327 2639 suavitatis
340 2572 458 2656 eloquio
471 2579 655 2658 presentata,
671 2593 707 2638 ex
720 2594 774 2637 sua
788 2575 831 2661 a)
845 2573 1020 2636 mellifluose
1034 2577 1140 2636 natura
1153 2571 1194 2657 d)
1209 2569 1378 2634 dulcedinis

176 2688 278 2748 nostra
313 2684 472 2764 precordia
511 2683 726 2748 delectacionis
764 2683 909 2746 immense
942 2682 1106 2766 flagrancia
1124 2680 1163 2765 c)
1193 2680 1379 2743 refecerunt.

174 2792 263 2857 lnfuit
294 2777 434 2873 equidem
464 2792 590 2855 themati
617 2793 767 2856 laudando
785 2793 945 2856 verborum
983 2799 1045 2855 tam
1078 2790 1205 2876 pulcher
1232 2790 1317 2873 lepos
1349 2792 1381 2854 in

177 2901 307 2971 cortice,
336 2904 367 2961 et
390 2901 613 2964 sentenciarum
635 2901 758 2984 egregie
782 2902 932 2964 venustati
949 2903 1079 2965 accessit
1100 2907 1163 2965 tarn
1184 2900 1322 2965 amabilis
1339 2901 1382 2985 d)

177 3009 359 3076 condimenti
372 3011 556 3092 saporositas
567 3010 599 3073 in
611 3011 724 3082 radice,
739 3014 770 3072 ut
782 3011 819 3081 si,
834 3010 913 3094 quod
929 3009 1019 3082 absit,
1034 3011 1185 3074 ulterioris
1199 3010 1297 3073 eciam
1308 3027 1382 3072 con-

178 3119 341 3204 sequencie
359 3117 457 3180 nullus
474 3117 619 3201 deinceps
636 3139 767 3204 unquam
782 3119 899 3182 fructus
923 3123 1059 3203 erumpat
1082 3139 1119 3182 ex
1143 3118 1287 3189 flosculis,
1313 3118 1380 3202 spei

178 3237 279 3293 tamen
302 3227 383 3290 riuus
406 3246 527 3289 manare
551 3246 609 3290 non
632 3227 744 3290 desinit
765 3249 802 3290 ex
824 3226 990 3312 premissis.
1025 3226 1106 3290 Sane
1124 3228 1266 3291 nuncium
1281 3233 1381 3303 tuum,

178 3335 343 3422 legacionis
360 3354 414 3398 sue
438 3336 531 3399 verba
548 3336 660 3399 diserte
677 3341 711 3419 e)
729 3340 958 3420 proponentem,
975 3336 1109 3419 benigne
1127 3337 1327 3419 suscepimus,
1350 3341 1499 3398 etrusco.

178 3444 325 3535 tenaciori
346 3444 490 3507 memorie
513 3444 650 3507 duximus
673 3445 911 3508 commendanda
933 3450 995 3507 tam
1017 3465 1063 3516 ea,
1088 3465 1146 3529 que
1170 3445 1296 3508 nuncius
1314 3444 1381 3528 ipse

163 3534 351 3641 proposuit,
381 3573 551 3638 quamque
580 3554 666 3618 litere
692 3554 904 3618 continebant:
937 3554 1143 3637 integritatem
1166 3552 1236 3617 fidei
1265 3558 1316 3618 tue
1344 3574 1380 3619 ac

180 3668 271 3731 animi
283 3664 453 3749 puritatem,
471 3682 560 3746 quam
576 3664 614 3727 ad
630 3664 749 3746 regales
765 3665 878 3748 tytulos
894 3664 1104 3747 provehendos
1128 3669 1159 3726 te
1176 3664 1383 3729 indesinenter

180 3776 294 3840 habere
316 3774 548 3857 perpendimus,
576 3778 794 3857 prosequentes
818 3774 941 3837 uberius
966 3773 1135 3837 actionibus
1157 3774 1328 3856 graciarum
1352 3782 1383 3838 et

183 3884 394 3950 nichilominus
410 3884 442 3946 in
457 3883 516 3946 tuis
533 3889 563 3946 et
579 3883 710 3948 ecclesie
727 3888 777 3948 tue
794 3884 922 3966 agendis
945 3890 975 3947 et
997 3884 1028 3947 in
1046 3884 1298 3968 oportunitatibus
1322 3885 1382 3949 tuis

183 4015 239 4058 nos
256 3994 420 4079 experieris
436 3994 590 4087 ultroneos
607 3998 637 4056 et
654 3995 788 4057 devotos.

277 4196 312 4263 o)
326 4210 373 4248 sue
386 4194 413 4245 Z.
430 4222 458 4231 -
476 4194 508 4262 b)
516 4197 611 4248 nature
629 4194 659 4248 V.
673 4224 707 4233 -
721 4195 753 4264 o)
774 4194 919 4264 fraglancia
937 4194 965 4247 Z.
978 4221 1015 4233 -
1028 4193 1064 4263 d)
1083 4193 1202 4247 amabilis
1221 4194 1289 4248 leblt
1306 4193 1336 4248 V.
1350 4223 1385 4233 -

183 4287 214 4354 e)
235 4302 267 4339 ac
286 4284 396 4355 provide
414 4285 442 4337 Z.
