3209 5392
243 475 293 548 38
331 505 349 537 ⁴

241 647 348 711 modus
376 646 531 711 sentencie
558 646 627 710 talis
657 652 719 711 est:
745 647 888 711 scribitur
915 648 1047 731 capitulo
1068 648 1115 711 rel
1138 648 1368 730 metropolitano
1398 646 1447 709 rel

242 755 413 840 dyocesano
431 756 534 820 ordine
548 755 740 820 salutacionis
753 764 911 830 consueto,
925 764 956 821 et
968 757 1124 822 succincte
1138 778 1192 822 seu
1204 757 1338 822 breviter
1354 776 1448 822 cause

241 866 348 930 merita
365 864 584 930 enarrabuntur
600 870 641 939 et,
658 865 737 931 sieut
752 866 784 929 in
800 886 893 932 causa
909 886 1087 950 processum
1104 872 1162 940 est,
1178 866 1359 949 allegabitur
1374 867 1447 929 binc

240 981 273 1039 ct
288 975 376 1049 inde;
393 976 423 1039 in
439 975 498 1040 fine
516 975 825 1060 condempnacionem
840 977 888 1041 vel
901 976 1125 1042 absolucionem
1139 978 1226 1041 litere
1239 976 1448 1047 confluebant,

240 1077 283 1148 ita
299 1104 420 1167 semper
435 1084 525 1167 quod,
542 1083 569 1146 si
585 1085 741 1149 sentencia
758 1090 805 1149 est
822 1083 977 1150 diffinitiva
994 1085 1046 1173 a),
1060 1087 1119 1149 boe
1136 1084 1276 1150 uerbum:
1302 1090 1449 1159 „senten-

241 1193 348 1256 ciando
377 1193 523 1257 dicimus“
552 1193 674 1266 νεῖ-εἰ
702 1199 750 1257 est
779 1193 1014 1267 interlocutoria,
1042 1195 1100 1259 hoe
1127 1193 1267 1258 verbum:
1301 1195 1449 1268 „interlo-

241 1302 359 1385 quendo
388 1302 549 1376 dicimus“,
574 1322 631 1387 que
654 1321 727 1366 sane
749 1301 843 1367 rerba
864 1304 1032 1367 nullatenus
1062 1305 1254 1386 negligantur
1278 1310 1319 1376 et,
1344 1304 1371 1366 si
1397 1308 1446 1366 est

240 1413 365 1475 arduum
381 1412 552 1494 negocium,
570 1418 738 1495 apponetur
754 1413 782 1476 ei
799 1413 966 1486 sentencia,
983 1414 1103 1478 scilieet
1118 1414 1176 1488 ,de
1189 1419 1305 1479 maturo
1318 1415 1447 1477 fratrum

240 1521 365 1596 consilio
383 1527 588 1586 nostrorum“.
606 1522 781 1604 Exemplum
797 1523 884 1586 inira.

329 1632 521 1718 Lepetorum
537 1631 657 1695 domiai
666 1653 757 1718 pepe
778 1633 942 1698 sentencie
958 1633 1090 1696 Romane
1113 1630 1196 1694 curie
1217 1632 1355 1714 predicte
1385 1653 1444 1716 per

240 1741 339 1804 omnia
363 1740 460 1803 solent
482 1760 551 1803 esse
575 1741 755 1804 conformes.
780 1740 914 1805 Aliorum
935 1746 1036 1805 autem
1064 1740 1196 1802 iudicum
1225 1740 1447 1806 ordinariorum

206 1884 210 1892 ·
239 1848 412 1922 sentencie,
436 1849 508 1912 siin
524 1849 652 1930 negocio
676 1850 756 1932 quod
776 1849 877 1931 agitur
893 1849 1009 1913 directo
1027 1848 1130 1913 ordine
1149 1848 1306 1913 iudiciario
1319 1850 1360 1913 sit
1371 1870 1447 1932 pro-

239 1977 370 2031 cessum,
387 1958 492 2030 idest,
509 1958 534 2021 si
550 1959 701 2040 precessit
717 1958 842 2031 citacio,
859 1957 919 2021 litis
936 1957 1133 2031 contestacio,
1150 1958 1272 2021 testium
1287 1960 1446 2042 recepeio,

237 2049 403 2152 inscriptis
416 2076 601 2133 suntomnes
617 2069 742 2133 ferendo
751 2091 760 2142 ;
776 2070 808 2133 in
824 2070 949 2133 notoriis
965 2075 1066 2133 autem
1078 2070 1179 2143 l'actis,
1192 2075 1295 2154 utpote
1309 2072 1445 2146 delictis,

238 2177 325 2243 furtis
338 2179 386 2242 rel
397 2177 564 2250 maleficiis,
577 2198 637 2241 non
648 2177 812 2261 requiritur
827 2178 1031 2261 sollempnitas
1045 2178 1162 2262 scripti,
1179 2180 1234 2244 sed
1248 2178 1363 2244 suffieit
1379 2185 1413 2244 ut
1428 2201 1446 2244 a

237 2288 339 2353 iudice
356 2288 448 2353 verbo
465 2289 666 2371 proferantur.
684 2288 858 2370 Exemplum
873 2288 961 2351 inira.

327 2399 560 2485 Deleputerem
590 2418 663 2461 vero
695 2397 835 2461 leodicum
866 2396 1023 2460 sentencie
1055 2396 1082 2458 si
1113 2402 1183 2460 sunt
1214 2398 1444 2463 interlocutoria

237 2508 351 2572 babent
381 2508 472 2570 istum
503 2506 634 2571 modum.
684 2504 863 2570 Scribantur
898 2506 993 2588 primo
1032 2506 1165 2571 iudicum
1188 2507 1227 2592 b)
1260 2509 1381 2572 nomina
1413 2515 1446 2573 ct

238 2617 373 2681 dicatum
398 2635 436 2690 „a
460 2614 534 2678 sede
557 2613 724 2696 apostoliea
739 2613 787 2676 rel
804 2613 841 2676 N.
860 2613 1091 2697 archiepiscopo
1113 2615 1161 2677 vel
1184 2615 1330 2698 episcopo
1353 2616 1440 2679 dele-

236 2731 408 2809 gatorum“,
427 2723 535 2788 deinde
563 2729 692 2807 ponatur
708 2722 869 2804 crespeio,
892 2722 1001 2785 deinde
1017 2723 1196 2806 replieaeio,
1219 2724 1328 2787 deinde
1345 2725 1440 2807 repli-

237 2833 371 2898 eacionis
387 2833 435 2896 vel
455 2832 646 2914 excepcionis
663 2831 808 2896 admissio
824 2831 871 2894 rel
887 2831 1030 2914 repulsio.

327 2943 360 3008 Si
388 2963 460 3007 vero
489 2942 646 3006 diffinitiva
667 2942 708 3005 sit
728 2940 896 3012 sentencia,
920 2941 1083 3004 eorundem
1100 2941 1232 3006 iudicum
1253 2943 1361 3006 modus
1379 2942 1437 3006 erit

234 3052 319 3117 talis:
349 3056 534 3135 preponatur
551 3049 588 3137 ο)
620 3053 671 3125 „ln
687 3049 805 3113 nomine
833 3048 928 3131 patris
951 3054 982 3112 et
1003 3048 1054 3111 filii
1072 3056 1152 3114 etc.“
1179 3056 1287 3133 postea
1318 3052 1439 3115 nomina

234 3161 377 3232 iudicum,
395 3159 504 3224 deinde
522 3158 639 3222 dicetur
654 3157 684 3221 in
701 3156 807 3221 eadem
823 3156 864 3243 d)
881 3158 1049 3230 sentencia,
1067 3157 1147 3242 quod
1163 3158 1251 3240 plene
1268 3159 1441 3224 didicerunt

233 3270 281 3333 rel
308 3267 567 3349 investigaverunt
595 3287 686 3332 cause
714 3266 853 3330 meritum
881 3271 913 3329 et
940 3267 985 3329 eis
1014 3266 1052 3328 de
1074 3267 1141 3348 ipso
1163 3287 1310 3349 processu
1326 3268 1439 3351 proba·
1479 3296 1480 3299 ¹

234 3379 330 3443 cionis
348 3378 386 3466 e)
403 3377 493 3461 plene
510 3382 630 3441 constet
647 3376 738 3440 etsie
755 3375 912 3440 absolvant
927 3377 975 3439 uel
992 3377 1215 3459 condempnent
1234 3377 1283 3462 f),
1299 3379 1341 3442 ita
1359 3380 1439 3463 quod

232 3491 291 3553 hoe
305 3488 430 3553 verbum
449 3486 705 3561 „sentenciando“
723 3486 891 3550 nullatenus
908 3486 1088 3569 negligatur.

323 3598 525 3664 Arbitrorem
540 3594 581 3681 9)
604 3618 678 3662 vere
705 3596 845 3661 iudicum
861 3594 1019 3658 sentencie
1035 3595 1127 3659 talem
1155 3597 1275 3661 modum
1306 3598 1437 3682 babent:

233 3708 417 3792 premittitur
434 3707 487 3782 „ln
503 3705 623 3770 nomine
644 3705 739 3788 patris
762 3709 843 3768 ete.“
868 3709 899 3767 et
918 3709 1027 3787 postea
1049 3706 1239 3770 nominantur
1260 3708 1366 3773 arbitri
1383 3707 1436 3795 b),

234 3818 343 3881 deinde
367 3815 470 3900 quales
493 3813 549 3878 sub
575 3813 653 3899 quali
675 3813 803 3896 negocio
827 3812 1002 3877 discordent
1024 3818 1055 3876 et
1070 3813 1101 3876 in
1125 3833 1183 3898 qua
1205 3833 1284 3896 pena
1306 3818 1353 3880 rel
1376 3837 1435 3902 qua

233 3927 329 3989 torma
356 3924 388 3987 in
415 3923 499 4005 ipsos
528 3923 656 3986 arbitros
685 3922 726 3985 sit
752 3921 945 3985 commissum
973 3926 1004 3985 et
1031 3926 1138 4003 postea
1167 3921 1370 3988 descendatur
1397 3925 1436 3988 ad

233 4032 541 4115 condempnaoionem
568 4032 615 4096 vel
631 4031 857 4096 absolucionem
879 4050 935 4112 per
956 4031 1224 4094 commutacionem
1244 4032 1289 4095 rei
1318 4033 1356 4097 de
1379 4053 1438 4117 qua

233 4141 333 4223 agitur
361 4146 391 4204 et
418 4159 615 4223 personarum
642 4140 806 4223 agentium.
853 4141 893 4203 Et
919 4140 978 4204 hoc
1006 4139 1191 4221 intelligatur
1218 4139 1256 4202 de
1279 4143 1437 4206 sentencia

234 4251 404 4315 arbitraria.
422 4249 598 4332 Exemplum
614 4250 701 4313 infra.

119 2933 160 2972 ror.
169 2932 194 2972 14
203 2934 223 2972 b.

327 4414 361 4484 e)
382 4411 496 4483 diffinita
511 4411 540 4465 V.
558 4441 595 4451 -
615 4411 646 4482 b)
667 4410 763 4466 iudicis
781 4410 810 4466 Z.
833 4441 861 4452 -·
885 4413 917 4480 e)
937 4428 1014 4485 prep.
1033 4413 1103 4467 lehlt
1114 4410 1144 4467 V.
1157 4364 1199 4453 i-
1218 4411 1253 4485 d)
1274 4414 1335 4486 ipsa
1353 4411 1381 4470 Z.
1401 4442 1435 4456 -·

234 4503 265 4573 e)
280 4503 485 4574 probaeionibua
499 4503 528 4557 V.
551 4533 581 4542 -
601 4502 633 4572 f)
649 4503 847 4574 condempnant
858 4504 888 4558 V.
904 4533 940 4543 —
951 4505 987 4576 p)
1007 4505 1135 4559 arbitrum
1149 4502 1179 4558 V.
1195 4536 1224 4546 -
1239 4502 1273 4574 b)
1288 4507 1438 4562 nominatur

233 4595 335 4650 arbiter
348 4596 376 4648 Z.
800 4624 805 4633 =
