3209 5392
693 816 733 879 td
748 815 879 898 rlrglres
897 818 1067 899 rellglssss.

764 940 890 986 orariam
902 942 950 986 xro
962 944 996 1001 a).

169 1094 274 1133 rnna.
376 1069 450 1135 Cum
471 1072 634 1154 imperialis
657 1075 788 1158 dignitas
812 1078 943 1142 omniurn
964 1076 1143 1160 religionum
1165 1094 1277 1158 genera
1300 1070 1355 1137 sub
1371 1071 1464 1136 umbra

285 1180 487 1262 proteccionis
503 1204 557 1247 sue
573 1191 767 1250 manutenere
783 1188 894 1252 debeat
912 1193 943 1251 et
958 1188 1078 1259 fovere,
1101 1186 1215 1249 dicatas
1238 1204 1311 1246 nero
1331 1181 1464 1265 virgines,

285 1309 343 1373 que
359 1290 470 1373 spretis
492 1294 677 1358 maritalibus
701 1295 859 1361 connubiis
882 1317 1026 1380 sponsum
1046 1296 1151 1368 desum
1173 1294 1313 1357 accensis
1335 1298 1466 1355 secuntur

284 1399 471 1482 lampadibus
497 1406 580 1465 tanto
608 1402 751 1469 debemus
779 1412 811 1469 et
837 1408 973 1471 volumus
1002 1412 1104 1469 nostro
1132 1403 1265 1485 presidio
1297 1401 1465 1486 propensius

292 1510 475 1584 conmunire,
491 1518 602 1594 quanto
618 1515 714 1597 magis
731 1536 834 1580 earum
849 1536 938 1580 sexus
961 1521 992 1578 et
1014 1515 1151 1578 condicio
1174 1514 1310 1578 noscitur
1331 1512 1466 1594 indigere.

1580 1599 1584 1680 l

536 1733 577 1797 lle
601 1733 787 1800 llberslltste
811 1736 997 1817 superiorum
1019 1734 1058 1800 sd
1081 1736 1230 1848 srldltss²

777 1860 906 1908 nanneno
923 1861 981 1906 ΣΝ.

374 1993 419 2056 dd
440 1993 559 2058 laudem
579 2000 611 2058 at
631 1996 756 2077 gloriam
778 1995 865 2079 regie
892 1991 1059 2061 maiestatis
1081 1995 1232 2059 credimus
1253 1994 1423 2076 pertinere,
1435 1990 1470 2074 si

284 2121 354 2174 eos,
382 2121 457 2185 quos
480 2103 519 2166 ad
534 2108 637 2167 nostra
653 2104 782 2169 servicia
795 2105 921 2169 devotos
937 2112 969 2168 et
990 2105 1142 2169 ultroneos
1164 2103 1351 2174 invenimus,
1379 2099 1471 2181 dignis

282 2211 457 2276 studeamus
479 2206 694 2276 benefitiorum
715 2214 840 2295 premiis
862 2214 1023 2297 ampliare,
1044 2213 1115 2276 binc
1137 2213 1219 2277 enim
1240 2229 1292 2274 eos
1314 2211 1356 2275 ad
1370 2208 1470 2273 eadem

235 2349 240 2364 r
280 2322 412 2386 servicia
438 2319 592 2387 reddimus
613 2324 813 2406 promptiores
835 2329 866 2388 et
887 2326 960 2388 alios
982 2323 1129 2389 trahimus
1151 2341 1207 2406 par
1230 2322 1471 2405 exemplunm

281 2432 424 2496 cerceios
447 2431 667 2515 obsequantur,
689 2433 759 2496 dnm
781 2439 877 2497 status
899 2434 1033 2516 ipsorum
1054 2432 1181 2496 comoda
1203 2432 1286 2494 circa
1305 2427 1486 2513 imperialis,
1577 2469 1580 2506 r

283 2541 509 2606 observancimn
525 2540 595 2604 fidei
610 2540 773 2624 proliciunt
789 2542 959 2624 augmentis
976 2543 1125 2606 continuis
1149 2549 1180 2605 et
1195 2546 1387 2604 accrescunt
1578 2509 1581 2538 ⁴

372 2651 453 2716 ltcm
469 2651 517 2738 l),
550 2651 697 2733 Principis
730 2651 853 2716 dextera
883 2652 996 2715 totiens
1027 2652 1153 2724 lcditur,
1185 2650 1327 2735 quotiens
1353 2666 1374 2711 a
1399 2646 1471 2710 dona
1579 2703 1581 2712 .

284 2758 411 2823 trahitur
426 2758 552 2824 liberali.
585 2759 703 2842 Quanto
720 2760 800 2825 enim
816 2762 993 2844 profundius
1010 2762 1114 2851 gracie
1125 2759 1274 2843 largitatis
1287 2756 1470 2839 inmergitur,
1578 2745 1582 2784 ³

282 2872 365 2931 tanto
382 2868 549 2950 gratiosius
566 2869 722 2942 exaltatur,
746 2873 777 2933 et
798 2865 825 2933 si
847 2887 865 2933 a
886 2874 989 2934 nostra
1002 2869 1213 2935 munificencia
1236 2866 1384 2932 subiectis
1399 2866 1471 2929 bene

283 2977 397 3041 meritis
414 2997 520 3041 munus
536 2975 724 3042 liberalitatis
748 2979 941 3052 conceditur,
962 2978 1096 3061 ipsorum
1119 2984 1150 3042 et
1164 2977 1302 3041 uoluntas
1319 2977 1359 3040 ad
1374 2980 1470 3039 nostra

283 3086 410 3151 servicia
422 3087 587 3150 terrentius
594 3087 742 3152 animatur
748 3089 944 3171 etampliatur
959 3088 1085 3171 proinde
1099 3088 1196 3170 gloria
1202 3087 1287 3169 regie
1295 3083 1468 3150 maiestatis.
1583 3101 1584 3104 ¹

373 3196 460 3262 Item
493 3195 568 3259 Cum
584 3196 678 3259 omnis
693 3196 791 3278 gloria
806 3216 861 3260 seu
877 3197 1018 3281 potencia
1034 3196 1221 3280 principatus
1238 3195 1269 3259 in
1284 3195 1470 3259 subditorum

225 3358 233 3369 .
284 3302 431 3367 consistat
449 3302 596 3386 precipuo
617 3303 746 3367 solidata
767 3306 913 3378 inmunis,
935 3306 1025 3370 decet
1047 3312 1078 3369 et
1097 3304 1235 3388 expedit,
1253 3310 1287 3368 ut
1302 3303 1428 3388 quilibet
1443 3300 1471 3362 in

284 3431 463 3497 quacunque
490 3412 695 3495 prominoncia
717 3414 900 3479 constitutus
922 3414 1068 3479 subiectis
1089 3414 1131 3479 sit
1156 3416 1190 3478 in
1218 3410 1467 3496 oportunitatibus

284 3521 467 3606 quibuslibet
481 3522 578 3586 facilis
593 3522 670 3585 etin
684 3518 790 3605 gracia
806 3523 937 3588 liberalis
954 3526 1002 3612 ο).

378 3723 412 3793 a)
437 3721 502 3775 Dist.
525 3720 582 3774 lllll
600 3720 668 3775 leblt
685 3722 744 3775 Zu.
767 3721 797 3775 V.
823 3752 852 3762 -
877 3723 909 3794 b)
932 3723 966 3778 sd
985 3723 1098 3778 idem'Z.
1120 3753 1149 3762 -
1165 3724 1197 3794 c)
1208 3725 1235 3777 Z.
1258 3723 1308 3777 bat
1330 3723 1387 3777 hier
1407 3716 1469 3776 noch

283 3814 407 3885 fulgendo
425 3815 489 3868 anei
507 3811 638 3867 Exordia:
659 3811 725 3868 Com
743 3811 777 3867 de
796 3814 852 3867 iure
870 3815 905 3869 sd
924 3832 1016 3869 omnes
1039 3811 1160 3886 regimini
1179 3831 1228 3869 suo
1252 3813 1377 3870 subditos
1395 3812 1465 3879 regis

282 3925 312 3961 se
337 3907 414 3961 favor
438 3903 613 3975 benignitatis
638 3903 738 3959 debeat
764 3903 926 3968 extendere,
953 3903 1122 3961 laudabiliter
1145 3903 1199 3959 illis
1224 3919 1289 3959 cura
1313 3898 1467 3976 provisionis

283 3997 459 4071 impenditur,
482 4013 550 4067 quos
563 3995 589 4048 in
609 3996 730 4050 omnibus
750 3997 870 4051 articulis
889 3997 984 4051 efficax
1003 3997 1114 4052 devocio
1134 4013 1186 4051 non
1200 3995 1261 4050 licta
1280 3996 1370 4051 reddit
1382 3996 1407 4048 in
1418 3992 1468 4047 suis

282 4090 402 4158 negociis
424 4089 485 4160 plus
508 4091 643 4158 acceptos.
671 4083 735 4141 Nam
762 4086 923 4141 excellencia
949 4087 1025 4159 regie
1049 4077 1196 4160 potestatis
1216 4087 1318 4158 quabto
1344 4085 1468 4139 libencius
1583 4081 1584 4110 r

283 4197 389 4234 suorum
407 4179 477 4234 votis
495 4178 610 4232 fidelium
630 4176 838 4245 condescendit,
864 4183 938 4233 tanto
952 4181 1038 4246 magis
1051 4197 1099 4234 eos
1111 4180 1144 4233 ad
1164 4181 1323 4234 intemerate
1336 4174 1466 4232 fidelitatis

283 4272 409 4342 obsequia
422 4270 534 4342 quadam
547 4270 587 4323 sul
600 4269 698 4323 favoris
711 4270 873 4341 gratitudine
887 4270 1083 4339 quodammodo
1097 4275 1227 4341 provocat
1240 4275 1268 4324 et
1281 4271 1400 4324 inclinat.

372 4364 437 4417 Item
465 4364 503 4417 od
525 4361 603 4417 idem.
633 4362 704 4416 luter
729 4360 846 4417 Cesarea
872 4363 957 4416 landis
983 4365 1102 4435 tytulos,
1129 4380 1182 4433 qua
1210 4380 1304 4417 nomen
1330 4357 1462 4432 regnantis

283 4452 414 4527 clarificat
435 4456 465 4509 et
480 4456 622 4525 perennet
652 4457 715 4523 post
741 4453 849 4507 cineres
874 4454 1001 4508 duratura
1025 4458 1146 4509 nument
1170 4455 1327 4524 specialiter
1351 4451 1466 4508 munifica

284 4547 431 4602 liberalitas
450 4553 561 4599 extensa
580 4540 702 4597 diffusius
719 4541 747 4596 in
767 4544 917 4603 subiectos,
943 4561 997 4616 qne
1017 4550 1091 4601 tanto
1110 4547 1196 4619 fulget
1216 4548 1343 4610 lucidior,
1370 4548 1466 4616 quanto

283 4652 348 4707 pura
379 4632 545 4689 subditorum
576 4632 687 4689 devocio
713 4634 922 4705 procedentibus
954 4636 1091 4708 obsequiis
1120 4640 1273 4692 mercedem
1298 4654 1350 4692 nos
1380 4634 1466 4690 habuit

283 4728 429 4784 relativam.
