3209 5392
1258 504 1332 577 331

140 672 333 756 presentibus
350 674 456 748 uobis,
484 676 582 741 fracto
600 674 720 759 quidem
736 675 852 748 animo,
876 675 1004 757 genibus
1021 677 1202 750 incurvatis,
1228 678 1338 744 devote

142 781 267 862 petitam
298 781 417 846 veniam
449 783 593 856 obtinuit,
630 782 793 866 resignatis
825 783 908 864 prius
940 783 1115 858 obsidibus,
1154 785 1339 859 civitatibus,

143 890 252 953 castris
269 897 300 954 et
316 891 435 973 oppidis
452 893 620 965 universis,
648 913 706 976 que
731 891 821 956 dictis
837 891 1057 975 principatibus
1075 894 1251 960 attinebant.
1292 897 1337 959 De

141 999 232 1063 terris
249 1019 320 1064 vero
336 1001 481 1065 Bobemie
498 1007 530 1065 et
544 1001 695 1074 Morene,
723 1002 852 1083 prestito
874 1000 1028 1067 fidelitatis
1043 1003 1201 1087 homagio,
1229 1004 1339 1068 meruit

144 1109 279 1172 investiri
300 1107 338 1196 ¹).
370 1110 456 1173 Hunc
490 1111 583 1192 igitur
615 1109 783 1193 principem
811 1109 974 1191 gloriosum
1002 1118 1103 1176 vestre
1125 1113 1338 1177 committimus

142 1217 306 1289 sanctitati,
322 1217 528 1300 supplicantes
545 1218 642 1291 vobis,
658 1224 746 1301 pater
759 1217 908 1300 piissime,
925 1238 985 1282 non
1002 1226 1062 1283 tam
1078 1220 1230 1285 humiliter
1245 1242 1334 1305 quam

140 1324 260 1398 devote,
284 1331 432 1409 quatenus
448 1332 573 1410 propter
588 1328 685 1391 Deum
700 1326 907 1410 principaliter
926 1327 1013 1392 vobis
1036 1329 1200 1412 dignemini
1222 1330 1336 1394 habere

141 1434 369 1498 recommissum
395 1435 566 1517 predictum
594 1435 745 1499 dominum
769 1455 890 1517 regern,
919 1435 951 1498 in
978 1435 1062 1500 cuius
1091 1436 1245 1510 manibus,
1277 1438 1338 1501 hiis

143 1541 261 1615 diebus,
277 1549 367 1625 prout
382 1543 479 1626 siguis
496 1544 634 1627 apparuit
656 1543 858 1616 evidentibus,
881 1544 980 1608 divina
1002 1545 1123 1610 iusticia
1144 1545 1338 1611 laudabiliter
1432 1582 1435 1585 ·

140 1649 342 1734 triumphavit

715 1896 778 1966 31.

490 2069 621 2135 Studeas
637 2071 769 2135 ltouonlo
787 2072 907 2137 domino
925 2090 990 2135 ιιι.

126 2226 193 2299 *din
210 2227 372 2300 Bolopncoer
389 2227 503 2283 Student
518 2228 594 2298 frent
614 2229 674 2285 oieb
691 2230 758 2293 dder
775 2230 821 2285 die
833 2230 993 2286 &lauduino
1005 2229 1033 2284 ιἰι
1045 2227 1091 2284 die
1101 2228 1221 2284 Heimctb
1240 2231 1341 2285 surdelt

231 2337 264 2373 zu
276 2317 376 2373 lcebrea
388 2319 446 2373 uod
456 2319 608 2391 veropriebt
619 2320 656 2375 ιἰιι
669 2320 807 2392 Frrtbjobr
820 2321 895 2377 scine
909 2320 1054 2376 Rdelrreo'se
1066 2328 1230 2376 coronetur.

234 2463 487 2537 sisetrudis,
516 2485 584 2529 curn
612 2464 830 2531 accedentibus
858 2466 995 2530 tenebris
1024 2466 1089 2529 dies
1112 2465 1153 2552 a)
1174 2464 1339 2529 licentiavit

143 2593 297 2646 auroram,
314 2595 463 2658 curruque
487 2575 673 2660 flammigero
696 2575 847 2640 transiens
866 2576 1030 2639 orizontem
1046 2580 1077 2638 et
1092 2575 1245 2639 radiorum
1262 2574 1339 2637 inci-

142 2682 230 2765 piens
247 2683 416 2746 accendere
434 2703 541 2748 cereos
558 2689 797 2766 superterram,
820 2703 914 2766 opace
936 2682 1035 2747 noctis
1057 2685 1215 2746 consuevit
1231 2683 1339 2764 sugere

141 2789 302 2872 caliginem
326 2796 357 2855 et
377 2791 458 2856 aeris
481 2791 611 2856 nubilosi
633 2791 749 2855 boreali
771 2790 867 2855 flabro
890 2791 1042 2855 resolvere
1066 2791 1262 2855 densitatem:
1295 2790 1339 2855 sic

141 2899 330 2964 desideratus
345 2906 447 2985 vestre
463 2901 592 2965 licencie
608 2900 722 2973 radius,
747 2902 798 2983 qui
816 2921 852 2963 ex
866 2906 1036 2964 vestrarum
1052 2900 1204 2963 literarum
1221 2900 1341 2964 refulsit

142 3013 278 3090 aspectu,
296 3028 465 3074 cormeum
482 3010 678 3074 exultacionis
695 3010 826 3093 quodam
842 3010 953 3072 lumine
975 3009 1127 3072 serenavit
1151 3014 1181 3073 et
1198 3009 1336 3092 spiritum

141 3118 259 3180 anxium
275 3119 320 3182 sic
336 3119 368 3182 iu
389 3125 500 3184 statum
516 3119 692 3184 reformavit
713 3119 832 3192 leticie,
862 3119 942 3202 quod
959 3119 1055 3201 ipsum
1072 3117 1283 3200 corpusculum
1300 3137 1337 3180 ex

141 3227 347 3311 inequalitatis
371 3229 436 3292 sere
450 3229 597 3293 discrasia
609 3228 820 3294 moribundum
836 3229 875 3291 ad
886 3228 1075 3311 procinctum
1088 3227 1181 3309 optati
1195 3246 1337 3289 recessus

141 3337 379 3417 gratulabundus
401 3339 545 3403 redderet
572 3339 752 3422 expeditum.
787 3338 860 3419 Quis
889 3338 968 3400 enim
996 3342 1056 3400 tam
1086 3336 1233 3400 obscurus
1257 3334 1338 3399 orbis

140 3447 268 3528 angulus
284 3448 328 3534 b)
344 3454 405 3512 tam
420 3455 564 3522 remotus,
582 3469 672 3532 quem
687 3449 781 3512 vestri
796 3447 907 3531 typarii
924 3468 983 3511 non
1003 3447 1153 3510 illustrent
1174 3447 1340 3528 aspectus?

141 3555 229 3639 Quod
257 3577 368 3640 corpus
395 3564 458 3624 tam
485 3578 611 3641 opacum
635 3565 665 3623 et
688 3559 814 3621 densum
836 3564 958 3640 tamque
980 3557 1039 3621 luci
1056 3554 1234 3638 inperviam,
1259 3552 1339 3638 quod

142 3663 247 3745 gracia
262 3672 364 3729 vestra
380 3687 441 3730 non
457 3667 554 3749 possit
570 3667 700 3729 reddere
716 3665 921 3729 luminosum?
945 3664 1019 3745 Quis
1035 3670 1096 3727 tam
1113 3663 1284 3727 inconditus
1310 3670 1340 3725 et

144 3793 253 3856 expers
270 3773 470 3838 discrecionis
486 3775 614 3847 animus,
632 3776 683 3858 qui
700 3775 738 3838 de
755 3774 896 3837 dulcifluo
918 3779 1020 3837 vestre
1043 3771 1238 3836 salutacionis
1262 3770 1338 3835 atia-

141 3880 239 3952 mino,
255 3882 293 3944 de
309 3883 509 3964 promissione
525 3883 637 3947 favoris
653 3887 713 3946 tam
730 3880 930 3963 acceptabili,
957 3887 1018 3945 tam
1041 3900 1159 3951 serena,
1176 3899 1236 3943 non
1252 3878 1339 3941 fieret

140 3990 207 4072 plus
224 3990 312 4053 solito
329 3990 531 4055 letabundus?
553 3991 644 4054 lnluit
666 3990 815 4074 siquidem
837 3990 963 4054 scemati
987 3989 1158 4053 venerando
1174 3987 1335 4053 verborum

119 4096 122 4101 ’
140 4105 223 4163 tante
240 4100 405 4164 swavitatis
422 4102 507 4182 lepos
524 4101 555 4163 in
573 4100 703 4172 cortice,
734 4105 765 4163 et
786 4098 937 4163 venustati
961 4098 1185 4162 sentenciarum
1206 4095 1339 4161 accessit

140 4214 223 4271 tante
252 4208 473 4273 condimentum
503 4208 671 4272 dulcedinis
700 4209 732 4270 in
754 4207 874 4279 radice,
904 4213 936 4272 ut
958 4228 994 4270 ex
1015 4206 1149 4270 flosculis
1172 4211 1256 4270 tante
1272 4207 1339 4288 spei

142 4317 294 4381 ulterioris
317 4320 434 4382 tructus
458 4326 488 4382 et
510 4317 734 4401 consequenoie
756 4322 949 4400 presumatur
970 4316 1084 4380 rivulus
1113 4335 1262 4380 emanare.
1294 4315 1338 4378 lbi
1412 4351 1417 4360 ·

234 4519 268 4588 a)
284 4519 361 4573 Wohl
376 4518 421 4572 fiir
433 4517 621 4573 recedentibus
635 4518 755 4572 tenebris
768 4515 832 4571 diei.
848 4549 878 4559 -
894 4517 926 4585 b)
941 4515 1053 4589 angelus
1067 4517 1095 4571 V.

170 4735 190 4795 ¹)
208 4740 248 4783 Am
265 4738 303 4783 21.
322 4730 608 4799 November1276.lteg.
626 4737 685 4783 llud.
700 4749 722 4781 n.
740 4736 796 4782 287.
