3209 5392
1240 569 1314 639 179

138 739 209 821 quod
227 737 291 799 illos
307 757 430 800 manere
448 737 564 801 diucius
582 745 686 801 nature
703 739 837 801 mortalis
861 739 999 803 condicio
1023 760 1082 801 non
1096 739 1251 821 permittit.
1284 741 1316 803 ln

136 840 255 909 ecclesia
287 846 437 928 siquidem
474 845 743 927 triumphanti,
781 866 840 929 que
872 866 1002 928 superne
1033 847 1129 928 patrie
1160 847 1317 928 regionem

135 954 303 1016 inconcussa
335 953 530 1034 possessione
562 953 620 1015 iam
653 952 786 1024 obtinet,
825 953 957 1016 salvator
987 959 1107 1025 noster,
1138 954 1195 1016 Dei
1227 953 1316 1026 filius,

135 1080 255 1122 summus
283 1064 332 1122 est
359 1059 508 1141 pontifex,
544 1060 594 1142 qui
623 1059 805 1141 sempiterno
834 1059 968 1140 fungitur
995 1059 1107 1132 officio,
1134 1081 1258 1123 manens
1286 1063 1317 1123 in

136 1173 262 1230 eternum
280 1173 312 1229 et
327 1166 454 1229 subacto
477 1168 581 1229 mortis
604 1167 730 1248 imperio
753 1186 872 1247 semper
893 1167 997 1229 vivens
1013 1206 1068 1238 -,
1085 1169 1115 1229 in
1138 1168 1196 1231 hac
1218 1174 1321 1231 autern

134 1274 312 1337 militanti
337 1273 478 1345 ecclesia,
496 1293 586 1356 quam
602 1275 815 1355 exemplarium
831 1274 927 1336 instar
945 1274 1101 1336 celestium
1122 1276 1154 1336 in
1176 1296 1319 1338 consum·

137 1382 265 1443 macione
282 1386 457 1444 sanctorum
474 1400 566 1460 super
581 1386 692 1442 terram
707 1380 764 1442 Dei
782 1381 937 1462 sapiencia
952 1380 1130 1452 fabricavit,
1147 1382 1317 1463 pontifices,

135 1489 318 1551 mortalitatis
334 1486 506 1550 infirmitate
523 1487 714 1558 circumdati,
737 1506 806 1550 cum
829 1488 1049 1551 constituantur
1070 1507 1124 1569 pro
1146 1489 1319 1558 bominibus

133 1596 206 1678 apud
220 1598 328 1667 Deum,
345 1600 445 1658 tamen
473 1615 510 1657 ex
537 1594 707 1657 hominibus
736 1601 937 1658 assumuntur.
970 1597 1046 1659 Hinc
1075 1598 1219 1678 estquod
1240 1598 1319 1669 illa,
1355 1665 1358 1670 ⁴

131 1700 307 1766 indeficienti
340 1703 435 1766 eterni
467 1702 570 1783 sponsi
602 1702 712 1783 gaudio
745 1707 776 1764 et
812 1703 1026 1766 inmortalitate
1063 1703 1169 1775 beata,
1207 1704 1323 1769 luctum*

130 1810 279 1873 viduitatis
298 1811 409 1874 dicitur
424 1812 582 1890 ignorare,
610 1808 681 1870 hec
705 1814 822 1882 autern,
851 1810 920 1874 dum
936 1811 1148 1891 peregrinatur
1161 1812 1193 1873 in
1217 1812 1319 1888 terris,

131 1935 284 1999 corporum
327 1916 502 1980 carceribus
542 1916 689 1997 obligata,
726 1918 903 1999 frequenter
934 1919 1052 1998 cogitur
1083 1917 1235 1982 viduitatis
1267 1940 1321 1983 sue

133 2024 259 2086 lamenta
281 2044 439 2088 resumere
468 2044 504 2086 ac
526 2026 607 2087 tedia
632 2025 768 2107 experiri.
802 2024 856 2086 llis
884 2024 1022 2086 lamentis
1050 2032 1081 2088 et
1107 2026 1214 2098 tediis,
1243 2028 1323 2091 sicut

132 2131 255 2195 Domino
272 2132 397 2213 placuit,
414 2132 464 2215 qui
488 2131 597 2194 auffert
619 2133 756 2214 spiritum
780 2131 965 2213 principum,
994 2132 1125 2193 ecclesie
1148 2152 1202 2194 sue
1224 2153 1324 2214 nuper
1391 2200 1393 2203 Α

131 2257 273 2302 concussa
291 2245 362 2302 sunt
378 2239 496 2302 viscera
514 2239 638 2321 eiusque
655 2239 771 2302 martille
792 2239 915 2319 perfuse
938 2257 1038 2300 amaro
1062 2238 1207 2319 profluvio
1229 2239 1321 2304 lacri-

127 2365 237 2409 marum
256 2367 351 2429 super
366 2346 465 2408 felicis
481 2346 707 2408 recordacionis
731 2345 966 2407 Innocencio
990 2364 1078 2426 papa,
1099 2347 1319 2427 predecessore

127 2459 237 2525 nostro,
268 2456 321 2517 Vll
348 2452 498 2516 Kalendas
525 2452 711 2516 Decembres
733 2452 761 2538 1)
795 2452 874 2533 apud
902 2452 1068 2533 Neapolim,
1096 2472 1152 2534 per
1180 2455 1319 2517 universe

127 2563 221 2625 carnis
254 2562 337 2624 viam
366 2562 404 2623 de
431 2562 572 2644 nequicia
599 2560 688 2623 huius
718 2561 813 2623 seculi
842 2561 998 2623 evadente.
1038 2561 1095 2641 Qui
1124 2581 1192 2624 cum
1219 2564 1325 2626 adbuc·

125 2671 316 2733 necessarius
340 2675 423 2731 esset
439 2675 471 2731 et
486 2668 645 2731 admodum
660 2668 741 2731 utilis
763 2669 873 2750 populo
897 2669 1077 2741 christiano,
1099 2670 1226 2733 forsitan
1247 2671 1317 2736 ideo

124 2784 247 2841 vocatus
268 2782 317 2840 est
332 2798 349 2839 a
365 2777 504 2847 Domino,
521 2781 554 2838 ut
568 2776 715 2848 mundus,
739 2776 770 2837 in
786 2776 916 2857 maligno
932 2778 1060 2857 positus,
1077 2779 1237 2857 presencia
1253 2780 1318 2843 eius

125 2894 304 2949 nosceretur
330 2884 489 2963 indignus,
519 2888 548 2945 et
575 2889 609 2945 ut
635 2884 701 2963 ipse
730 2882 767 2944 de
783 2882 951 2963 iniquitatis
968 2883 1084 2953 medio,
1109 2903 1168 2964 que
1191 2884 1319 2949 animam

126 2994 187 3055 eius
217 2994 272 3055 diu
300 2992 506 3062 cruciaverat,
533 2990 697 3053 tolleretur.
731 2989 787 3051 Die
805 2990 906 3071 itaque
923 2994 1087 3071 sequente,
1110 2990 1191 3052 iuxta
1207 3011 1321 3054 morem

126 3102 322 3182 exequiarum
338 3098 557 3178 sollempnitate
572 3097 720 3179 premissa
737 3098 861 3178 eiusque
883 3116 1010 3177 corpore
1033 3097 1196 3170 tumulato,
1219 3119 1274 3161 nos
1292 3108 1323 3163 et

124 3209 231 3271 fratres
262 3208 359 3269 nostri
387 3207 580 3268 convenimus
609 3206 647 3267 ad
670 3204 912 3267 substituendum
935 3205 1084 3286 ydoneum
1112 3225 1322 3270 successorem

125 3322 163 3386 et,
185 3317 349 3377 missarum
372 3313 543 3394 solempniis
565 3313 596 3374 in
618 3313 763 3375 honorem
786 3311 883 3373 sancti
907 3311 1029 3392 spiritus
1045 3312 1155 3375 devote
1172 3332 1208 3376 ac
1224 3313 1439 3381 humi-ruse..

124 3423 192 3485 liter
208 3421 387 3491 celebratis,
405 3421 587 3502 aliquantum
604 3419 642 3481 de
658 3419 751 3482 futuri
768 3420 899 3500 pastoris
913 3401 1133 3490 substituoione
1145 3427 1322 3496 tractantes,

126 3529 216 3593 iidem
239 3531 353 3591 fratres
376 3528 414 3589 ad
436 3526 678 3589 imbecillitatem
694 3532 828 3588 nostram
856 3519 960 3588 oculos
973 3520 1277 3592 -suos‘eommuniter
1293 3536 1324 3593 et

125 3637 323 3700 concorditer
340 3635 528 3705 direxerunt,
552 3652 607 3696 nos
631 3634 668 3695 ad
694 3632 956 3695 conscendendam
972 3632 1013 3717 a]
1030 3635 1184 3714 speculam
1199 3641 1323 3717 aposto·

123 3744 172 3807 lici
204 3744 348 3808 culminis
375 3748 406 3805 et
433 3742 619 3805 subeundam
648 3742 855 3822 gravissimam
887 3740 968 3806 orbis
996 3741 1145 3802 sarcinam
1173 3743 1322 3824 eligendo.

125 3851 236 3915 Verum
255 3870 432 3922 noscare,
461 3869 551 3931 supra
575 3848 613 3933 b)
631 3868 720 3930 quam
737 3848 795 3910 dici
811 3848 925 3919 valeat,
942 3839 1131 3929 stupefacti,
1154 3855 1185 3912 et
1207 3869 1265 3932 que
1294 3858 1325 3915 et

126 3961 222 4041 qualis
258 3963 343 4020 esset
373 3958 422 4019 illa
454 3956 692 4037 dispensacionis
725 3955 823 4017 divine
855 3956 979 4017 vocacio
1008 3955 1094 4016 anxie
1126 3957 1323 4037 cogitacionis
1419 4012 1429 4024 ,

125 4067 264 4130 examine
281 4065 468 4127 revolventes
484 4065 563 4126 intra
579 4084 633 4126 nos
648 4065 742 4145 ipsos,
757 4067 898 4144 quantum
914 4063 945 4123 in
957 4055 1010 4123 ‘illa
1026 4064 1177 4143 potuimus
1189 4066 1323 4130 fraterne

125 4191 276 4255 pressura
288 4172 436 4234 instancie
449 4171 637 4253 presedimus
654 4170 704 4255 c),
719 4169 889 4231 meditando
903 4169 1022 4250 negocii
1033 4170 1221 4249 gravitatem,
1234 4175 1324 4237 meti-

125 4283 204 4345 endo
221 4282 318 4350 vires,
341 4279 535 4360 ponderando
552 4278 757 4359 prudenciam,
781 4276 985 4357 comparando
1003 4276 1109 4339 merita
1129 4280 1215 4342 etad
1233 4281 1331 4362 pertis

208 4479 257 4546 o)
275 4477 489 4532 consentiendum
503 4479 532 4532 V.
547 4508 581 4518 -
595 4478 627 4547 d)
642 4493 723 4548 super
735 4478 764 4531 V.
779 4506 813 4516 -
828 4476 860 4546 o)
875 4477 1019 4530 resedimus
1032 4476 1119 4536 flabo,

123 4633 458 4644 ffl-

148 4733 173 4795 ⁴)
193 4732 297 4779 Sovvolrl
315 4732 417 4787 ltuynald
435 4732 468 4775 als
485 4730 550 4774 Halon
568 4730 644 4775 haben
661 4731 699 4773 vll
718 4729 770 4773 ldus
786 4728 930 4787 Decembris.

1052 4803 1108 4856 12*
