<?xml version="1.0" encoding="UTF-8"?>
<!DOCTYPE html PUBLIC "-//W3C//DTD XHTML 1.0 Transitional//EN"
    "http://www.w3.org/TR/xhtml1/DTD/xhtml1-transitional.dtd">
<html xmlns="http://www.w3.org/1999/xhtml" xml:lang="en" lang="en">
 <head>
  <title>
</title>
<meta http-equiv="Content-Type" content="text/html;charset=utf-8" />
  <meta name='ocr-system' content='tesseract 3.04.00' />
  <meta name='ocr-capabilities' content='ocr_page ocr_carea ocr_par ocr_line ocrx_word'/>
</head>
<body>
  <div class='ocr_page' id='page_1' title='image "./fontesrerumaust00unkngoog_0373.png"; bbox 0 0 3209 5392; ppageno 0'>
   <div class='ocr_carea' id='block_1_1' title="bbox 349 1090 1371 1208">
    <p class='ocr_par' dir='ltr' id='par_1_1' title="bbox 349 1090 1371 1208">
     <span class='ocr_line' id='line_1_1' title="bbox 349 1090 1371 1208; baseline 0.006 -33"><span class='ocrx_word' id='word_1_1' title='bbox 349 1093 396 1175; x_wconf 87' lang='lat' dir='ltr'>ll.</span> <span class='ocrx_word' id='word_1_2' title='bbox 420 1090 553 1178; x_wconf 85' lang='lat' dir='ltr'>Litore</span> <span class='ocrx_word' id='word_1_3' title='bbox 576 1093 749 1207; x_wconf 84' lang='lat' dir='ltr'>papales,</span> <span class='ocrx_word' id='word_1_4' title='bbox 771 1091 1054 1206; x_wconf 88' lang='lat' dir='ltr'>imperatorum</span> <span class='ocrx_word' id='word_1_5' title='bbox 1077 1098 1196 1208; x_wconf 91' lang='lat' dir='ltr'>atque</span> <span class='ocrx_word' id='word_1_6' title='bbox 1219 1123 1371 1208; x_wconf 85' lang='lat' dir='ltr'>regom.</span> 
     </span>
    </p>
   </div>
   <div class='ocr_carea' id='block_1_2' title="bbox 846 1330 877 1397">
    <p class='ocr_par' dir='ltr' id='par_1_2' title="bbox 846 1330 877 1397">
     <span class='ocr_line' id='line_1_2' title="bbox 846 1330 877 1397; baseline -0.032 0"><span class='ocrx_word' id='word_1_7' title='bbox 846 1330 877 1397; x_wconf 90' lang='lat' dir='ltr'>l.</span> 
     </span>
    </p>
   </div>
   <div class='ocr_carea' id='block_1_3' title="bbox 631 1467 1102 1643">
    <p class='ocr_par' dir='ltr' id='par_1_3' title="bbox 631 1467 1102 1643">
     <span class='ocr_line' id='line_1_3' title="bbox 631 1467 1102 1548; baseline 0.006 -20"><span class='ocrx_word' id='word_1_8' title='bbox 631 1467 795 1548; x_wconf 72' lang='lat' dir='ltr'>Episcopus</span> <span class='ocrx_word' id='word_1_9' title='bbox 812 1467 1011 1530; x_wconf 66' lang='lat' dir='ltr'>bononorum</span> <span class='ocrx_word' id='word_1_10' title='bbox 1029 1469 1102 1545; x_wconf 64' lang='lat' dir='ltr'>rest.</span> 
     </span>
     <span class='ocr_line' id='line_1_4' title="bbox 828 1589 907 1643; baseline -0.013 0"><span class='ocrx_word' id='word_1_11' title='bbox 828 1589 907 1643; x_wconf 74' lang='lat'><strong>12⁷4.</strong></span> 
     </span>
    </p>
   </div>
   <div class='ocr_carea' id='block_1_4' title="bbox 269 1696 1473 1951">
    <p class='ocr_par' dir='ltr' id='par_1_4' title="bbox 269 1696 1473 1951">
     <span class='ocr_line' id='line_1_5' title="bbox 270 1696 1472 1770; baseline 0.002 -21"><span class='ocrx_word' id='word_1_12' title='bbox 270 1696 428 1769; x_wconf 77' lang='lat' dir='ltr'>Erzdioolrof</span> <span class='ocrx_word' id='word_1_13' title='bbox 444 1696 587 1752; x_wconf 75' lang='lat' dir='ltr'><em>Friedrich</em></span> <span class='ocrx_word' id='word_1_14' title='bbox 608 1717 656 1754; x_wconf 84' lang='lat' dir='ltr'>con</span> <span class='ocrx_word' id='word_1_15' title='bbox 680 1699 809 1769; x_wconf 74' lang='lat' dir='ltr'>Solzburp</span> <span class='ocrx_word' id='word_1_16' title='bbox 830 1699 929 1752; x_wconf 73' lang='lat' dir='ltr'>crocle</span> <span class='ocrx_word' id='word_1_17' title='bbox 947 1701 1006 1753; x_wconf 88' lang='lat' dir='ltr'>dem</span> <span class='ocrx_word' id='word_1_18' title='bbox 1025 1698 1128 1769; x_wconf 75' lang='lat' dir='ltr'>Kdnr&#39;pe</span> <span class='ocrx_word' id='word_1_19' title='bbox 1145 1698 1250 1770; x_wconf 78' lang='lat' dir='ltr'>liudolf</span> <span class='ocrx_word' id='word_1_20' title='bbox 1266 1700 1340 1754; x_wconf 77' lang='lat' dir='ltr'>scine</span> <span class='ocrx_word' id='word_1_21' title='bbox 1365 1700 1472 1754; x_wconf 81' lang='lat' dir='ltr'>Frende</span> 
     </span>
     <span class='ocr_line' id='line_1_6' title="bbox 269 1786 1473 1860; baseline 0.002 -20"><span class='ocrx_word' id='word_1_22' title='bbox 269 1787 386 1841; x_wconf 71' lang='lat' dir='ltr'>durator</span> <span class='ocrx_word' id='word_1_23' title='bbox 399 1806 457 1851; x_wconf 81' lang='lat' dir='ltr'>oue,</span> <span class='ocrx_word' id='word_1_24' title='bbox 469 1789 534 1842; x_wconf 77' lang='lat' dir='ltr'>doec</span> <span class='ocrx_word' id='word_1_25' title='bbox 546 1786 674 1842; x_wconf 81' lang='lat' dir='ltr'>aucmebr</span> <span class='ocrx_word' id='word_1_26' title='bbox 686 1788 731 1843; x_wconf 83' lang='lat' dir='ltr'>ein</span> <span class='ocrx_word' id='word_1_27' title='bbox 747 1790 800 1859; x_wconf 76' lang='lat' dir='ltr'>Tap</span> <span class='ocrx_word' id='word_1_28' title='bbox 811 1787 864 1859; x_wconf 70' lang='lat' dir='ltr'>fiir</span> <span class='ocrx_word' id='word_1_29' title='bbox 875 1788 952 1843; x_wconf 81' lang='lat' dir='ltr'>scine</span> <span class='ocrx_word' id='word_1_30' title='bbox 963 1788 1186 1860; x_wconf 72' lang='lat' dir='ltr'>Kor&#39;acrlcrdnuny</span> <span class='ocrx_word' id='word_1_31' title='bbox 1193 1788 1347 1860; x_wconf 69' lang='lat' dir='ltr'>ferepeeetzt</span> <span class='ocrx_word' id='word_1_32' title='bbox 1359 1789 1402 1844; x_wconf 84' lang='lat' dir='ltr'>cei</span> <span class='ocrx_word' id='word_1_33' title='bbox 1408 1808 1420 1855; x_wconf 88' lang='lat'><em>;</em></span> <span class='ocrx_word' id='word_1_34' title='bbox 1441 1809 1473 1843; x_wconf 86' lang='lat' dir='ltr'>cr</span> 
     </span>
     <span class='ocr_line' id='line_1_7' title="bbox 269 1876 1472 1951; baseline 0.002 -20"><span class='ocrx_word' id='word_1_35' title='bbox 269 1878 366 1940; x_wconf 84' lang='lat' dir='ltr'>werde,</span> <span class='ocrx_word' id='word_1_36' title='bbox 379 1894 454 1932; x_wconf 77' lang='lat' dir='ltr'>wenc</span> <span class='ocrx_word' id='word_1_37' title='bbox 463 1895 494 1931; x_wconf 85' lang='lat' dir='ltr'>er</span> <span class='ocrx_word' id='word_1_38' title='bbox 503 1876 589 1932; x_wconf 73' lang='lat' dir='ltr'>durch</span> <span class='ocrx_word' id='word_1_39' title='bbox 604 1879 727 1933; x_wconf 70' lang='lat' dir='ltr'>Orator-’o</span> <span class='ocrx_word' id='word_1_40' title='bbox 739 1877 982 1948; x_wconf 74' lang='lat' dir='ltr'>Frindseliplrciten</span> <span class='ocrx_word' id='word_1_41' title='bbox 989 1879 1148 1951; x_wconf 81' lang='lat' dir='ltr'>perednliclr</span> <span class='ocrx_word' id='word_1_42' title='bbox 1161 1879 1205 1933; x_wconf 81' lang='lat' dir='ltr'>bei</span> <span class='ocrx_word' id='word_1_43' title='bbox 1215 1879 1472 1934; x_wconf 70' lang='lat' dir='ltr'>doceer&#39;Feierlielr-</span> 
     </span>
    </p>
   </div>
   <div class='ocr_carea' id='block_1_5' title="bbox 300 1965 1443 2139">
    <p class='ocr_par' dir='ltr' id='par_1_5' title="bbox 300 1965 1443 2139">
     <span class='ocr_line' id='line_1_8' title="bbox 300 1965 1443 2039; baseline 0.003 -19"><span class='ocrx_word' id='word_1_44' title='bbox 300 1966 355 2022; x_wconf 73' lang='lat' dir='ltr'>kcs&#39;t</span> <span class='ocrx_word' id='word_1_45' title='bbox 365 1987 398 2023; x_wconf 77' lang='lat' dir='ltr'>zu</span> <span class='ocrx_word' id='word_1_46' title='bbox 408 1965 564 2024; x_wconf 66' lang='lat' dir='ltr'>mostaines</span> <span class='ocrx_word' id='word_1_47' title='bbox 575 1967 731 2024; x_wconf 80' lang='lat' dir='ltr'>cerbindcrr</span> <span class='ocrx_word' id='word_1_48' title='bbox 741 1968 801 2023; x_wconf 82' lang='lat' dir='ltr'>ocio</span> <span class='ocrx_word' id='word_1_49' title='bbox 812 1969 902 2036; x_wconf 68' lang='lat' dir='ltr'>colite,</span> <span class='ocrx_word' id='word_1_50' title='bbox 919 1969 979 2024; x_wconf 81' lang='lat' dir='ltr'>ciac</span> <span class='ocrx_word' id='word_1_51' title='bbox 992 1968 1203 2039; x_wconf 72' lang='lat' dir='ltr'>(iccordtacloost</span> <span class='ocrx_word' id='word_1_52' title='bbox 1215 1971 1285 2024; x_wconf 72' lang='lat' dir='ltr'>doru</span> <span class='ocrx_word' id='word_1_53' title='bbox 1298 1970 1443 2025; x_wconf 67' lang='lat' dir='ltr'>alumen</span> 
     </span>
     <span class='ocr_line' id='line_1_9' title="bbox 361 2069 794 2139; baseline 0 -8"><span class='ocrx_word' id='word_1_54' title='bbox 361 2077 475 2131; x_wconf 84' lang='lat' dir='ltr'>Gerbcrt</span> <span class='ocrx_word' id='word_1_55' title='bbox 489 2077 514 2139; x_wconf 83' lang='lat' dir='ltr'>l,</span> <span class='ocrx_word' id='word_1_56' title='bbox 526 2076 570 2132; x_wconf 76' lang='lat'>35.</span> <span class='ocrx_word' id='word_1_57' title='bbox 791 2069 794 2077; x_wconf 70' lang='grc'>’</span> 
     </span>
    </p>
   </div>
   <div class='ocr_carea' id='block_1_6' title="bbox 258 2166 1493 4223">
    <p class='ocr_par' dir='ltr' id='par_1_6' title="bbox 258 2166 1493 4223">
     <span class='ocr_line' id='line_1_10' title="bbox 360 2166 1493 2272; baseline 0.001 -23"><span class='ocrx_word' id='word_1_58' title='bbox 360 2186 523 2270; x_wconf 82' lang='lat' dir='ltr'>Regalibus</span> <span class='ocrx_word' id='word_1_59' title='bbox 535 2186 641 2258; x_wconf 90' lang='lat' dir='ltr'>literis,</span> <span class='ocrx_word' id='word_1_60' title='bbox 653 2206 778 2270; x_wconf 88' lang='lat' dir='ltr'>quarum</span> <span class='ocrx_word' id='word_1_61' title='bbox 789 2193 877 2250; x_wconf 91' lang='lat' dir='ltr'>tenor</span> <span class='ocrx_word' id='word_1_62' title='bbox 893 2206 969 2251; x_wconf 81' lang='lat' dir='ltr'>nova</span> <span class='ocrx_word' id='word_1_63' title='bbox 981 2186 1080 2260; x_wconf 89' lang='lat' dir='ltr'>uobis,</span> <span class='ocrx_word' id='word_1_64' title='bbox 1092 2188 1181 2272; x_wconf 89' lang='lat' dir='ltr'>plena</span> <span class='ocrx_word' id='word_1_65' title='bbox 1192 2187 1276 2251; x_wconf 90' lang='lat' dir='ltr'>felici</span> <span class='ocrx_word' id='word_1_66' title='bbox 1289 2188 1466 2257; x_wconf 73' lang='lat' dir='ltr'>dulcedine,</span> <span class='ocrx_word' id='word_1_67' title='bbox 1491 2166 1493 2173; x_wconf 70' lang='lat'>,</span> 
     </span>
     <span class='ocr_line' id='line_1_11' title="bbox 268 2293 1470 2382; baseline 0.001 -25"><span class='ocrx_word' id='word_1_68' title='bbox 268 2293 430 2364; x_wconf 78' lang='lat' dir='ltr'>nunciavit,</span> <span class='ocrx_word' id='word_1_69' title='bbox 446 2295 581 2378; x_wconf 82' lang='lat' dir='ltr'>proximo</span> <span class='ocrx_word' id='word_1_70' title='bbox 599 2295 754 2366; x_wconf 89' lang='lat' dir='ltr'>consolati,</span> <span class='ocrx_word' id='word_1_71' title='bbox 772 2295 853 2358; x_wconf 87' lang='lat' dir='ltr'>clare</span> <span class='ocrx_word' id='word_1_72' title='bbox 869 2295 957 2359; x_wconf 89' lang='lat' dir='ltr'>nobis</span> <span class='ocrx_word' id='word_1_73' title='bbox 979 2295 1120 2366; x_wconf 89' lang='lat' dir='ltr'>innotuit,</span> <span class='ocrx_word' id='word_1_74' title='bbox 1143 2295 1263 2379; x_wconf 90' lang='lat' dir='ltr'>leteque</span> <span class='ocrx_word' id='word_1_75' title='bbox 1281 2296 1322 2382; x_wconf 85' lang='lat' dir='ltr'>a]</span> <span class='ocrx_word' id='word_1_76' title='bbox 1339 2296 1470 2378; x_wconf 83' lang='lat' dir='ltr'>collegi-</span> 
     </span>
     <span class='ocr_line' id='line_1_12' title="bbox 270 2402 1472 2487; baseline 0.001 -22"><span class='ocrx_word' id='word_1_77' title='bbox 270 2423 335 2466; x_wconf 91' lang='lat' dir='ltr'>mus</span> <span class='ocrx_word' id='word_1_78' title='bbox 363 2422 400 2466; x_wconf 83' lang='lat' dir='ltr'>ex</span> <span class='ocrx_word' id='word_1_79' title='bbox 426 2402 552 2475; x_wconf 89' lang='lat' dir='ltr'>eisdem,</span> <span class='ocrx_word' id='word_1_80' title='bbox 579 2404 659 2487; x_wconf 89' lang='lat' dir='ltr'>quod</span> <span class='ocrx_word' id='word_1_81' title='bbox 687 2402 767 2466; x_wconf 90' lang='lat' dir='ltr'>diem</span> <span class='ocrx_word' id='word_1_82' title='bbox 789 2404 998 2485; x_wconf 76' lang='lat' dir='ltr'>sollempnem,</span> <span class='ocrx_word' id='word_1_83' title='bbox 1029 2403 1108 2466; x_wconf 90' lang='lat' dir='ltr'>diem</span> <span class='ocrx_word' id='word_1_84' title='bbox 1139 2405 1260 2475; x_wconf 89' lang='lat' dir='ltr'>festum,</span> <span class='ocrx_word' id='word_1_85' title='bbox 1285 2404 1365 2467; x_wconf 88' lang='lat' dir='ltr'>diem</span> <span class='ocrx_word' id='word_1_86' title='bbox 1388 2404 1472 2468; x_wconf 89' lang='lat' dir='ltr'>illum</span> 
     </span>
     <span class='ocr_line' id='line_1_13' title="bbox 269 2509 1471 2595; baseline 0.002 -24"><span class='ocrx_word' id='word_1_87' title='bbox 269 2509 472 2574; x_wconf 88' lang='lat' dir='ltr'>desideratum</span> <span class='ocrx_word' id='word_1_88' title='bbox 498 2510 563 2574; x_wconf 83' lang='lat' dir='ltr'>iore</span> <span class='ocrx_word' id='word_1_89' title='bbox 589 2511 682 2573; x_wconf 86' lang='lat' dir='ltr'>Rome</span> <span class='ocrx_word' id='word_1_90' title='bbox 711 2512 908 2574; x_wconf 87' lang='lat' dir='ltr'>constitutum</span> <span class='ocrx_word' id='word_1_91' title='bbox 930 2531 948 2574; x_wconf 88' lang='lat' dir='ltr'>a</span> <span class='ocrx_word' id='word_1_92' title='bbox 970 2512 1162 2575; x_wconf 84' lang='lat' dir='ltr'>sanctissimo</span> <span class='ocrx_word' id='word_1_93' title='bbox 1185 2517 1272 2595; x_wconf 87' lang='lat' dir='ltr'>patre</span> <span class='ocrx_word' id='word_1_94' title='bbox 1294 2519 1326 2575; x_wconf 89' lang='lat' dir='ltr'>ct</span> <span class='ocrx_word' id='word_1_95' title='bbox 1348 2512 1471 2575; x_wconf 90' lang='lat' dir='ltr'>domino</span> 
     </span>
     <span class='ocr_line' id='line_1_14' title="bbox 270 2617 1473 2702; baseline 0.002 -22"><span class='ocrx_word' id='word_1_96' title='bbox 270 2622 372 2680; x_wconf 89' lang='lat' dir='ltr'>nostro</span> <span class='ocrx_word' id='word_1_97' title='bbox 400 2638 514 2682; x_wconf 89' lang='lat' dir='ltr'>summo</span> <span class='ocrx_word' id='word_1_98' title='bbox 542 2617 695 2702; x_wconf 89' lang='lat' dir='ltr'>pontifice,</span> <span class='ocrx_word' id='word_1_99' title='bbox 723 2618 754 2681; x_wconf 92' lang='lat' dir='ltr'>in</span> <span class='ocrx_word' id='word_1_100' title='bbox 783 2637 842 2701; x_wconf 90' lang='lat' dir='ltr'>quo</span> <span class='ocrx_word' id='word_1_101' title='bbox 872 2623 978 2681; x_wconf 87' lang='lat' dir='ltr'>sancta</span> <span class='ocrx_word' id='word_1_102' title='bbox 1001 2624 1096 2681; x_wconf 85' lang='lat' dir='ltr'>mater</span> <span class='ocrx_word' id='word_1_103' title='bbox 1118 2620 1248 2683; x_wconf 86' lang='lat' dir='ltr'>ecclesia</span> <span class='ocrx_word' id='word_1_104' title='bbox 1269 2618 1362 2682; x_wconf 85' lang='lat' dir='ltr'>lilium</span> <span class='ocrx_word' id='word_1_105' title='bbox 1385 2639 1473 2683; x_wconf 87' lang='lat' dir='ltr'>suum</span> 
     </span>
     <span class='ocr_line' id='line_1_15' title="bbox 270 2724 1472 2811; baseline 0.002 -24"><span class='ocrx_word' id='word_1_106' title='bbox 270 2724 468 2796; x_wconf 82' lang='lat' dir='ltr'>karissimum,</span> <span class='ocrx_word' id='word_1_107' title='bbox 485 2727 652 2811; x_wconf 90' lang='lat' dir='ltr'>principem</span> <span class='ocrx_word' id='word_1_108' title='bbox 669 2730 803 2790; x_wconf 89' lang='lat' dir='ltr'>nostrum</span> <span class='ocrx_word' id='word_1_109' title='bbox 821 2731 850 2788; x_wconf 89' lang='lat' dir='ltr'>et</span> <span class='ocrx_word' id='word_1_110' title='bbox 866 2732 1034 2810; x_wconf 88' lang='lat' dir='ltr'>patronum,</span> <span class='ocrx_word' id='word_1_111' title='bbox 1058 2725 1207 2809; x_wconf 87' lang='lat' dir='ltr'>imperiali</span> <span class='ocrx_word' id='word_1_112' title='bbox 1231 2728 1340 2792; x_wconf 87' lang='lat' dir='ltr'>debeat</span> <span class='ocrx_word' id='word_1_113' title='bbox 1358 2728 1472 2810; x_wconf 81' lang='lat' dir='ltr'>dyade-</span> 
     </span>
     <span class='ocr_line' id='line_1_16' title="bbox 258 2832 1472 2919; baseline 0.002 -25"><span class='ocrx_word' id='word_1_114' title='bbox 258 2832 350 2895; x_wconf 83' lang='lat' dir='ltr'>mate</span> <span class='ocrx_word' id='word_1_115' title='bbox 378 2854 533 2906; x_wconf 87' lang='lat' dir='ltr'>corouare,</span> <span class='ocrx_word' id='word_1_116' title='bbox 563 2836 593 2898; x_wconf 89' lang='lat' dir='ltr'>iu</span> <span class='ocrx_word' id='word_1_117' title='bbox 620 2855 678 2918; x_wconf 89' lang='lat' dir='ltr'>quo</span> <span class='ocrx_word' id='word_1_118' title='bbox 707 2834 792 2917; x_wconf 86' lang='lat' dir='ltr'>larga</span> <span class='ocrx_word' id='word_1_119' title='bbox 820 2833 987 2916; x_wconf 80' lang='lat' dir='ltr'>reipublice</span> <span class='ocrx_word' id='word_1_120' title='bbox 1011 2833 1152 2907; x_wconf 90' lang='lat' dir='ltr'>latitudo,</span> <span class='ocrx_word' id='word_1_121' title='bbox 1174 2834 1268 2917; x_wconf 81' lang='lat' dir='ltr'>largis</span> <span class='ocrx_word' id='word_1_122' title='bbox 1292 2839 1323 2898; x_wconf 89' lang='lat' dir='ltr'>ct</span> <span class='ocrx_word' id='word_1_123' title='bbox 1345 2835 1472 2919; x_wconf 86' lang='lat' dir='ltr'>privatis</span> 
     </span>
     <span class='ocr_line' id='line_1_17' title="bbox 270 2942 1472 3026; baseline 0.001 -21"><span class='ocrx_word' id='word_1_124' title='bbox 270 2942 416 3006; x_wconf 81' lang='lat' dir='ltr'>abusibus</span> <span class='ocrx_word' id='word_1_125' title='bbox 433 2943 578 3007; x_wconf 88' lang='lat' dir='ltr'>hactenns</span> <span class='ocrx_word' id='word_1_126' title='bbox 596 2948 773 3026; x_wconf 81' lang='lat' dir='ltr'>angustata,</span> <span class='ocrx_word' id='word_1_127' title='bbox 797 2942 940 3004; x_wconf 89' lang='lat' dir='ltr'>letabitur</span> <span class='ocrx_word' id='word_1_128' title='bbox 972 2948 1001 3005; x_wconf 92' lang='lat' dir='ltr'>et</span> <span class='ocrx_word' id='word_1_129' title='bbox 1030 2942 1145 3006; x_wconf 84' lang='lat' dir='ltr'>videbit</span> <span class='ocrx_word' id='word_1_130' title='bbox 1174 2964 1206 3005; x_wconf 90' lang='lat' dir='ltr'>se</span> <span class='ocrx_word' id='word_1_131' title='bbox 1235 2945 1317 3006; x_wconf 80' lang='lat' dir='ltr'>iuxta</span> <span class='ocrx_word' id='word_1_132' title='bbox 1344 2945 1472 3007; x_wconf 86' lang='lat' dir='ltr'>formam</span> 
     </span>
     <span class='ocr_line' id='line_1_18' title="bbox 271 3049 1473 3134; baseline 0 -20"><span class='ocrx_word' id='word_1_133' title='bbox 271 3052 409 3134; x_wconf 77' lang='lat' dir='ltr'>potencie</span> <span class='ocrx_word' id='word_1_134' title='bbox 437 3071 491 3114; x_wconf 88' lang='lat' dir='ltr'>sue</span> <span class='ocrx_word' id='word_1_135' title='bbox 518 3052 644 3133; x_wconf 78' lang='lat' dir='ltr'>pristine</span> <span class='ocrx_word' id='word_1_136' title='bbox 672 3051 729 3112; x_wconf 91' lang='lat' dir='ltr'>sub</span> <span class='ocrx_word' id='word_1_137' title='bbox 757 3054 858 3113; x_wconf 82' lang='lat' dir='ltr'>vestro</span> <span class='ocrx_word' id='word_1_138' title='bbox 890 3049 971 3113; x_wconf 85' lang='lat' dir='ltr'>felici</span> <span class='ocrx_word' id='word_1_139' title='bbox 1008 3051 1126 3112; x_wconf 90' lang='lat' dir='ltr'>nomine</span> <span class='ocrx_word' id='word_1_140' title='bbox 1149 3050 1257 3114; x_wconf 91' lang='lat' dir='ltr'>iterum</span> <span class='ocrx_word' id='word_1_141' title='bbox 1280 3051 1409 3124; x_wconf 85' lang='lat' dir='ltr'>dilatari,</span> <span class='ocrx_word' id='word_1_142' title='bbox 1442 3052 1473 3114; x_wconf 91' lang='lat' dir='ltr'>in</span> 
     </span>
     <span class='ocr_line' id='line_1_19' title="bbox 272 3157 1473 3245; baseline -0.001 -22"><span class='ocrx_word' id='word_1_143' title='bbox 272 3180 330 3245; x_wconf 89' lang='lat' dir='ltr'>quo</span> <span class='ocrx_word' id='word_1_144' title='bbox 358 3160 486 3243; x_wconf 88' lang='lat' dir='ltr'>denique</span> <span class='ocrx_word' id='word_1_145' title='bbox 509 3179 635 3240; x_wconf 84' lang='lat' dir='ltr'>regnum</span> <span class='ocrx_word' id='word_1_146' title='bbox 662 3164 693 3221; x_wconf 89' lang='lat' dir='ltr'>ct</span> <span class='ocrx_word' id='word_1_147' title='bbox 721 3157 933 3222; x_wconf 79' lang='lat' dir='ltr'>sacerdocium</span> <span class='ocrx_word' id='word_1_148' title='bbox 956 3157 1012 3221; x_wconf 91' lang='lat' dir='ltr'>sub</span> <span class='ocrx_word' id='word_1_149' title='bbox 1041 3159 1141 3242; x_wconf 85' lang='lat' dir='ltr'>equali</span> <span class='ocrx_word' id='word_1_150' title='bbox 1167 3159 1319 3223; x_wconf 81' lang='lat' dir='ltr'>meusium</span> <span class='ocrx_word' id='word_1_151' title='bbox 1340 3160 1473 3242; x_wconf 86' lang='lat' dir='ltr'>puritate</span> 
     </span>
     <span class='ocr_line' id='line_1_20' title="bbox 271 3264 1473 3351; baseline -0.001 -22"><span class='ocrx_word' id='word_1_152' title='bbox 271 3267 383 3351; x_wconf 89' lang='lat' dir='ltr'>pariter</span> <span class='ocrx_word' id='word_1_153' title='bbox 399 3266 615 3335; x_wconf 89' lang='lat' dir='ltr'>consedebunt,</span> <span class='ocrx_word' id='word_1_154' title='bbox 629 3271 662 3328; x_wconf 91' lang='lat' dir='ltr'>ut</span> <span class='ocrx_word' id='word_1_155' title='bbox 674 3271 806 3329; x_wconf 84' lang='lat' dir='ltr'>tractent</span> <span class='ocrx_word' id='word_1_156' title='bbox 820 3272 850 3328; x_wconf 90' lang='lat' dir='ltr'>et</span> <span class='ocrx_word' id='word_1_157' title='bbox 867 3264 1005 3328; x_wconf 83' lang='lat' dir='ltr'>ordinent</span> <span class='ocrx_word' id='word_1_158' title='bbox 1021 3267 1170 3349; x_wconf 90' lang='lat' dir='ltr'>quomodo</span> <span class='ocrx_word' id='word_1_159' title='bbox 1188 3272 1219 3329; x_wconf 90' lang='lat' dir='ltr'>ct</span> <span class='ocrx_word' id='word_1_160' title='bbox 1234 3268 1365 3350; x_wconf 82' lang='lat' dir='ltr'>qualiter</span> <span class='ocrx_word' id='word_1_161' title='bbox 1382 3267 1473 3349; x_wconf 87' lang='lat' dir='ltr'>digne</span> 
     </span>
     <span class='ocr_line' id='line_1_21' title="bbox 273 3373 1475 3457; baseline -0.003 -17"><span class='ocrx_word' id='word_1_162' title='bbox 273 3383 302 3440; x_wconf 88' lang='lat' dir='ltr'>et</span> <span class='ocrx_word' id='word_1_163' title='bbox 330 3376 535 3441; x_wconf 86' lang='lat' dir='ltr'>ordinabiliter</span> <span class='ocrx_word' id='word_1_164' title='bbox 562 3381 642 3437; x_wconf 85' lang='lat' dir='ltr'>terre</span> <span class='ocrx_word' id='word_1_165' title='bbox 670 3381 775 3436; x_wconf 88' lang='lat' dir='ltr'>sancte</span> <span class='ocrx_word' id='word_1_166' title='bbox 802 3373 1051 3443; x_wconf 87' lang='lat' dir='ltr'>necessitatibus,</span> <span class='ocrx_word' id='word_1_167' title='bbox 1076 3374 1135 3436; x_wconf 90' lang='lat' dir='ltr'>iam</span> <span class='ocrx_word' id='word_1_168' title='bbox 1157 3374 1251 3457; x_wconf 89' lang='lat' dir='ltr'>procb</span> <span class='ocrx_word' id='word_1_169' title='bbox 1274 3375 1377 3439; x_wconf 89' lang='lat' dir='ltr'>dolor!</span> <span class='ocrx_word' id='word_1_170' title='bbox 1403 3375 1475 3438; x_wconf 91' lang='lat' dir='ltr'>neci</span> 
     </span>
     <span class='ocr_line' id='line_1_22' title="bbox 271 3481 1474 3571; baseline -0.003 -20"><span class='ocrx_word' id='word_1_171' title='bbox 271 3486 424 3571; x_wconf 84' lang='lat' dir='ltr'>proximis,</span> <span class='ocrx_word' id='word_1_172' title='bbox 442 3489 635 3549; x_wconf 88' lang='lat' dir='ltr'>succurratur</span> <span class='ocrx_word' id='word_1_173' title='bbox 656 3482 694 3568; x_wconf 89' lang='lat'>¹),</span> <span class='ocrx_word' id='word_1_174' title='bbox 711 3488 791 3545; x_wconf 88' lang='lat' dir='ltr'>terre</span> <span class='ocrx_word' id='word_1_175' title='bbox 803 3482 948 3567; x_wconf 89' lang='lat' dir='ltr'>quidem,</span> <span class='ocrx_word' id='word_1_176' title='bbox 977 3481 1008 3543; x_wconf 91' lang='lat' dir='ltr'>in</span> <span class='ocrx_word' id='word_1_177' title='bbox 1037 3502 1096 3565; x_wconf 89' lang='lat' dir='ltr'>qua</span> <span class='ocrx_word' id='word_1_178' title='bbox 1118 3483 1291 3564; x_wconf 80' lang='lat' dir='ltr'>unigenitus</span> <span class='ocrx_word' id='word_1_179' title='bbox 1313 3484 1372 3546; x_wconf 87' lang='lat' dir='ltr'>Dei</span> <span class='ocrx_word' id='word_1_180' title='bbox 1394 3483 1474 3548; x_wconf 89' lang='lat' dir='ltr'>lilius</span> 
     </span>
     <span class='ocr_line' id='line_1_23' title="bbox 273 3570 1473 3661; baseline -0.003 -3"><span class='ocrx_word' id='word_1_181' title='bbox 273 3595 411 3659; x_wconf 90' lang='lat' dir='ltr'>humatus</span> <span class='ocrx_word' id='word_1_182' title='bbox 434 3594 562 3656; x_wconf 90' lang='lat' dir='ltr'>bumane</span> <span class='ocrx_word' id='word_1_183' title='bbox 584 3590 772 3655; x_wconf 87' lang='lat' dir='ltr'>mortalitatis</span> <span class='ocrx_word' id='word_1_184' title='bbox 795 3570 932 3653; x_wconf 85' lang='lat' dir='ltr'>miserias</span> <span class='ocrx_word' id='word_1_185' title='bbox 954 3589 1063 3660; x_wconf 90' lang='lat' dir='ltr'>induit,</span> <span class='ocrx_word' id='word_1_186' title='bbox 1088 3594 1121 3653; x_wconf 89' lang='lat' dir='ltr'>ut</span> <span class='ocrx_word' id='word_1_187' title='bbox 1143 3611 1210 3661; x_wconf 91' lang='lat' dir='ltr'>nos,</span> <span class='ocrx_word' id='word_1_188' title='bbox 1234 3608 1288 3653; x_wconf 88' lang='lat' dir='ltr'>sue</span> <span class='ocrx_word' id='word_1_189' title='bbox 1305 3591 1473 3655; x_wconf 89' lang='lat' dir='ltr'>divinitatis</span> 
     </span>
     <span class='ocr_line' id='line_1_24' title="bbox 272 3698 1472 3785; baseline -0.003 -19"><span class='ocrx_word' id='word_1_190' title='bbox 272 3707 369 3768; x_wconf 87' lang='lat' dir='ltr'>factos</span> <span class='ocrx_word' id='word_1_191' title='bbox 396 3702 571 3785; x_wconf 87' lang='lat' dir='ltr'>participes,</span> <span class='ocrx_word' id='word_1_192' title='bbox 600 3700 732 3764; x_wconf 87' lang='lat' dir='ltr'>efficeret</span> <span class='ocrx_word' id='word_1_193' title='bbox 760 3698 857 3762; x_wconf 89' lang='lat' dir='ltr'>eciam</span> <span class='ocrx_word' id='word_1_194' title='bbox 890 3698 1133 3760; x_wconf 85' lang='lat' dir='ltr'>misericorditer</span> <span class='ocrx_word' id='word_1_195' title='bbox 1166 3700 1359 3762; x_wconf 87' lang='lat' dir='ltr'>immortales.</span> <span class='ocrx_word' id='word_1_196' title='bbox 1405 3700 1472 3764; x_wconf 89' lang='lat' dir='ltr'>Hiis</span> 
     </span>
     <span class='ocr_line' id='line_1_25' title="bbox 272 3806 1473 3896; baseline -0.002 -23"><span class='ocrx_word' id='word_1_197' title='bbox 272 3813 372 3896; x_wconf 89' lang='lat' dir='ltr'>itaque</span> <span class='ocrx_word' id='word_1_198' title='bbox 389 3811 483 3875; x_wconf 89' lang='lat' dir='ltr'>saeris</span> <span class='ocrx_word' id='word_1_199' title='bbox 500 3808 694 3892; x_wconf 89' lang='lat' dir='ltr'>sollempniis,</span> <span class='ocrx_word' id='word_1_200' title='bbox 711 3807 867 3891; x_wconf 90' lang='lat' dir='ltr'>inquibus</span> <span class='ocrx_word' id='word_1_201' title='bbox 891 3811 948 3868; x_wconf 86' lang='lat' dir='ltr'>ccli</span> <span class='ocrx_word' id='word_1_202' title='bbox 970 3826 1073 3869; x_wconf 88' lang='lat' dir='ltr'>rorem</span> <span class='ocrx_word' id='word_1_203' title='bbox 1095 3806 1260 3870; x_wconf 85' lang='lat' dir='ltr'>salvificum</span> <span class='ocrx_word' id='word_1_204' title='bbox 1283 3808 1473 3871; x_wconf 89' lang='lat' dir='ltr'>distillabunt</span> 
     </span>
     <span class='ocr_line' id='line_1_26' title="bbox 273 3915 1473 4003; baseline -0.004 -19"><span class='ocrx_word' id='word_1_205' title='bbox 273 3921 305 3984; x_wconf 90' lang='lat' dir='ltr'>in</span> <span class='ocrx_word' id='word_1_206' title='bbox 326 3920 431 3991; x_wconf 90' lang='lat' dir='ltr'>terris,</span> <span class='ocrx_word' id='word_1_207' title='bbox 459 3925 548 4003; x_wconf 89' lang='lat' dir='ltr'>prout</span> <span class='ocrx_word' id='word_1_208' title='bbox 563 3920 703 3989; x_wconf 89' lang='lat' dir='ltr'>interest,</span> <span class='ocrx_word' id='word_1_209' title='bbox 733 3923 795 3980; x_wconf 91' lang='lat' dir='ltr'>toto</span> <span class='ocrx_word' id='word_1_210' title='bbox 819 3922 927 3980; x_wconf 89' lang='lat' dir='ltr'>conatu</span> <span class='ocrx_word' id='word_1_211' title='bbox 945 3916 1132 3999; x_wconf 92' lang='lat' dir='ltr'>disponimus</span> <span class='ocrx_word' id='word_1_212' title='bbox 1148 3915 1297 3979; x_wconf 87' lang='lat' dir='ltr'>interesse</span> <span class='ocrx_word' id='word_1_213' title='bbox 1314 3922 1344 3979; x_wconf 89' lang='lat' dir='ltr'>et</span> <span class='ocrx_word' id='word_1_214' title='bbox 1361 3916 1473 3980; x_wconf 91' lang='lat' dir='ltr'>ibidem</span> 
     </span>
     <span class='ocr_line' id='line_1_27' title="bbox 274 4024 1473 4110; baseline -0.01 -13"><span class='ocrx_word' id='word_1_215' title='bbox 274 4030 479 4097; x_wconf 89' lang='lat' dir='ltr'>communibus</span> <span class='ocrx_word' id='word_1_216' title='bbox 502 4028 660 4092; x_wconf 86' lang='lat' dir='ltr'>christiani</span> <span class='ocrx_word' id='word_1_217' title='bbox 675 4025 852 4110; x_wconf 79' lang='lat' dir='ltr'>congaudiis</span> <span class='ocrx_word' id='word_1_218' title='bbox 869 4025 970 4108; x_wconf 91' lang='lat' dir='ltr'>populi</span> <span class='ocrx_word' id='word_1_219' title='bbox 988 4024 1181 4106; x_wconf 82' lang='lat' dir='ltr'>congaudere</span> <span class='ocrx_word' id='word_1_220' title='bbox 1198 4044 1369 4106; x_wconf 87' lang='lat' dir='ltr'>speramns,</span> <span class='ocrx_word' id='word_1_221' title='bbox 1387 4025 1473 4086; x_wconf 90' lang='lat' dir='ltr'>dum-</span> 
     </span>
     <span class='ocr_line' id='line_1_28' title="bbox 274 4132 1471 4223; baseline -0.008 -20"><span class='ocrx_word' id='word_1_222' title='bbox 274 4141 361 4204; x_wconf 91' lang='lat' dir='ltr'>modo</span> <span class='ocrx_word' id='word_1_223' title='bbox 377 4141 519 4223; x_wconf 81' lang='lat' dir='ltr'>frequens</span> <span class='ocrx_word' id='word_1_224' title='bbox 534 4142 566 4201; x_wconf 87' lang='lat' dir='ltr'>et</span> <span class='ocrx_word' id='word_1_225' title='bbox 579 4138 754 4220; x_wconf 84' lang='lat' dir='ltr'>frequenter</span> <span class='ocrx_word' id='word_1_226' title='bbox 768 4153 949 4198; x_wconf 86' lang='lat' dir='ltr'>accrescens</span> <span class='ocrx_word' id='word_1_227' title='bbox 967 4133 996 4195; x_wconf 90' lang='lat' dir='ltr'>in</span> <span class='ocrx_word' id='word_1_228' title='bbox 1014 4132 1105 4196; x_wconf 91' lang='lat' dir='ltr'>nobis</span> <span class='ocrx_word' id='word_1_229' title='bbox 1123 4133 1213 4195; x_wconf 93' lang='lat' dir='ltr'>emuli</span> <span class='ocrx_word' id='word_1_230' title='bbox 1233 4132 1326 4196; x_wconf 81' lang='lat' dir='ltr'>vestri</span> <span class='ocrx_word' id='word_1_231' title='bbox 1342 4132 1471 4215; x_wconf 88' lang='lat' dir='ltr'>impetus</span> 
     </span>
    </p>
   </div>
   <div class='ocr_carea' id='block_1_7' title="bbox 367 4321 649 4394">
    <p class='ocr_par' dir='ltr' id='par_1_7' title="bbox 367 4321 649 4394">
     <span class='ocr_line' id='line_1_29' title="bbox 367 4321 649 4394; baseline -0.014 -16"><span class='ocrx_word' id='word_1_232' title='bbox 367 4324 402 4389; x_wconf 87' lang='lat' dir='ltr'>a)</span> <span class='ocrx_word' id='word_1_233' title='bbox 421 4324 527 4394; x_wconf 80' lang='lat' dir='ltr'>lateque</span> <span class='ocrx_word' id='word_1_234' title='bbox 539 4321 570 4375; x_wconf 82' lang='lat' dir='ltr'>V·</span> <span class='ocrx_word' id='word_1_235' title='bbox 583 4338 606 4374; x_wconf 88' lang='lat' dir='ltr'>u.</span> <span class='ocrx_word' id='word_1_236' title='bbox 623 4321 649 4374; x_wconf 86' lang='lat' dir='ltr'>Z.</span> 
     </span>
    </p>
   </div>
   <div class='ocr_carea' id='block_1_8' title="bbox 278 4459 600 4470">
    <p class='ocr_par' dir='ltr' id='par_1_8' title="bbox 278 4459 600 4470">
     <span class='ocr_line' id='line_1_30' title="bbox 278 4459 600 4470; baseline -0.003 0"><span class='ocrx_word' id='word_1_237' title='bbox 278 4460 303 4470; x_wconf 74' lang='grc' dir='ltr'>ιν·-</span> <span class='ocrx_word' id='word_1_238' title='bbox 313 4459 600 4470; x_wconf 46' lang='grc' dir='ltr'>’.φφ-..Μ</span> 
     </span>
    </p>
   </div>
   <div class='ocr_carea' id='block_1_9' title="bbox 310 4535 1470 4701">
    <p class='ocr_par' dir='ltr' id='par_1_9' title="bbox 310 4535 1470 4701">
     <span class='ocr_line' id='line_1_31' title="bbox 310 4535 1470 4608; baseline -0.015 -12"><span class='ocrx_word' id='word_1_239' title='bbox 310 4546 333 4607; x_wconf 82' lang='lat'>¹)</span> <span class='ocrx_word' id='word_1_240' title='bbox 352 4549 432 4595; x_wconf 85' lang='lat' dir='ltr'>llicrin</span> <span class='ocrx_word' id='word_1_241' title='bbox 444 4549 547 4608; x_wconf 74' lang='lat' dir='ltr'>spicgclt</span> <span class='ocrx_word' id='word_1_242' title='bbox 559 4548 610 4593; x_wconf 81' lang='lat' dir='ltr'>rich</span> <span class='ocrx_word' id='word_1_243' title='bbox 623 4549 662 4594; x_wconf 85' lang='lat' dir='ltr'>dic</span> <span class='ocrx_word' id='word_1_244' title='bbox 674 4547 830 4604; x_wconf 70' lang='lat' dir='ltr'>Auschaunug</span> <span class='ocrx_word' id='word_1_245' title='bbox 843 4543 954 4603; x_wconf 72' lang='lat' dir='ltr'>Gregor&#39;s</span> <span class='ocrx_word' id='word_1_246' title='bbox 968 4540 997 4585; x_wconf 82' lang='lat' dir='ltr'>X.</span> <span class='ocrx_word' id='word_1_247' title='bbox 1012 4541 1050 4594; x_wconf 82' lang='lat' dir='ltr'>ab,</span> <span class='ocrx_word' id='word_1_248' title='bbox 1071 4541 1114 4586; x_wconf 85' lang='lat' dir='ltr'>der</span> <span class='ocrx_word' id='word_1_249' title='bbox 1127 4539 1165 4585; x_wconf 84' lang='lat' dir='ltr'>hcl</span> <span class='ocrx_word' id='word_1_250' title='bbox 1180 4539 1262 4593; x_wconf 70' lang='lat' dir='ltr'>illem,</span> <span class='ocrx_word' id='word_1_251' title='bbox 1281 4553 1329 4585; x_wconf 81' lang='lat' dir='ltr'>was</span> <span class='ocrx_word' id='word_1_252' title='bbox 1343 4551 1369 4584; x_wconf 86' lang='lat' dir='ltr'>er</span> <span class='ocrx_word' id='word_1_253' title='bbox 1383 4539 1421 4583; x_wconf 78' lang='lat' dir='ltr'>ltr</span> <span class='ocrx_word' id='word_1_254' title='bbox 1433 4535 1470 4581; x_wconf 82' lang='lat' dir='ltr'>die</span> 
     </span>
     <span class='ocr_line' id='line_1_32' title="bbox 348 4628 1466 4701; baseline -0.013 -16"><span class='ocrx_word' id='word_1_255' title='bbox 348 4642 486 4701; x_wconf 76' lang='lat' dir='ltr'>Flirderung</span> <span class='ocrx_word' id='word_1_256' title='bbox 502 4641 546 4685; x_wconf 85' lang='lat' dir='ltr'>dcr</span> <span class='ocrx_word' id='word_1_257' title='bbox 563 4639 737 4697; x_wconf 75' lang='lat' dir='ltr'>Anerkcnnung</span> <span class='ocrx_word' id='word_1_258' title='bbox 756 4633 862 4682; x_wconf 77' lang='lat' dir='ltr'>Rudolf’s</span> <span class='ocrx_word' id='word_1_259' title='bbox 880 4634 927 4678; x_wconf 91' lang='lat' dir='ltr'>und</span> <span class='ocrx_word' id='word_1_260' title='bbox 946 4633 1031 4677; x_wconf 79' lang='lat' dir='ltr'>dassen</span> <span class='ocrx_word' id='word_1_261' title='bbox 1050 4629 1245 4688; x_wconf 76' lang='lat' dir='ltr'>Kaiscrlmbnnug</span> <span class='ocrx_word' id='word_1_262' title='bbox 1266 4630 1332 4683; x_wconf 80' lang='lat' dir='ltr'>that,</span> <span class='ocrx_word' id='word_1_263' title='bbox 1351 4643 1397 4675; x_wconf 87' lang='lat' dir='ltr'>rou</span> <span class='ocrx_word' id='word_1_264' title='bbox 1416 4628 1466 4672; x_wconf 82' lang='lat' dir='ltr'>dem</span> 
     </span>
    </p>
   </div>
   <div class='ocr_carea' id='block_1_10' title="bbox 351 4719 1263 4793">
    <p class='ocr_par' dir='ltr' id='par_1_10' title="bbox 351 4719 1263 4793">
     <span class='ocr_line' id='line_1_33' title="bbox 351 4719 1263 4793; baseline -0.015 -16"><span class='ocrx_word' id='word_1_265' title='bbox 351 4733 477 4777; x_wconf 77' lang='lat' dir='ltr'>chankcn</span> <span class='ocrx_word' id='word_1_266' title='bbox 490 4731 593 4793; x_wconf 75' lang='lat' dir='ltr'>geleitet</span> <span class='ocrx_word' id='word_1_267' title='bbox 605 4730 694 4784; x_wconf 79' lang='lat' dir='ltr'>werde,</span> <span class='ocrx_word' id='word_1_268' title='bbox 707 4728 812 4773; x_wconf 83' lang='lat' dir='ltr'>dadurch</span> <span class='ocrx_word' id='word_1_269' title='bbox 825 4727 895 4772; x_wconf 72' lang='lat' dir='ltr'>circen</span> <span class='ocrx_word' id='word_1_270' title='bbox 909 4727 1032 4782; x_wconf 80' lang='lat' dir='ltr'>llrcuzzug</span> <span class='ocrx_word' id='word_1_271' title='bbox 1049 4734 1079 4765; x_wconf 78' lang='lat' dir='ltr'>ru</span> <span class='ocrx_word' id='word_1_272' title='bbox 1091 4719 1263 4780; x_wconf 73' lang='lat' dir='ltr'>errnbglicbcn.</span> 
     </span>
    </p>
   </div>
   <div class='ocr_carea' id='block_1_11' title="bbox 0 0 1618 5392">
    <p class='ocr_par' dir='ltr' id='par_1_11' title="bbox 0 0 1618 5392">
     <span class='ocr_line' id='line_1_34' title="bbox 0 0 1618 5392; baseline 0 0"><span class='ocrx_word' id='word_1_273' title='bbox 0 0 1618 5392; x_wconf 95' lang='lat' dir='ltr'> </span> 
     </span>
    </p>
   </div>
  </div>
 </body>
</html>
