3209 5392
271 515 354 592 ‘lca

273 693 334 759 hoc
351 697 484 761 cernitur
498 698 637 762 subiisse.
670 695 752 763 Enoc
768 697 917 785 siquidem
938 693 1272 763 Charesminornm
1291 679 1371 783 'gens
1387 717 1461 782 per-

272 791 345 877 lida,
362 804 400 869 de
416 826 469 869 sue
486 806 619 889 regu'onis
636 801 742 872 lirrihus
759 815 884 891 repente
899 807 1074 891 prosiliens,
1098 813 1128 870 ct
1149 806 1180 869 in
1200 814 1318 871 tumore
1334 801 1461 889 modis

276 911 424 978 exercitus
447 920 544 980 terras
569 922 639 979 ente
662 916 772 980 taciem
794 937 878 980 suam
900 916 1084 999 depopulans
1116 916 1288 986 universas,
1309 915 1462 978 civitatem

273 1027 410 1088 sannam
425 1022 593 1088 Jerusalem
607 1023 673 1087 diro
687 1023 854 1090 obsidionis
870 1025 1008 1106 angustia
1025 1025 1194 1106 caoequavit.
1209 1025 1241 1088 in
1257 1023 1461 1095 christicolas,

274 1129 458 1195 habitatores
474 1131 578 1214 ipsius,
602 1138 811 1197 convertentes
828 1154 861 1194 se
877 1132 916 1195 ad
933 1134 1003 1213 luge
1019 1132 1194 1215 presidium,
1217 1131 1262 1194 sic
1277 1130 1463 1194 horribiliter

274 1237 353 1303 vires
370 1233 566 1303 sceleritatis
589 1233 754 1314 effundens,
777 1245 810 1305 ut
832 1261 935 1305 omnes
956 1241 1070 1324 pariter
1090 1261 1142 1303 ore
1159 1239 1252 1322 gladii
1269 1231 1460 1321 degluciens,

274 1341 448 1430 aspersione
464 1349 578 1412 cruoris
596 1370 697 1413 eorum
713 1371 884 1433 camporum
912 1351 1071 1433 planiciem
1097 1350 1242 1430 irroraret
1272 1355 1303 1414 et
1316 1383 1363 1399 ·-
1378 1346 1463 1431 quod

273 1455 377 1520 intima
398 1457 553 1521 amarioris
576 1459 671 1521 nostri
694 1459 794 1522 cordis
815 1459 943 1523 tristicie
966 1458 1026 1524 telo
1048 1459 1119 1523 ierit
1140 1477 1317 1541 omnemque
1339 1455 1461 1532 fidelem

274 1564 387 1629 offense
404 1565 513 1630 debent
528 1567 700 1632 inmanitate
717 1589 909 1651 conpungere
927 1606 966 1620 -
985 1569 1024 1632 ad
1039 1574 1177 1632 sanonum
1191 1566 1458 1648 venerandumque

274 1675 465 1758 sepulchrum
481 1677 644 1741 Salvatoris
671 1679 779 1741 luroris
801 1683 923 1741 emensa
944 1679 988 1741 ira
1010 1685 1041 1742 et
1060 1677 1091 1740 in
1112 1679 1210 1760 ipsum
1231 1696 1321 1740 manu
1343 1673 1459 1738 iniecta

275 1784 432 1866 sacrilega,
448 1786 519 1848 illud
535 1787 629 1868 proch
646 1787 744 1851 dolori
762 1788 908 1851 asseritur
922 1788 1062 1860 violasse,
1076 1792 1109 1851 ut
1123 1786 1213 1850 animi
1225 1786 1273 1849 sui
1288 1784 1404 1849 rabiem
1420 1804 1458 1846 oo

274 1894 433 1959 ardencius
449 1895 487 1958 ad
503 1894 614 1958 Christi
629 1895 840 1960 oontumellam
855 1891 1061 1960 inflammaret.
1078 1893 1135 1967 lla,
1152 1915 1241 1979 quem
1259 1894 1379 1957 fidelem
1399 1899 1464 1957 tarn

276 2003 350 2067 dura
365 2010 470 2068 sancte
492 2009 572 2068 terre
595 2005 750 2087 oppressio
772 2005 979 2097 nonpffligitl
1004 2005 1053 2076 ha,
1077 2024 1165 2089 quem
1195 2003 1399 2067 christicolam
1415 2006 1462 2065 tot

157 2126 202 2170 Μ.
214 2118 307 2176 ³¹⁴¹·et
320 2117 382 2176 tarn
403 2118 521 2177 atroces
542 2111 650 2177 iniurie
665 2113 739 2177 Jcsu
755 2113 868 2178 Christi
890 2135 948 2177 nou
969 2118 1109 2197 poterunt
1129 2097 1335 2202 commoveret
1359 2109 1465 2173 Relin-

267 2221 421 2304 'queturne
437 2222 537 2304 gentis
553 2215 631 2285 illins
655 2219 793 2304 impietas
820 2217 940 2305 inponis
968 2227 998 2285 et
1024 2215 1247 2306 permitteretur
1262 2219 1304 2306 o]
1319 2233 1466 2282 mucrone

274 2328 368 2392 libero
386 2325 543 2421 desevire?
565 2323 672 2392 Nonne
690 2336 793 2393 contra
810 2330 907 2413 ipsam
923 2325 1095 2395 devocionis
1114 2327 1178 2393 zelo
1199 2348 1283 2392 mens
1300 2327 1468 2392 Christiani

272 2437 436 2504 cuiuslibet
456 2438 655 2512 accendetur.
681 2440 832 2506 nmieur
853 2441 1027 2508 nonnis
1049 2442 1154 2523 clypeo
1177 2444 1208 2504 et
1222 2438 1347 2506 dextera
1360 2455 1467 2500 arma·

271 2545 356 2609 bitur
369 2545 469 2628 gladio
485 2546 632 2610 ulcionis?
647 2547 775 2630 Expedit
789 2549 881 2630 igitur
897 2547 996 2631 geoth
1013 2548 1148 2612 eiusdem
1163 2546 1303 2629 panna
1317 2550 1464 2627 potenter

273 2662 307 2719 et
341 2656 440 2720 taliter
475 2655 648 2737 inpugnari,
690 2673 729 2721 ne
766 2658 806 2722 sl
840 2658 964 2722 abarum
1005 2655 1210 2720 exterminium
1229 2654 1270 2739 t)
1301 2653 1464 2736 regionum

274 2779 450 2847 processum
466 2763 577 2828 habere
589 2766 685 2830 valeat
699 2766 878 2849 expeditum.
896 2764 1199 2831 Universitatern
1213 2764 1314 2846 itaque
1331 2768 1464 2828 vestram

275 2892 448 2945 monemus,
484 2889 624 2954 rogemus
656 2879 686 2940 et
715 2874 870 2939 hormmnr
901 2881 1030 2945 anese,
1067 2887 1123 2955 per
1152 2872 1319 2955 apostolica
1349 2871 1464 2953 sesipts

276 2980 521 3047 fraternitati
544 2988 675 3048 vestre
691 2983 878 3055 mandantes,
895 2988 1043 3067 quatenus
1059 3015 1103 3032 -
1118 2981 1310 3046 considerato
1324 2979 1462 3062 provide,

276 3093 356 3176 quod
372 3111 439 3156 cum
452 3090 584 3155 tideliurn
600 3111 721 3157 suornm
735 3111 861 3174 regnum
876 3110 930 3156 vos
946 3093 1110 3175 profecerit
1123 3091 1269 3156 Dominus
1286 3089 1463 3161 detondere,

276 3220 313 3265 nc
344 3220 456 3283 augere
487 3197 576 3262 tidem
606 3198 802 3272 katholicam.
841 3206 874 3264 ut
905 3200 1117 3265 corroboretur
1147 3219 1183 3264 ac
1215 3202 1403 3281 propagetur
1433 3198 1462 3260 in

279 3309 418 3374 cordibus
445 3309 597 3374 hominum
622 3310 799 3392 -prelati
827 3309 955 3382 ceteris,
985 3331 1027 3374 ex
1055 3309 1199 3373 cilicio
1221 3307 1460 3390 propensius

278 3421 460 3485 tenemini
483 3420 690 3502 pastorali.
710 3419 893 3502 graviusque
910 3426 1009 3484 vestra
1023 3439 1116 3502 super
1130 3419 1188 3481 hoo
1203 3416 1242 3480 nb
1259 3437 1295 3482 eo
1311 3416 1350 3502 s)
1365 3415 1463 3498 negli-

274 3531 385 3611 gencia
413 3549 471 3592 non
503 3528 650 3593 immerito
684 3528 841 3608 punietur,
880 3529 938 3592 nisi
972 3527 1003 3592 iu
1037 3541 1215 3595 succursum
1246 3532 1326 3591 terre
1360 3531 1462 3590 sancte

276 3645 383 3704 conns
397 3643 559 3702 memorate
574 3635 675 3719 gentis
691 3634 846 3718 perfidiam
860 3637 989 3702 terrenti
1009 3637 1107 3700 animo
1130 3641 1339 3718 exsurgentes,
1356 3634 1461 3717 sicque

277 3749 306 3812 ei
322 3744 530 3811 efficacitcrin
540 3751 622 3812 tante
638 3745 829 3810 necessitatis
844 3745 968 3808 articulo
984 3744 1147 3810 subvenire
1163 3746 1288 3817 nonas,
1310 3751 1458 3828 quomens

278 3863 378 3921 vestro
394 3857 577 3939 aliorumque
594 3853 728 3917 subsidio
744 3854 782 3916 dc
797 3853 917 3935 pollutis
933 3852 1095 3916 infidelium
1110 3854 1248 3919 manibus
1264 3854 1343 3935 eripi
1365 3854 1462 3918 valeat

278 3971 320 4039 et,
338 3967 455 4031 iaveute
466 3964 603 4035 Domino,
619 3962 751 4028 totaliter
765 3962 884 4027 restitui
899 3963 1008 4044 populo
1030 3962 1195 4028 christiano
1210 3968 1242 4025 et
1257 3968 1319 4026 tam
1334 3981 1393 4043 per
1408 3973 1460 4024 vos

279 4094 367 4161 quam
382 4091 437 4158 per
452 4073 537 4144 alios.
554 4090 628 4154 quos
645 4072 756 4134 adhoc
779 4087 847 4134 esse
868 4071 1071 4153 cognoveritis
1094 4072 1239 4153 ydoneos,
1259 4075 1462 4153 proponentes

278 4184 359 4247 iuxta
375 4183 474 4247 datam
489 4179 574 4244 vobis
591 4199 608 4242 a
624 4179 688 4242 Deo
704 4179 899 4261 prudenciam
914 4197 970 4261 per
985 4185 1102 4244 vestras
1119 4179 1257 4243 civitates
1270 4184 1302 4244 ot
1313 4178 1461 4261 dyoceses

279 4291 392 4362 Christi
406 4288 544 4353 fidelibus
560 4288 684 4354 verbum
700 4288 818 4357 crucis,
832 4288 985 4370 ipsosque,
1002 4294 1034 4352 ut
1049 4288 1089 4352 ad
1104 4289 1341 4352 succurrendum
1364 4287 1460 4350 eidem

280 4406 384 4463 cenna
400 4399 546 4481 prefatam
563 4402 684 4481 gentem
699 4403 852 4478 assumpte
867 4396 966 4459 crude
977 4396 1133 4478 signaculo
1146 4396 1285 4461 celeriter
1297 4401 1329 4460 et
1339 4395 1462 4459 viriliter

280 4527 315 4571 ss
331 4508 502 4589 accingant,
516 4505 638 4570 attentis
655 4509 687 4568 et
707 4504 820 4567 sedulis
843 4504 1101 4568 exhortacionihus
1121 4505 1280 4570 inducatis.
1303 4504 1368 4568 Nos
1383 4502 1460 4566 enin

374 4725 406 4798 a)
421 4723 587 4794 permittetur
597 4739 627 4775 zu
641 4722 721 4775 lesen.
740 4752 766 4761 -
780 4722 812 4788 b)
822 4721 991 4776 extermiaum
1010 4722 1031 4775 V
1051 4752 1078 4762 —
1106 4721 1457 4791 c)abcoarn1iaadei.··
