3209 5392
781 831 879 901 ll.-

604 1006 767 1088 lrrperator
790 1012 915 1087 cognate
939 1024 1003 1070 sue.

717 1162 791 1217 Eudo
811 1162 890 1215 125³.

207 1307 318 1360 Konrcd
337 1307 384 1359 IV.
412 1314 506 1361 trdotet
527 1305 586 1359 eine
606 1307 760 1359 Vemandte
780 1305 846 1359 ader
867 1307 918 1359 den
935 1306 990 1359 Tod
1004 1305 1083 1359 Otto'o
1104 1306 1153 1360 dee
1169 1303 1331 1360 Erlacebten
1350 1321 1401 1359 von

626 1405 629 1411 ⁴
748 1392 857 1448 ficiem,

298 1537 438 1599 Boebmer,
453 1539 520 1606 Reg.
535 1536 650 1591 Conradi
663 1538 714 1598 lv„
727 1554 768 1591 no.
785 1536 846 1590 132.

296 1681 374 1743 Dum
401 1687 472 1762 post
499 1682 621 1745 sedatos
649 1682 782 1763 undique
810 1680 965 1751 turbines,
994 1700 1070 1764 quos
1098 1679 1220 1745 dudum.
1238 1681 1271 1743 in
1302 1699 1397 1761 regno

208 1788 321 1871 Sycilie
335 1790 480 1871 temporis
503 1790 709 1871 calumpniosa
724 1790 858 1871 procella
874 1797 1095 1862 commoverat,
1117 1791 1230 1853 nostris
1246 1791 1288 1875 a)
1305 1810 1401 1871 nuper

207 1897 323 1960 faveret
338 1896 498 1962 affectibus
514 1901 636 1962 fortune
655 1899 814 1981 placiditas
838 1904 869 1963 et
890 1905 1061 1962 nostrorum
1083 1917 1284 1981 processuum
1305 1899 1401 1962 latera

208 2004 351 2069 circuiret
358 2027 368 2077 ;
393 2007 491 2069 subito
507 2027 611 2070 rumor
624 2008 753 2071 infestus
767 2013 798 2071 et
809 2007 930 2071 nubilus
943 2008 1074 2071 claustra
1087 2013 1189 2071 nostre
1206 2007 1401 2071 iocunditatis

90 2142 162 2182 aas,
172 2144 194 2181 ι,
206 2112 342 2193 infregit,
357 2113 423 2175 illas
436 2113 523 2176 nobis
535 2114 680 2196 insipidas
692 2115 898 2179 amaritudinis
906 2116 1135 2198 proposieiones
1153 2114 1401 2197 inserens,'quod

205 2223 267 2286 'dux
287 2222 441 2294 bawarie,
471 2221 648 2285 karissimus
679 2242 770 2285 socer
799 2229 920 2294 noster,
958 2223 1122 2304 superioris
1154 2222 1243 2286 ducis
1273 2228 1399 2286 vocatus

207 2330 349 2414 imperio,
378 2335 409 2391 et
436 2327 474 2390 ad
495 2330 640 2409 patriam,
668 2349 727 2411 quo
750 2330 809 2393 iter
831 2336 878 2393 est
895 2329 1049 2401 omuibus,
1078 2330 1213 2411 generali
1228 2330 1399 2393 mortalium

207 2439 391 2503 necessitate
413 2438 540 2508 citatus,
568 2437 763 2499 humanitatis
786 2456 943 2500 commune
967 2437 1120 2508 debitum,
1146 2438 1228 2519 quod
1256 2436 1401 2519 excepcio

209 2546 313 2629 queuis
330 2544 460 2625 allegata
476 2564 535 2607 non
550 2547 705 2625 prorogat,
722 2544 777 2605 sed
793 2564 830 2605 ex
844 2543 1009 2606 inevitabili
1025 2544 1180 2608 fatalitatis
1196 2545 1266 2625 lege
1281 2544 1401 2607 ridetur

209 2654 304 2736 procb
325 2652 427 2715 dolori
453 2650 615 2712 exsolvisse
636 2650 673 2736 1).
706 2651 750 2712 Ex
765 2670 825 2733 quo
848 2669 922 2713 sane
942 2655 1025 2713 tanto
1053 2671 1108 2714 nos
1135 2652 1265 2733 pupugit
1287 2651 1398 2714 doloris

210 2781 305 2824 nouus
320 2762 399 2823 ictus
415 2759 567 2830 acerbius,
584 2763 695 2841 quanto
712 2779 767 2840 per
783 2741 848 2821 eius
864 2759 1051 2830 absenciam,
1072 2759 1127 2841 qui
1144 2760 1231 2843 quasi
1254 2760 1401 2841 genitoris

210 2871 241 2931 in
258 2868 345 2932 nobis
360 2866 493 2932 officium
509 2866 726 2948 compensabat
751 2872 797 2935 et,
826 2867 916 2929 velud
944 2867 1038 2929 nostri
1059 2886 1130 2948 pars
1146 2887 1258 2948 magna
1273 2867 1401 2936 consilii,

212 2997 286 3059 erga
301 2998 357 3039 nos
373 2975 510 3038 karitatis
526 2978 651 3054 paterne
667 2993 727 3035 non
742 2973 874 3055 impares
891 2973 1019 3055 gerebat
1034 2973 1178 3046 aflectus,
1199 2975 1293 3037 multa
1315 2974 1402 3037 nobis

213 3086 314 3149 decise
331 3088 430 3149 carnis
447 3082 486 3165 b)
502 3087 532 3144 et
548 3081 673 3162 grandia
690 3081 836 3144 sentimus
854 3082 1010 3144 commoda
1026 3088 1174 3145 resecata.
1207 3083 1318 3146 Verum
1334 3082 1405 3164 quia

213 3194 257 3256 sic
285 3189 562 3271 irrecuperabiliter
589 3173 699 3251 cadere
726 3187 856 3251 bominis
885 3193 932 3249 est
959 3192 1081 3260 natura,
1109 3210 1144 3251 eo
1168 3189 1247 3272 quod
1271 3209 1349 3270 pena
1373 3194 1405 3251 et

213 3297 335 3361 morbus
359 3297 417 3359 iste
445 3316 504 3359 non
531 3296 571 3357 sit
597 3293 784 3357 medicabilis
810 3295 914 3376 quavis
937 3300 1020 3363 arte,
1049 3295 1104 3357 sed
1125 3296 1203 3358 illius
1221 3300 1268 3358 est
1283 3294 1402 3357 excelse

214 3408 335 3470 dextere
351 3404 493 3474 mutacio,
510 3402 561 3485 qui
578 3403 675 3483 capud
692 3403 844 3465 excelsum
860 3407 891 3463 et
911 3401 1022 3464 humile
1045 3402 1225 3465 necessariis
1243 3402 1405 3483 complexi-

214 3515 270 3576 bus
287 3511 459 3595 equalitatis
481 3509 620 3573 inuolvit:
644 3515 747 3573 mutua
774 3509 862 3573 uobis
891 3509 997 3572 exinde
1021 3509 1146 3572 consilia
1167 3515 1238 3576 sunt
1253 3508 1404 3572 solaminis

214 3618 405 3691 assumenda,
427 3626 461 3682 ut
477 3625 507 3682 et
523 3639 577 3682 nos
594 3619 771 3682 decedentis
794 3619 889 3700 patris
906 3636 1047 3681 occasum
1064 3618 1277 3700 superstitibus
1294 3638 1405 3682 conso-

226 3751 309 3793 emur
325 3728 357 3790 in
372 3727 459 3797 liliis,
474 3728 505 3790 in
521 3726 630 3809 quibus
647 3726 734 3789 nobis
750 3725 904 3789 affinitatis
922 3726 1017 3790 solide
1033 3726 1160 3807 pignora
1182 3731 1401 3795 remanserunt,

214 3843 245 3900 et
260 3843 312 3905 tu,
328 3854 506 3917 quecunque
523 3833 578 3896 tibi
594 3838 655 3895 tam
671 3832 809 3895 turbidus
827 3838 951 3895 eventus
968 3832 1148 3913 ingesserit,
1175 3833 1206 3894 in
1223 3832 1309 3896 uobis
1325 3834 1403 3896 irre·

189 3940 398 4025 ,cuperabilia
430 3939 549 4003 sencias
583 3939 781 4009 detrimenta,
812 3958 871 4021 que
903 3944 964 4001 tam
996 3960 1032 4000 ex
1063 3938 1163 4001 carnis
1190 3941 1318 4010 unione,
1346 3960 1406 4023 qua

215 4049 395 4131 iniungimus
410 4051 457 4128 e),
473 4067 563 4130 quam
579 4067 615 4108 ex
631 4047 798 4110 dilectionis
814 4046 944 4118 vinculo,
961 4066 1020 4129 quo
1033 4046 1160 4118 unimur,
1177 4051 1228 4109 tua
1242 4052 1272 4109 et
1287 4053 1406 4110 tuorum

308 4247 343 4314 a)
356 4243 455 4297 nostris
468 4259 508 4296 am
523 4242 620 4295 Raude.
635 4272 669 4281 —
682 4241 714 4307 d)
729 4240 815 4295 carnis
830 4240 879 4292 auf
888 4239 984 4294 Rasur.
1001 4270 1028 4280 -
1045 4243 1077 4309 c)
1092 4242 1244 4311 inungimur
1257 4244 1286 4296 V.

218 4428 541 4439 ψ*

245 4531 269 4590 ¹)
287 4534 380 4588 Herzog
402 4531 457 4573 otto
475 4531 500 4572 11.
524 4531 567 4573 der
589 4529 714 4573 Erluuobte
740 4542 786 4572 rou
803 4527 895 4580 Baiern,
921 4527 1034 4572 Kourad's
1051 4527 1088 4571 lv.
1106 4526 1318 4587 Sobwiegcrualer‚
1343 4529 1408 4572 starb

282 4626 317 4656 am
334 4613 372 4656 29.
391 4612 450 4655 Nou.
469 4610 537 4654 1253.
