3209 5392
237 500 286 573 14

232 654 379 756 persone,
401 672 602 743 subinfertur:
640 674 767 739 salntem
782 679 813 740 et
828 673 867 739 ad
882 675 1011 757 frugem
1022 673 1082 755 vite
1105 693 1139 735 se
1160 679 1278 757 vertere
1295 670 1438 769 melioris,

232 785 279 847 vel
296 784 423 850 salutem
439 790 469 850 et
484 782 608 867 laqueos
625 783 753 851 evadere
768 783 858 848 buius
873 782 985 848 mundi.

322 892 488 979 Apostotis
509 893 679 973 scribetur:
711 892 837 975 Quando
860 896 998 993 apostate
1022 889 1272 967 exeommunicati
1296 894 1367 954 sunt
1392 888 1439 951 sic

234 1000 359 1065 dicitur:
386 999 458 1064 Viro
474 1002 629 1084 peccatori
650 1001 696 1064 vel
714 1002 897 1066 damnatoris
914 986 1050 1065 semitam
1065 999 1180 1066 ineunti
1196 998 1296 1062 redire
1322 997 1362 1063 ad
1385 1016 1441 1062 cor

218 1109 280 1172 ·vel
295 1109 334 1172 de
349 1107 554 1177 habitantibus
570 1110 669 1177 Cedar
684 1109 723 1177 ad
740 1110 816 1174 ovile
831 1110 984 1194 proprium
1001 1109 1211 1191 convolare,¹).

500 1312 575 1378 lteu
591 1312 628 1376 le
644 1317 751 1395 asama
766 1312 870 1378 tabula
886 1314 1101 1378 salutatione·
1120 1307 1170 1396 a),
1250 1268 1253 1273 .
1378 1312 1380 1317 ’

324 1473 395 1536 Viso
427 1473 466 1536 de
500 1472 596 1536 tercia
623 1471 728 1536 tabula
759 1473 987 1561 salutationum,
1018 1492 1098 1537 nunc
1129 1470 1291 1535 videndum
1322 1476 1369 1534 est
1401 1470 1441 1532 de

233 1587 356 1664 quarta,
378 1582 410 1644 in
432 1600 491 1665 qna
514 1580 698 1653 ostenditur,
721 1580 871 1664 quomodo
893 1602 997 1645 omnes
1013 1581 1167 1665 principes
1184 1580 1338 1647 seculares
1355 1585 1441 1643 extra

232 1688 429 1771 imperatores
452 1710 507 1755 seu
529 1708 617 1771 reges
639 1690 856 1762 Romanorum,
885 1691 923 1753 de
946 1691 1055 1774 quibus
1072 1709 1162 1772 supra
1179 1689 1293 1752 dietum
1316 1694 1379 1759 est,
1399 1693 1442 1751 et

233 1799 382 1880 qnonmdo
400 1817 502 1861 omnes
519 1798 636 1862 nobiles
653 1799 767 1872 eisdem
782 1797 981 1881 principibus,
997 1800 1155 1862 inferiores
1174 1817 1269 1881 usque
1286 1795 1324 1859 ad
1340 1815 1441 1878 popu-

231 1907 311 1969 lares
327 1913 429 1971 mutuo
446 1928 480 1971 se
496 1908 635 1971 adnant.
655 1907 796 1973 &condo
814 1908 996 1980 ostenditur,
1013 1906 1161 1990 quomodo
1177 1906 1268 1969 iidem
1284 1902 1440 1988 principes

234 2021 265 2080 et
280 2013 395 2078 nobiles
411 2017 540 2081 maiores
556 2017 587 2080 in
603 2018 683 2080 clero
701 2021 783 2080 entra
799 2035 908 2100 papam
925 2017 1064 2080 salutent.
1097 2016 1200 2080 Tertio
1217 2014 1370 2098 quomodo
1390 2014 1442 2079 ine

233 2124 360 2187 leniores
390 2125 494 2207 laycos
532 2126 671 2190 salutent.
721 2124 834 2208 Quarto
872 2125 1002 2209 qualiter
1038 2123 1075 2188 ab
1098 2123 1306 2195 interioribus
1337 2123 1441 2205 'laycis

233 2234 409 2298 salutentur.
439 2233 550 2316 Quinto
571 2240 602 2298 et
622 2235 724 2300 ultimo
747 2234 836 2298 modo
860 2234 991 2318 quedam
1010 2241 1162 2318 ponuntur
1182 2233 1325 2298 notabilia
1352 2231 1441 2296 valde

233 2340 323 2421 bona.
1396 2386 1399 2395 ·

327 2452 487 2530 Quomodo
507 2473 600 2540 regen
621 2474 657 2517 sc
683 2451 833 2519 emmer.
865 2453 927 2516 Rex
948 2453 1015 2535 regi
1037 2451 1158 2516 scribit:
1182 2452 1286 2515 Inclito
1308 2449 1440 2534 principi

234 2565 265 2625 et
278 2560 386 2624 illustri
403 2560 521 2624 domino
538 2561 574 2624 0.
592 2561 658 2643 regi
673 2560 816 2624 bohemie
832 2562 865 2625 R.
884 2560 990 2624 eadem
1014 2563 1112 2643 gratia
1134 2581 1186 2624 rex
1200 2559 1334 2643 Ungarie
1349 2559 1454 2622 dilee·.

231 2669 344 2734 tionem
371 2670 570 2736 omnimodam
594 2690 662 2735 cum
690 2671 797 2734 salute.
842 2671 875 2735 si
894 2676 997 2735 autem
1017 2690 1071 2735 rex
1092 2670 1212 2735 subdito
1234 2670 1300 2751 regi
1328 2667 1448 2739 scribit,

231 2785 333 2861 potest
348 2798 382 2842 se
397 2797 566 2866 preponere
582 2784 613 2842 et
628 2777 763 2842 scribere
785 2778 843 2842 sibi
869 2780 980 2843 favoris
1005 2779 1220 2862 plenitudinem
1244 2797 1313 2842 curn
1335 2779 1446 2842 salute.

326 2888 486 2966 monsedo
501 2886 641 2952 minoree
655 2887 778 2952 rs'obiles
793 2888 937 2953 ceritum
952 2889 1016 2953 cibi
1029 2895 1147 2954 mutuo.
1168 2888 1299 2951 Minores
1316 2885 1447 2957 nobiles,

234 3002 267 3061 ut
283 2996 419 3067 comites,
435 2995 564 3058 barones
580 2995 667 3058 liberi
684 2995 821 3058 scribunt
837 2995 905 3067 sibi,
921 3016 1051 3079 persona
1063 2997 1229 3079 recipiente
1245 2995 1394 3079 premissa
1409 2995 1442 3058 in

234 3104 424 3177 salutatione,
441 3110 471 3167 et
487 3103 663 3186 appellando
676 3104 756 3166 viros
769 3104 895 3178 nobiles,
912 3105 1093 3188 spectabiles
1110 3113 1141 3171 et
1158 3108 1288 3169 lamosos
1313 3104 1450 3168 inferunt

236 3212 388 3278 fidelitatis
404 3212 582 3296 obsequium
598 3212 784 3277 indefessum
801 3216 991 3278 cumsalute.

328 3323 488 3403 Quornodo
503 3310 597 3387 mileo
610 3321 716 3388 militi.
740 3324 826 3387 bliles
842 3325 964 3388 militem
980 3326 1111 3407 appellat
1125 3331 1282 3388 strenuum
1297 3322 1393 3386 virum
1409 3328 1442 3386 et

234 3433 394 3496 honestum
409 3431 477 3495 talis
493 3431 564 3503 loci,
582 3436 613 3494 et
629 3431 733 3496 dicunt
749 3434 876 3498 salutem
893 3452 962 3499 oum
982 3433 1220 3516 promptitudine
1241 3431 1446 3515 obsequendi.
1522 3505 1524 3511 Ι

237 3542 379 3605 blilitares
402 3559 473 3603 vero
495 3539 647 3622 appellant
668 3561 701 3603 se
723 3542 805 3605 viros
827 3541 955 3606 dilectos
977 3549 1008 3607 et
1029 3543 1172 3606 honestos
1189 3548 1219 3606 et
1235 3541 1340 3605 dicunt
1356 3541 1448 3624 quic-

237 3648 309 3734 quid
325 3655 453 3733 possunt
468 3668 537 3713 cum
554 3649 650 3713 salute
666 3649 804 3734 obsequii
821 3656 851 3716 et
863 3652 995 3715 honoris.

211 3789 216 3795 ·
326 3758 400 3822 ltem
412 3757 593 3840 generaliter
605 3764 686 3831 nota
698 3760 802 3823 tamin
815 3779 945 3842 persona
961 3761 1137 3844 recipiente,
1150 3779 1240 3843 quarn
1252 3761 1399 3832 mittente,
1417 3760 1447 3823 si

238 3875 307 3933 sunt
334 3867 440 3931 aflines
468 3871 499 3930 et
527 3868 756 3948 consanguinei,
784 3869 823 3932 de
851 3869 910 3932 hoe
939 3868 1050 3933 debent
1076 3871 1107 3932 in
1137 3870 1317 3933 salutatione
1340 3869 1452 3961 facere·

237 3978 427 4041 mentionem.
459 3977 533 4040 ltem
549 3981 629 4048 nota,
646 3975 727 4060 qued
744 3996 865 4060 semper
879 3997 1010 4060 persona
1025 3979 1145 4043 mittens
1161 3985 1222 4042 mm
1238 3997 1344 4060 prose
1354 3996 1446 4061 qnam

237 4086 277 4151 ad
292 4104 453 4168 personam
469 4085 675 4167 recipientem,
690 4086 789 4167 posito
812 4087 907 4169 primo
930 4088 1051 4169 proprio
1074 4087 1193 4151 nomine
1215 4088 1388 4170 utriusque,
1418 4085 1447 4147 si

237 4200 353 4260 tantum
381 4195 492 4266 scitur,
520 4200 550 4258 et
576 4194 739 4286 adiunctis
754 4196 786 4259 in
818 4196 996 4260 salutatione
1025 4195 1134 4261 debitis
1161 4195 1318 4261 adieetivis
1342 4199 1447 4277 potest

238 4302 396 4389 utriusque
413 4322 582 4388 cognomen
598 4303 776 4379 subinferri,
794 4306 820 4369 si
837 4306 932 4371 scitur
946 4325 1002 4390 pro
1019 4311 1113 4372 certo.

329 4452 364 4522 a)
383 4445 528 4503 Distinclio
541 4447 581 4512 Vl,
596 4465 635 4502 am
649 4451 741 4508 Raude
758 4452 800 4507 lV.

240 4619 566 4641 ,θοι-ρ*

269 4721 292 4785 ¹)
306 4724 382 4771 erem
400 4721 456 4774 ero.
473 4720 496 4766 e.
