3209 5392
1230 491 1305 562 109

116 670 348 752 contempnatis,
365 688 424 731 non
440 673 555 730 vosmet
571 668 652 748 ipsos
670 667 850 730 seducentes
867 665 1026 737 karissimi,
1043 664 1096 727 sed
1109 665 1310 736 discretionis,

118 800 208 863 quam
222 778 342 842 bebetis
359 778 525 848 aDomino,
542 776 669 857 gratiam
685 775 847 847 imitantes,
865 775 1001 841 sollerter
1017 775 1129 838 curetis
1145 775 1310 846 attendere,

116 888 186 970 quia
203 906 272 949 cum
289 884 395 968 aliquis
412 905 430 947 n
445 885 578 947 vivorum
599 883 717 965 legione
740 889 934 964 segregatur,
963 882 1065 945 divitie
1086 882 1211 953 mundo,
1240 901 1310 945 earo

116 993 269 1058 vermibus
293 999 323 1057 ct
350 994 447 1057 anima
470 994 551 1064 Deo,
580 992 605 1052 si
622 990 824 1072 suffragantur
840 990 962 1062 merita,
989 991 1034 1053 vel
1063 991 1149 1055 datur
1177 990 1311 1061 sathane,

118 1102 146 1164 si
178 1101 300 1164 obstant
331 1099 454 1164 crimina
486 1106 517 1162 et
546 1104 682 1182 peccata.
717 1098 788 1179 Quis
820 1098 898 1166 cuim
930 1099 967 1160 de
995 1118 1117 1160 numero
1146 1099 1312 1179 sapientum

118 1208 231 1292 privari
248 1208 347 1291 aliquo
360 1207 482 1270 menbra
506 1226 560 1289 pro
577 1207 724 1288 peccunia
735 1208 910 1288 pateretur?
927 1204 999 1285 Quis
1015 1226 1069 1288 pro
1086 1206 1176 1273 feodo
1191 1205 1311 1269 modico

120 1315 286 1382 obtinendo
309 1316 349 1378 ad
370 1322 504 1396 tempus,
524 1314 708 1377 >hereditatis
727 1320 871 1395 perpetue
893 1313 1058 1375 valenciam
1076 1313 1313 1395 inexplicabilem

120 1427 376 1490 commutaretur?
404 1423 476 1504 Quis
493 1424 661 1495 hominum,
690 1423 716 1485 si
732 1403 856 1486 rationis
875 1423 1004 1486 dominio
1022 1444 1080 1485 non
1097 1429 1230 1496 careret,
1257 1441 1311 1504 pro

120 1533 245 1598 denario
257 1534 364 1605 Deum,
375 1552 430 1618 pro
443 1539 524 1596 terra
541 1532 646 1603 celum,
662 1552 716 1614 pro
733 1537 829 1595 morte
845 1531 935 1594 vitam
952 1537 982 1593 et
996 1531 1093 1594 lucem
1109 1551 1163 1614 pro
1179 1530 1311 1595 tenebris
1320 1562 1397 1603 ms
1407 1563 1428 1601 1,

120 1642 347 1724 abnegaretur‘l
367 1640 453 1704 Absit
473 1641 532 1704 boc
548 1639 800 1729 aprolessoribus
822 1640 892 1702 fidei
915 1640 1101 1711 Christiane,
1119 1661 1243 1723 quorum
1266 1644 1312 1703 est

119 1751 181 1814 vita
198 1749 355 1820 Christus,
384 1749 479 1812 celum
495 1749 591 1832 patria
608 1754 639 1811 ct
659 1748 812 1811 hereditas
829 1746 958 1810 felicitas
982 1748 1172 1831 sempiterna.
1204 1750 1311 1813 Nonne
1357 1821 1361 1829 Ι

116 1879 194 1923 vana
211 1863 282 1921 sunt
297 1857 358 1921 vite
374 1857 502 1921 labentis
526 1858 708 1930 umbracula,
726 1877 815 1941 quarn
830 1857 965 1920 laborum
982 1857 1140 1929 comitatur
1161 1858 1311 1921 instancia

123 1972 163 2039 ct,
175 1964 284 2049 previo
296 1964 467 2029 morborum
483 1965 652 2047 dispendio,
668 1965 773 2028 mortis
786 1984 886 2028 amare
903 1964 1076 2028 discrimina
1092 1966 1312 2030 subsecuntur?

124 2074 259 2157 digitur
273 2094 323 2136 res
339 2073 492 2145 miranda,
515 2075 595 2156 quod
612 2073 711 2136 carnis
729 2074 856 2156 dampna
872 2073 1002 2155 sugimus
1020 2081 1050 2137 et
1065 2075 1163 2138 anime
1178 2076 1312 2158 pericula

124 2206 179 2248 non
195 2182 337 2256 vitamus,
355 2189 386 2245 et
400 2184 544 2246 ferventis
567 2182 666 2246 balnei
689 2183 820 2246 calorem
840 2182 998 2245 metuimus
1022 2190 1053 2247 et
1067 2183 1176 2246 inferni
1198 2184 1312 2247 urentis

124 2292 270 2356 incendia
297 2314 358 2355 non
384 2293 533 2357 timemus.
570 2294 703 2374 Exurgat
728 2292 822 2374 igitur
847 2293 1025 2356 universitas
1056 2301 1155 2357 vestra
1189 2300 1219 2357 et
1247 2313 1314 2356 cum

120 2400 271 2465 subiectis
287 2401 373 2463 vobis
394 2400 532 2483 plebibus
548 2406 708 2483 properate
730 2399 767 2461 ad
791 2400 991 2463 consessionis
1006 2401 1175 2474 lavacrum,
1202 2402 1316 2485 lepram

120 2509 284 2575 criminum
297 2515 327 2573 et
338 2514 531 2591 peecatorum
547 2510 679 2572 maculas
696 2508 909 2590 abstergendo.
920 2508 1107 2591 Quapropter
1122 2510 1207 2573 vobis
1223 2510 1319 2575 virum

119 2619 305 2685 industrium
332 2620 365 2683 C.
385 2620 466 2684 ,talis
495 2615 624 2692 ordinis,
662 2641 715 2703 pro
746 2619 969 2683 instauracione
998 2618 1167 2684 huiusmodi
1199 2621 1318 2703 negocii

125 2728 334 2811 multipliciter
361 2734 553 2811 oportunum,
584 2728 829 2801 transmittimus,
861 2735 894 2792 ut
921 2728 1057 2811 petistis,
1090 2749 1177 2812 quem
1203 2730 1255 2793 leti
1289 2736 1319 2792 et

126 2844 328 2910 veneranter,
360 2843 392 2901 ut
420 2839 586 2910 condecet,
617 2838 798 2909 admittatis,
831 2847 891 2901 non
919 2838 1013 2901 solum
1046 2840 1107 2900 suis
1140 2839 1319 2902 salutaribus

127 2948 253 3013 monitis
280 2948 487 3019 intendentes,
518 2967 622 3012 verum
658 2947 747 3010 etiam
775 2947 821 3009 sic
849 2948 913 3009 suis
943 2948 1117 3029 indigentiis
1146 2947 1319 3011 necessaria

130 3056 357 3141 impendentes,
379 3061 434 3129 ut,
473 3056 539 3138 ipso
567 3057 688 3119 tandem
716 3056 755 3118 ad
782 3076 837 3120 uos
866 3075 934 3117 cum
951 3056 1144 3119 exultacionis
1171 3056 1320 3137 manipulo

130 3166 290 3237 redeunte,
306 3163 402 3236 vobis,
421 3184 477 3247 per
493 3166 619 3228 eundem
634 3165 665 3227 in
680 3150 981 3227 reformacioue'lidei
996 3162 1145 3228 lratbolice
1161 3164 1321 3236 roboratis,

129 3279 239 3337 eterne
257 3271 298 3335 sit
317 3272 560 3354 participacionis
577 3272 748 3336 benedictio
766 3278 796 3335 et
818 3291 873 3334 uos
896 3271 1052 3335 devocioui
1079 3280 1179 3335 vestre
1195 3275 1322 3355 proinde

134 3381 359 3447 constituamur
374 3379 413 3444 ad
429 3381 526 3444 omnia
542 3380 731 3464 beneplacita
746 3381 961 3463 prompciores.

225 3543 360 3598 wahrend
378 3542 422 3597 die
439 3543 563 3597 salutatio
577 3561 610 3599 an
624 3544 688 3597 uwel
706 3544 780 3613 regni
795 3543 930 3615 principes
944 3543 996 3596 und
1011 3545 1054 3598 die
1067 3545 1225 3598 universitas
1244 3546 1321 3615 regni

131 3635 271 3707 gerichtet
284 3634 333 3696 ist,
356 3634 422 3688 wird
445 3634 581 3688 imbricis
602 3635 685 3687 selbst
708 3651 758 3687 nur
781 3634 824 3687 die
846 3634 1004 3688 universitas
1026 3636 1179 3705 augeredet.
1206 3636 1259 3688 vor
1278 3635 1321 3688 die

131 3723 291 3793 Redeutnng
310 3724 396 3777 dieses
410 3724 518 3778 Wortes
530 3726 566 3794 ist
584 3725 627 3778 die
640 3724 812 3794 Verbindung
831 3726 1086 3790 hemerlrenssyertlr,
1110 3727 1135 3778 in
1156 3726 1272 3779 weleher
1291 3742 1321 3779 es

133 3814 195 3869 bier
207 3814 366 3868 vorkomml:
379 3816 535 3869 universitas
544 3818 668 3869 vestraet
682 3833 741 3869 cum
756 3814 887 3884 subjectis
895 3815 1108 3886 vobisplebibus,
1116 3816 1186 3869 esist
1202 3816 1259 3869 also
1278 3815 1321 3869 die

138 3906 303 3959 universitas
336 3905 395 3959 eine
426 3905 635 3975 gebietende
660 3905 857 3959 Gesamrntbeit.
890 3905 980 3973 Vergl.
1010 3908 1077 3960 auch
1102 3907 1142 3959 Du
1169 3904 1259 3977 Gange
1286 3907 1320 3959 ed

135 3995 268 4051 lleuschel
279 3997 388 4064 „Potest
399 4000 427 4050 et
439 3997 608 4067 (insuperiori
620 3996 735 4051 dominio
748 3997 820 4051 haud
832 3997 899 4050 male
912 3996 1032 4068 intelligi.
1044 3996 1110 4050 Gall.
1122 3997 1319 4052 Suzereincte“.

139 4087 340 4157 -Gregorius
359 4089 385 4141 in
410 4087 458 4142 der
476 4091 524 4143 sel.
543 4086 636 4143 wdrde
664 4089 711 4142 auf
731 4088 838 4160 Gregor
858 4089 900 4143 lll.
920 4090 985 4143 oder
1003 4091 1033 4143 x.
1053 4089 1200 4143 schliessen
1228 4090 1318 4142 lassen

137 4178 209 4233 deun
226 4195 278 4232 nur
295 4195 353 4232 vom
365 4178 439 4232 Euda
458 4180 505 4233 des
519 4179 563 4234 12.
576 4181 617 4233 bis
635 4197 694 4232 zum
706 4180 810 4249 Auiang
824 4178 871 4234 des
889 4180 923 4233 14
936 4172 1128 4236 Jabrburiderls
1147 4167 1256 4235 reicheri
1279 4180 1321 4233 die

137 4269 228 4324 Brieie
247 4286 358 4324 unserer
376 4271 542 4341 Sammluug,
573 4272 697 4326 indessen
715 4271 787 4324 liude
815 4272 857 4324 icb
885 4271 976 4324 weder
1005 4288 1054 4323 von
1081 4271 1141 4325 dem
1160 4272 1236 4325 einen
1256 4274 1325 4327 noch

136 4377 191 4414 von
204 4360 266 4414 dem
279 4360 379 4415 anderu
391 4363 490 4431 Pepste
503 4361 606 4425 Briefe,
629 4363 687 4428 die,
708 4362 751 4416 bei
765 4362 913 4417 thulicbem
925 4362 1023 4423 lubalt,
1045 4364 1072 4415 in
1088 4361 1135 4415 der
1153 4363 1325 4418 Auedruclrs-

137 4452 218 4506 weise
231 4451 326 4522 irgend
341 4452 398 4506 eine
409 4452 639 4508 Verwandtscbelt
651 4454 698 4507 mit
711 4454 809 4507 diesem
823 4453 968 4508 Sebreiben
982 4456 1082 4508 hatten.
1102 4454 1227 4525 Degegen
1239 4456 1325 4511 findet

135 4542 194 4598 sicb
206 4542 256 4596 der
273 4543 444 4597 wesentliehe
457 4544 535 4598 Tbcil
553 4544 694 4600 desselben
713 4545 837 4599 wortlicb
850 4546 876 4597 in
895 4545 967 4599 einer
987 4546 1236 4613 nmfsngreicheren
1255 4547 1324 4598 For·

135 4633 186 4688 mel
203 4634 276 4687 einer
288 4633 389 4688 andern
403 4636 556 4706 Semmlung
569 4635 659 4707 (siehe
679 4638 713 4690 ini
732 4620 884 4706 Folgendeir
902 4637 957 4689 Fal.
971 4635 1007 4688 79
1027 4638 1074 4690 No.
1093 4635 1154 4704 40),
1169 4638 1210 4691 die
1228 4637 1271 4689 ich
1283 4638 1326 4690 ldr

139 4722 229 4793 fingirt
242 4725 323 4787 belle,
339 4723 442 4778 wieder.
