3209 5392
252 1722 398 1841 Incipit
418 1678 670 1814 formularius
691 1724 742 1812 de
762 1721 880 1811 modo
905 1720 1094 1840 prosandi
1117 1735 1170 1823 aJ.
1331 1733 1378 1773 Μ·
1392 1729 1406 1769 ⁰
1420 1745 1442 1772 ··
1502 1795 1509 1807 .

215 1954 261 2017 Ad
277 1953 447 2017 hahendam
459 1956 627 2036 preclaram
640 1954 863 2038 dilucidamque
876 1953 1002 2017 formam
1021 1952 1062 2040 l]
1079 1952 1249 2017 dictaminis
1262 1972 1335 2034 pro-

124 2062 218 2135 saici,
247 2069 281 2127 nt
308 2064 461 2127 modernis
489 2065 603 2147 placuit
630 2072 764 2148 ususque
794 2064 946 2146 presentis
973 2062 1117 2145 temporis
1146 2061 1336 2145 approbavit,

121 2171 291 2245 sciendum,
308 2173 389 2257 quod
406 2171 488 2236 circa
505 2175 685 2257 principium
698 2174 834 2238 eiusdem
846 2173 999 2236 facultatis
1013 2174 1145 2257 quinque
1160 2170 1336 2255 specialiter

121 2288 193 2346 sunt
209 2283 359 2346 notanda:
384 2282 480 2365 primo
497 2284 569 2367 quid
586 2284 626 2347 sit
642 2283 757 2348 dictare
774 2322 819 2333 —
836 2281 970 2346 secundo
989 2281 1060 2365 quid
1076 2282 1116 2345 sit
1131 2280 1334 2344 dictamen-

121 2391 220 2455 tercio
238 2411 332 2476 quare
350 2392 394 2455 sic
411 2392 530 2456 dicatur
545 2431 590 2442 —
607 2398 713 2475 quarto
737 2411 797 2475 que
815 2391 854 2455 sit
870 2410 964 2455 causa
980 2388 1166 2453 invencionis
1184 2389 1272 2454 huius
1289 2427 1334 2439 -
1436 2438 1443 2453 .

120 2502 226 2585 quinto
243 2521 302 2585 quc
320 2508 352 2565 et
377 2508 451 2586 quot
470 2503 509 2589 ο)
525 2503 586 2566 sint
602 2503 667 2566 eius
685 2501 815 2585 species.
850 2501 938 2565 Nunc
955 2500 993 2563 de
1016 2500 1142 2582 singulis
1165 2499 1331 2563 videamus.

212 2612 351 2677 Dictura
367 2617 415 2674 est
430 2612 521 2675 animi
538 2613 768 2694 conceptionem
790 2616 876 2673 recta
897 2609 1092 2673 ordinacione
1109 2608 1269 2695 explicare.
1288 2647 1333 2658 —

110 2720 296 2785 'Dictamcn
323 2726 371 2783 est
397 2719 491 2802 igitur
519 2720 609 2801 digna
636 2719 798 2783 verborum
827 2724 857 2782 et
888 2716 1051 2782 artificiosa
1076 2718 1237 2800 congeries
1266 2737 1335 2783 cum

123 2826 258 2909 pondere
272 2828 499 2900 sententiarum,
516 2828 608 2892 nichil
620 2829 651 2892 in
664 2850 697 2891 se
714 2828 849 2891 retinens
867 2827 1055 2898 diminutum,
1068 2826 1159 2890 nichil
1173 2827 1332 2890 continens

124 2956 202 3018 pene
225 2936 371 2999 ociosum.
389 2927 617 3003 -Ur'ctomen
640 2939 741 3026 ipitur
763 2934 812 3003 cic
833 2938 954 3002 dicitur
975 2956 993 2998 a
1016 2936 1173 3009 dictando,
1198 2938 1333 3020 eoquod

123 3045 161 3107 sit
183 3044 314 3127 quedam
335 3045 472 3109 litteralis
494 3045 591 3110 edicio
615 3046 802 3110 diversarum
826 3064 1024 3128 personarum
1041 3064 1147 3127 capax,
1170 3051 1330 3110 venustate
1396 3072 1399 3076 ⁴

122 3152 284 3217 verborum
300 3155 443 3236 egregia,
460 3155 679 3219 sententiarum
696 3154 849 3219 coloribus
866 3155 1021 3218 adornata.
1039 3193 1084 3204 —
1102 3134 1210 3221 Cauca
1225 3162 1334 3221 autem

124 3264 319 3329 inventionis
348 3262 437 3327 huius
470 3264 527 3328 fuit
558 3263 683 3346 duplex:
724 3263 820 3346 prima
853 3270 886 3327 ut
917 3283 973 3346 per
1005 3263 1156 3327 dictamen
1190 3283 1246 3328 seu
1278 3284 1334 3345 per

125 3371 284 3452 epistolam
311 3373 476 3435 amicorum
503 3378 624 3437 secreta
651 3373 838 3444 celarentur,
867 3371 946 3436 unde
970 3372 1081 3435 dicitur
1101 3373 1269 3455 „epistola“
1294 3371 1332 3435 ah

127 3481 316 3564 „epistolam
336 3502 448 3564 grece,
466 3482 545 3566 quod
561 3462 653 3545 latine
672 3483 782 3545 dicitur
800 3482 1010 3556 „abscondo“,
1027 3482 1162 3545 secunda
1178 3488 1211 3547 ut
1226 3482 1332 3546 melius

126 3590 273 3673 exprimat
300 3611 359 3675 que
387 3592 576 3655 mandantur.
609 3591 747 3655 Nuncius
776 3590 913 3674 quidem,
941 3591 1088 3654 intricatio
1117 3590 1175 3654 sihi
1202 3592 1332 3672 negotiis

129 3699 309 3773 commissis,
323 3700 455 3764 omnium
470 3701 548 3765 forte
565 3700 793 3764 commissorum
809 3699 981 3763 meminisse
997 3720 1057 3763 non
1072 3700 1185 3783 potuit3
1202 3700 1333 3764 omnium

127 3810 206 3872 enim
215 3807 331 3872 habere
343 3809 528 3882 memoriam,
540 3810 571 3873 in
584 3809 662 3874 nullo
675 3809 810 3873 hesitare
822 3809 922 3892 potius
941 3815 988 3873 est
1004 3809 1167 3873 divinitatis
1184 3828 1275 3892 quam
1294 3810 1332 3893 d)
1378 3865 1381 3870 .

126 3918 318 3983 humanitatis
339 3917 378 4006 1).
395 3955 440 3967 -—
456 3918 538 3986 Sunt
550 3926 657 3984 antem
672 3925 739 3984 trca
755 3919 879 4007 specics
894 3919 1123 3983 dictaminum:
1146 3919 1332 4001 prosaicum,

218 4083 252 4151 α)
268 4082 411 4137 Distinclio
424 4080 509 4151 prima
522 4082 552 4135 V.
567 4081 621 4136 uod
633 4080 661 4134 Z.
680 4081 762 4136 Siehc
777 4080 932 4151 Eioleituog
945 4110 980 4118 -
993 4080 1026 4146 b)
1047 4080 1160 4135 formam
1174 4081 1241 4136 fehlt
1253 4082 1284 4137 V.
1297 4112 1330 4121 -

130 4176 161 4246 c)
174 4192 226 4245 quo
240 4173 346 4245 etquid
359 4172 388 4228 v,
399 4203 435 4213 -
444 4173 481 4243 d)
494 4188 574 4244 quarn
586 4188 655 4242 opus
665 4172 693 4226 Z.

148 4416 171 4474 ¹)
189 4415 231 4460 oie
243 4413 359 4460 Zwottlor
371 4410 523 4456 flandrchrift
533 4409 587 4467 frlgt
597 4408 649 4453 hier
660 4409 723 4453 noch
735 4407 818 4455 hinnu:
837 4410 862 4453 et
873 4409 1000 4453 seeundum
1014 4412 1060 4455 hoc
1073 4409 1174 4467 epistola
1188 4415 1271 4469 polest
1283 4412 1332 4458 dici

192 4497 220 4543 ab
233 4499 308 4554 „ew
321 4494 385 4552 quod
396 4494 433 4539 eet
443 4506 515 4550 cupra
527 4497 551 4536 et
563 4491 673 4545 „stoloru‘
684 4500 766 4548 grece,
779 4491 842 4546 qnod
858 4493 900 4536 cst'
908 4489 998 4546 missio,
1011 4504 1039 4536 oo
1052 4493 1115 4550 quod
1126 4505 1197 4550 supra
1210 4494 1249 4547 ld,
1268 4494 1332 4551 quod

192 4581 292 4626 forsitan
304 4578 404 4626 nuncius
415 4578 506 4634 poscet,
518 4573 625 4621 allectum
633 4571 750 4617 mittentis
762 4570 878 4618 declarat.
892 4572 1004 4619 Diarelhc
1012 4575 1164 4632 Etymologie
1177 4576 1218 4620 hat
1228 4577 1331 4622 Thomas

193 4664 316 4721 Capuanum
327 4661 392 4706 llahn
403 4661 462 4706 Goll.
474 4660 552 4706 Maon.
565 4657 585 4710 1,
601 4655 648 4703 281
667 4656 715 4701 uad
729 4653 860 4699 Richardus
877 4655 907 4700 dc
920 4656 1008 4713 Poplris
1020 4654 1202 4701 flotbibliothek
1222 4670 1251 4702 zu
1263 4659 1329 4704 Wieu
1394 4666 1396 4669 '

194 4745 250 4792 cod.
267 4745 353 4791 Philol.
373 4743 429 4799 153,
438 4741 502 4799 jetra
518 4740 575 4795 fal,
587 4741 638 4785 fol.
658 4737 712 4784 116.
724 4738 772 4783 Der
794 4737 850 4781 Sata
867 4736 968 4783 omnium
980 4751 1059 4784 rerum
1077 4741 1164 4788 habere
1182 4742 1290 4788 notitiam
1304 4744 1330 4787 et

178 4840 273 4887 Fontes.
285 4840 356 4886 anm.
367 4838 395 4883 ll.
407 4838 450 4886 Bd.
461 4836 530 4883 XXV.
1096 4826 1110 4875 1
