3209 5392
302 532 378 607 136

297 708 400 791 gracie
418 728 471 772 sue
487 708 624 791 provehit
638 708 833 773 incrementis
854 709 891 797 ¹).
920 709 1096 773 Admoneris
1118 709 1230 793 quippe
1252 708 1463 792 provehentibus

295 824 327 882 te
348 816 546 882 beneficentio
568 818 624 881 Dei
653 817 756 891 donis,
783 824 817 884 nt
839 818 877 881 de
893 818 1046 902 perceptis
1062 818 1182 902 gracias
1200 818 1357 890 exhibens,
1377 824 1406 882 et
1418 839 1463 902 pro

296 927 415 992 modulo
446 934 498 992 tuo
527 927 626 990 divine
654 928 793 1010 potencie
820 927 950 990 reddens
981 927 1083 991 debite
1115 927 1290 1013 obsequium
1321 928 1465 1001 servitutis,

294 1035 448 1101 beneficiis
479 1035 652 1120 portioribus
683 1037 823 1118 augearis
854 1035 892 1100 ah
925 1057 979 1109 eo,
1011 1036 1061 1121 qui
1093 1057 1187 1120 super
1217 1038 1331 1101 minora
1350 1036 1464 1109 fidelem,

295 1145 430 1230 ampliori
447 1145 602 1210 constituit
616 1144 845 1228 magnificencia
862 1165 954 1230 super
968 1147 1069 1211 multa.
1101 1148 1141 1212 Ut
1162 1146 1255 1229 igitur
1276 1147 1372 1211 divine
1386 1146 1467 1230 largi·

284 1255 364 1319 tatis
385 1274 509 1319 munera
525 1255 606 1319 circa
628 1261 658 1319 te
681 1255 745 1318 sine
767 1255 938 1338 penitencia
959 1262 1172 1338 perseverent,
1188 1276 1292 1320 eorum
1307 1256 1465 1338 largitorem

293 1364 404 1429 tributo
420 1363 550 1438 iusticie,
564 1384 621 1448 per
636 1383 725 1449 quam
740 1363 779 1428 ab
795 1364 845 1428 illo
861 1364 926 1448 pari
949 1363 1050 1429 debito
1067 1367 1208 1449 erigeris,
1229 1386 1291 1430 non
1307 1365 1466 1435 defraudes:

293 1494 351 1560 que
367 1472 461 1557 ipsius
478 1478 558 1547 sunt,
572 1471 715 1537 videlicet
730 1471 800 1536 fidei
816 1474 987 1557 puritatem,
1009 1481 1040 1538 et
1061 1494 1119 1559 que
1133 1482 1205 1540 sunt
1226 1475 1347 1540 Cesaris
1363 1474 1464 1544 Cesari,

293 1604 420 1669 operose
448 1583 565 1648 scilicet
590 1582 741 1648 fidelitatis
763 1577 941 1669 obsequium
963 1583 1140 1649 exhibendo.
1174 1585 1248 1650 Cum
1270 1586 1351 1650 enim
1370 1585 1466 1667 regalis

292 1699 426 1777 potestas
454 1714 471 1758 a
497 1694 563 1759 Deo
590 1694 631 1759 sit
657 1699 688 1758 et
718 1693 874 1759 ordinetur
899 1694 939 1758 ad
966 1671 1088 1768 Deum,
1108 1701 1180 1760 nutu
1208 1695 1310 1759 divino
1336 1694 1466 1777 legittime

292 1802 482 1885 dispensata,
505 1803 556 1888 qui
573 1802 600 1866 ei
618 1801 750 1868 officium
765 1802 867 1868 debite
884 1802 1081 1868 subiectionis
1096 1804 1251 1892 inpendit,
1275 1805 1375 1869 divine
1390 1804 1468 1868 obse·

292 1912 393 1998 quitur
413 1914 567 2001 voluntati·
593 1919 624 1977 et
650 1935 667 1976 e
695 1933 842 1977 converso
859 1913 967 1987 eidem,
994 1913 1046 1997 qui
1078 1913 1177 1977 divine
1208 1917 1354 1998 potestati
1370 1914 1468 1986 nonar,

292 2022 476 2088 adversatur.
509 2024 585 2087 Hinc
613 2022 767 2108 estquod,
795 2042 864 2087 cum
892 2022 1013 2088 celestis
1042 2023 1207 2106 disposicio
1231 2024 1421 2089 karissimum
1442 2023 1468 2085 in

291 2131 410 2198 Christo
437 2131 528 2199 lilium
556 2131 605 2205 N,
633 2152 737 2215 regem
752 2132 952 2196 Romanorum
978 2133 1134 2206 illustrem,
1161 2133 1330 2216 providerit
1351 2132 1469 2198 ecclesie

290 2238 440 2307 katholice
457 2243 635 2307 advocatum
652 2249 682 2305 et
697 2247 950 2325 propugnatorem
965 2243 1073 2326 populo
1090 2241 1264 2315 christiano,
1280 2249 1312 2307 te
1328 2242 1370 2306 illi
1386 2241 1470 2306 omni·

290 2351 388 2417 modis
409 2356 529 2437 oportet
551 2351 659 2418 studiis
680 2351 712 2415 in
727 2352 792 2415 nelo
814 2351 933 2416 sincere
949 2351 1019 2416 lidei
1036 2351 1198 2425 coherere,
1221 2351 1284 2435 qui,
1306 2351 1395 2416 velud
1409 2370 1470 2435 pars

290 2461 424 2545 corporis
441 2462 517 2534 eins,
544 2481 598 2545 pro
616 2459 775 2525 distributa
795 2460 851 2525 tibi
872 2461 1012 2544 potencie
1034 2462 1176 2546 porcione
1199 2462 1359 2545 cooperari
1386 2461 1470 2525 debes

289 2571 387 2637 eidem
403 2571 434 2636 in
449 2570 691 2636 incumbencium
707 2570 872 2635 ministerio
889 2572 1050 2637 actionum.
1080 2570 1228 2653 Quocirca
1244 2591 1301 2655 per
1316 2570 1470 2655 apostolica

289 2682 402 2766 scripta
432 2681 606 2747 mandamus
638 2688 670 2746 et
700 2701 842 2766 rogamus
873 2683 905 2745 in
927 2682 1072 2755 Domino,
1104 2688 1251 2766 quatenus
1284 2682 1385 2746 eidem
1411 2679 1468 2763 regi

287 2792 436 2857 adherens
463 2789 592 2858 fideliter
618 2795 650 2856 et
675 2797 831 2875 potenter,
859 2810 960 2856 curam
982 2791 1133 2884 katholice
1155 2791 1243 2866 fidei,
1265 2792 1467 2856 ecclesiastice

282 2900 431 2966 libertatis
448 2900 607 2984 negocium
633 2920 670 2964 ac
697 2899 822 2965 Romani
852 2900 1057 2984 reparacionis
1088 2900 1205 2984 imperii
1223 2899 1273 2988 ²),
1306 2921 1367 2985 que
1397 2901 1467 2964 idem
1566 2897 1579 2972 f

311 3233 336 3294 ¹)
354 3235 399 3281 llas
421 3235 487 3293 paeet
508 3233 654 3280 vortrefflich
678 3232 720 3279 aul
741 3232 785 3277 den
803 3231 867 3277 Sohn
884 3232 926 3279 dee
942 3233 1033 3292 llbnige
1048 3244 1093 3279 ron
1112 3233 1228 3286 Bbhmen,
1251 3233 1295 3279 eut
1309 3233 1409 3287 otther,
1431 3229 1468 3275 der

346 3317 369 3362 in
387 3317 430 3363 der
445 3317 529 3363 Blitho
556 3317 636 3363 eeiner
651 3315 744 3374 legend
762 3326 822 3373 ganz
840 3317 987 3361 nnervartct
1002 3315 1025 3360 in
1049 3315 1095 3361 den
1112 3315 1189 3361 Beeite
1205 3328 1251 3361 von
1269 3305 1409 3362 deterreicb
1424 3312 1486 3370 und,

345 3397 489 3445 Stetermerh
512 3398 651 3458 gehommen
669 3410 726 3443 wer.
745 3398 795 3443 Wie
818 3398 859 3442 dee
875 3396 1018 3456 geschehen‚
1038 3398 1079 3443 het
1094 3397 1156 3443 mein
1175 3398 1268 3444 Frennd
1291 3399 1332 3445 br.
1342 3398 1370 3443 0.
1379 3399 1464 3442 borenc

345 3481 417 3544 (,ote
427 3481 573 3540 Erverbung
589 3471 737 3527 deterreiche
753 3480 827 3525 durch
844 3479 943 3526 Ottoher
959 3493 1006 3525 von
1022 3478 1153 3538 atumem)
1172 3480 1195 3526 in
1217 3480 1260 3528 der
1279 3478 1417 3526 Zeitechrih
1433 3477 1468 3522 thr

342 3563 538 3610 beterrcicbieche
555 3563 691 3622 Gymnneien
709 3561 779 3615 1817,
797 3561 852 3608 flere
868 3561 893 3615 ²,
909 3560 1020 3622 geletvoll
1037 3561 1171 3622 dargelegt.

304 3641 329 3704 ²)
346 3646 392 3691 bne
409 3645 523 3702 hauriet,
546 3645 601 3691 dees
616 3646 695 3691 dieser
710 3643 777 3689 Brief
792 3642 873 3689 mitten
890 3642 914 3688 in
931 3642 977 3689 den
993 3644 1108 3701 lihmpien
1128 3644 1248 3690 zwisehen
1264 3644 1318 3690 dem
1336 3643 1408 3703 Pepet
1421 3639 1464 3688 und

343 3728 388 3776 den
405 3727 515 3774 Steufcrn
536 3726 693 3786 gceehrieben
709 3724 749 3770 iet.
778 3727 841 3779 lter,
865 3725 903 3770 bin
925 3725 1033 3771 welchcn
1055 3726 1098 3771 der
1114 3726 1185 3786 Papet
1208 3727 1260 3774 hier
1277 3727 1406 3773 deborram
1422 3721 1465 3769 und

342 3809 451 3856 Beletend
462 3811 584 3869 verlangt,
595 3808 626 3854 iet
637 3807 674 3854 ein
686 3807 850 3868 Gegenhbnig.
863 3807 974 3853 Heinrich
986 3807 1063 3867 ileepe
1074 3809 1135 3854 kann
1147 3820 1173 3854 ee
1185 3809 1250 3854 nieht
1265 3810 1332 3864 sein,
1348 3809 1408 3856 denn
1418 3803 1465 3851 hald

342 3892 402 3937 nach
417 3892 496 3938 eeiner
507 3893 572 3939 Wehl
588 3890 677 3952 (1246,
692 3890 738 3937 hlei
749 3889 793 3950 11)
816 3889 898 3935 verde
909 3879 1047 3936 deterreicb
1057 3891 1132 3937 durch
1142 3890 1187 3937 den
1205 3892 1257 3937 ‘l'od
1266 3890 1408 3937 Friedrich'e
1430 3887 1466 3932 dee

346 3972 495 4020 streitberen
513 3972 606 4035 (1246,
622 3973 677 4019 luni
695 3972 737 4031 15)
754 3972 894 4027 berrenloe,
911 3972 949 4017 fair
965 3972 1005 4018 ihn
1021 3975 1072 4019 eleo
1087 3974 1176 4020 honnte
1192 3972 1235 4019 der
1253 3974 1323 4030 Pepet
1339 3972 1377 4018 bel
1393 3970 1462 4017 einen

342 4056 452 4116 llereoge
467 4046 660 4103 vondeterreicb
678 4055 744 4102 nicht
765 4055 892 4101 eintreten.
918 4057 950 4102 eo
968 4056 1062 4102 werden
1080 4057 1124 4102 wir
1144 4056 1185 4102 ani
1204 4057 1249 4102 den
1266 4056 1345 4114 llbnig
1362 4054 1464 4100 Wilbeln

339 4150 386 4184 ron
397 4139 496 4184 llollend
512 4139 616 4198 gesdhrt.
634 4163 659 4173 -
676 4139 715 4183 Ale
731 4137 775 4183 der
787 4136 865 4197 junge
879 4139 973 4198 llereog
985 4138 1072 4184 oteher
1089 4139 1127 4184 hir
1142 4139 1208 4185 eeine
1225 4138 1275 4185 Ehe
1290 4139 1334 4184 mit
1350 4137 1393 4183 der
1408 4136 1464 4181 iler-

341 4220 411 4279 zogin
440 4221 587 4281 Margarethe
614 4220 652 4267 die
673 4221 804 4280 ph'petllohn
825 4222 924 4279 Dispene
952 4222 1107 4276 recherches,
1139 4222 1218 4268 belchi
1240 4221 1359 4267 lnnoccnz
1375 4219 1411 4265 lV.
1432 4228 1463 4262 an

340 4298 365 4346 1.
390 4304 436 4349 Juli
462 4302 524 4349 11113
547 4303 635 4349 eeinem
657 4302 805 4349 Ponitentier
828 4303 954 4357 velserus,
987 4302 1092 4349 dieeelbe
1121 4304 1172 4348 eret
1195 4303 1256 4349 deon
1288 4316 1318 4348 zu
1342 4299 1462 4350 entheticus

338 4398 405 4431 wenn
422 4386 466 4431 der
481 4384 559 4445 llbnig
576 4395 623 4428 von
638 4381 741 4427 Rbhnren
758 4380 805 4428 und
821 4381 905 4427 descen
923 4366 1002 4434 Sohn,
1019 4383 1063 4427 der
1074 4383 1169 4443 llereog
1184 4396 1232 4428 von
1243 4373 1395 4438 deterreret,
1412 4377 1459 4424 eid-

340 4468 387 4514 lich
403 4467 486 4528 gelobt
501 4466 577 4512 haheo
593 4465 703 4517 wrirdcn,
725 4465 770 4510 den
787 4465 921 4512 remieohen
933 4465 1013 4524 lionig
1028 4464 1137 4511 Wilhelrn
1154 4479 1184 4511 zu
1199 4464 1374 4512 unteretritzeo.
1390 4461 1459 4522 (1111·

338 4549 395 4596 nald
413 4549 484 4603 1²53,
502 4562 526 4595 n.
543 4550 582 4601 eo,
601 4548 704 4604 Peleoky
727 4547 781 4593 ltel.
800 4548 869 4593 Relee
886 4559 926 4592 no.
945 4547 992 4593 225
1009 4547 1056 4592 und
1077 4549 1170 4595 boreae
1187 4549 1203 4593 1.
1221 4561 1243 4593 c.
1261 4541 1459 4606 Seperetehdrnel

337 4633 360 4678 S.
377 4631 408 4677 23
425 4630 462 4692 11.)
480 4632 536 4677 llier
552 4628 687 4678 hohensele
703 4641 750 4674 nnn
768 4629 838 4675 einen
852 4629 931 4683 lirici,
949 4630 974 4676 in
996 4630 1112 4675 'elehem
1137 4631 1181 4675 der
1197 4630 1283 4688 Pepet,
1300 4642 1349 4675 evae
1365 4640 1392 4673 er
1407 4624 1454 4669 irri-

338 4714 381 4760 her
401 4714 474 4760 durch
496 4714 577 4760 eeinen
594 4712 740 4760 Ponitentler
764 4713 874 4770 verlangt
898 4712 981 4768 hatte,
995 4713 1069 4758 eelhet
1084 4712 1189 4757 fordert=
1207 4713 1233 4756 nt
1249 4712 1327 4757 divine
1342 4705 1455 4768 largiteri·

352 4809 447 4843 munera
472 4796 536 4842 circa
561 4800 586 4841 te
610 4794 660 4841 eine
675 4794 803 4852 penitentia
820 4795 985 4852 perseverent,
1010 4794 1052 4839 dae
1068 4794 1156 4849 heleet,
1179 4792 1222 4839 nui
1236 4794 1281 4840 den
1297 4794 1365 4849 Papet
1379 4788 1451 4838 eelbet
