3209 5392
1234 549 1283 616 49

117 723 265 787 ministrare
296 728 327 785 et
357 722 480 803 ingredi,
506 744 564 785 non
596 721 728 793 sinebat,
761 722 805 783 sic
828 721 964 783 nimirum
991 740 1116 801 presens
1145 720 1285 791 ecclesia,

117 831 289 912 spiritualiter
303 830 472 911 intelligens
490 836 520 893 et
536 850 686 911 exponens
699 850 756 913 que
769 830 800 892 in
812 829 888 892 illius
900 829 1070 891 testamenti
1085 829 1286 911 prohibitione

115 959 165 1002 non
178 937 346 1001 sinebantur
358 939 395 1001 ad
408 939 535 1009 literam,
549 958 627 1001 nuno
644 937 683 1023 a)
699 938 736 1000 ab
755 937 850 1000 eterni
865 937 947 1018 regis
964 936 1128 1000 ministerio
1146 942 1288 1018 segregat

116 1052 141 1108 et
163 1046 300 1110 discernit
327 1069 380 1111 cos
408 1047 458 1131 qui
487 1053 592 1111 contra
619 1047 789 1110 sanctiones
820 1046 980 1108 canonicas
1008 1046 1141 1108 viventes
1170 1065 1289 1108 suarum

115 1155 228 1217 maculas
260 1156 440 1218 contrahunt
470 1155 632 1219 animarum
665 1160 695 1217 et
724 1174 780 1235 per
811 1174 989 1234 aggressum
1015 1153 1107 1216 vetite
1135 1153 1288 1234 dignitatis

116 1264 299 1327 censcientias
325 1265 460 1346 polluunt
488 1270 518 1326 et
548 1263 708 1326 offendunt.
744 1264 823 1326 Sane
846 1268 897 1324 tua
917 1262 1002 1325 nobis
1024 1244 1163 1344 porrecta
1183 1263 1288 1344 petitio

116 1373 280 1445 continebat,
299 1374 408 1436 dilecte
420 1374 450 1437 in
463 1373 581 1436 Christo
595 1372 645 1444 fili,
659 1372 739 1455 quod
753 1373 821 1435 olim
830 1371 867 1455 b)
880 1372 910 1433 in
922 1371 1028 1434 minori
1040 1376 1119 1434 etate
1131 1372 1177 1434 vel
1191 1372 1289 1435 officio

116 1482 277 1545 constitutus
285 1482 316 1545 in
324 1482 471 1565 quendam
479 1483 644 1564 dyaconum
651 1501 754 1543 manus
762 1480 901 1543 inieceris
912 1480 1067 1551 violentas,
1081 1501 1138 1543 non
1151 1481 1291 1543 conside·

114 1611 171 1653 rans
187 1593 263 1654 torte
277 1612 314 1653 ex
326 1592 446 1653 levitate
464 1591 501 1676 e)
515 1590 621 1672 puerili
635 1590 760 1657 subesse
776 1589 942 1671 periculum
956 1589 1026 1651 huic
1039 1591 1131 1660 facto,
1145 1594 1175 1651 et
1186 1586 1292 1671 postea

117 1699 140 1762 in
159 1702 304 1782 susceptis
328 1699 481 1763 ordinibus
503 1699 677 1762 ministrasti
699 1699 740 1785 d)
759 1705 788 1760 et
814 1698 879 1760 sine
901 1698 1033 1760 remedio
1057 1699 1291 1780 dispensacionis

115 1809 145 1870 ad
158 1809 282 1872 maiores
301 1809 421 1872 ordines
438 1808 633 1879 adscendisti,
650 1827 810 1889 superque
825 1807 927 1872 asedc
946 1807 1110 1888 apostolica
1125 1808 1292 1890 dispensari

114 1924 199 1981 tecum
226 1918 464 1982 misericorditer
488 1917 654 2007 postulasti.
688 1918 731 1979 Ea
758 1924 881 2000 propter
910 1918 1082 1981 devocionis
1110 1923 1160 1980 tue
1189 1923 1219 1979 et
1245 1917 1294 1999 pie

113 2027 257 2106 peticionis
280 2023 410 2109 puritate
427 2032 568 2108 pensata,
593 2026 800 2088 ecclesiastice
818 2025 987 2116 severitatis
1006 2025 1042 2111 e)
1058 2025 1189 2106 rigorem
1214 2027 1295 2088 cirea
1329 2092 1333 2097 ,

114 2140 136 2196 te
151 2136 315 2217 apostolica
323 2136 514 2199 miseratione
529 2141 737 2223 temperamus,
751 2155 841 2217 super
854 2118 1072 2215 irregularitate
1085 2134 1129 2196 sic
1143 2141 1300 2198 contracta*

114 2246 198 2305 tecum
214 2243 452 2307 misericorditer
468 2244 676 2325 dispensantes
692 2241 743 2329 f),
759 2244 801 2306 ita
816 2248 849 2305 ut
865 2263 920 2305 nec
933 2243 964 2305 in
977 2243 1124 2324 susceptis
1144 2243 1295 2305 ordinibus

113 2370 160 2412 nec
179 2351 209 2414 in
228 2350 431 2432 suscipiendis
447 2358 568 2433 propter
584 2352 624 2437 a)
640 2351 807 2432 predictam
822 2352 1035 2432 negligentiam
1051 2351 1162 2414 sentire
1186 2350 1296 2415 debeas

113 2461 219 2546 aliquod
235 2463 449 2527 detrimentum
464 2464 570 2526 harum
585 2464 755 2526 testimonio
772 2463 933 2526 literarum.

401 2667 595 2749 lltspensaclo
612 2685 702 2748 super
719 2666 837 2729 delectu
854 2665 1006 2731 natalium.

193 2824 361 2909 Gregorius
401 2846 447 2908 ep.
489 2848 513 2888 s.
544 2847 567 2889 s.
609 2826 664 2888 Dei
704 2827 814 2889 dilecto
853 2826 912 2890 filio
941 2827 992 2888 tali
1020 2832 1077 2889 etc.
1124 2828 1157 2890 si
1189 2828 1298 2908 rigoris

113 2936 261 2997 austeritas
283 2935 465 3005 attendatur,
479 2935 504 2995 si
517 2935 717 3016 prospiciatur
730 2935 801 2997 iuris
816 2934 972 3005 severitas,
990 2934 1118 2997 difficilis
1131 2936 1189 2998 erit
1201 2938 1298 2999 aditus
1309 2945 1352 2986 su.
1362 2945 1386 2982 ¹³
1397 2944 1417 2981 t·
1515 3010 1522 3022 .

117 3046 142 3103 et
160 3050 289 3124 angusta
311 3043 518 3106 misericordie
536 3044 642 3105 semita
658 3043 705 3105 vix
720 3043 843 3124 patebit.
878 3043 988 3105 Omnes
1006 3043 1084 3105 enim
1099 3051 1302 3125 peccaverunt

116 3158 140 3215 et
164 3161 254 3236 egent
285 3155 382 3237 gratia
409 3156 481 3227 Dei,
505 3155 662 3239 justificati
677 3176 731 3237 per
747 3154 874 3235 gratiam
897 3153 1062 3216 salvatoris.
1092 3155 1158 3235 lpse
1181 3154 1301 3236 quidem

112 3256 198 3325 iustus
227 3269 258 3327 et
289 3263 460 3326 misericors
484 3270 531 3326 est
552 3270 583 3326 et
605 3264 755 3326 defectum
777 3263 886 3333 meriti,
904 3282 992 3344 quom
1007 3247 1094 3344 punit
1112 3263 1232 3326 iusticia
1252 3264 1299 3327 vel

116 3371 320 3454 condempnat,
339 3373 497 3452 emplastro
514 3371 722 3451 misericordie
739 3378 834 3442 sanat,
851 3375 998 3451 temperat
1012 3377 1041 3432 et
1053 3372 1205 3434 reformat.
1224 3374 1304 3436 Sane

116 3496 173 3540 cum
189 3481 267 3543 inter
287 3500 341 3543 nos
359 3479 396 3543 ob
414 3479 550 3543 delectus
567 3479 665 3542 varios
683 3484 713 3542 et
730 3499 817 3541 casus
830 3478 1008 3560 multiplices
1021 3479 1127 3561 quibus
1145 3482 1305 3543 alienamur

117 3587 302 3660 allomino,
334 3588 427 3670 culpis
471 3588 581 3651 nostris
614 3588 819 3668 exigentibus,
864 3607 1072 3669 nonnunquam
1108 3589 1138 3651 in
1177 3588 1306 3651 ecclesia

117 3693 250 3760 militante
275 3717 330 3779 pro
347 3703 463 3778 patrum
492 3696 608 3759 delictis
637 3695 796 3778 puniantur
824 3695 875 3757 lilii
908 3701 938 3758 et
966 3701 1090 3777 paterne
1119 3697 1305 3760 condicionis

118 3804 238 3868 sentiant
255 3804 453 3876 detrimenta,
471 3804 539 3866 dum
555 3803 789 3886 presbiterorum
806 3803 858 3865 filii
871 3825 888 3866 a
900 3802 972 3865 iuris
989 3804 1153 3887 utriusque,
1166 3805 1307 3868 videlicet

120 3910 201 3974 divini
228 3919 260 3976 et
289 3913 426 3984 humani,
454 3913 572 3994 legibus
604 3913 691 3975 alieni
723 3913 760 3975 ab
792 3913 909 3976 actibus
940 3913 1093 3994 legittimis
1117 3920 1309 3977 amoveantur

120 4025 147 4081 et
186 4023 331 4104 precipue
377 4012 641 4104 asusceptione³
665 4043 818 4085 sacrorum
865 4022 999 4085 ordinum
1046 4042 1101 4102 per
1126 4021 1166 4109 k)
1204 4043 1307 4086 sacros

123 4147 244 4192 canones
268 4127 463 4212 repellantur:
490 4130 598 4194 dilecte
615 4131 646 4194 in
662 4132 781 4201 Christo
798 4131 838 4194 dli
861 4131 915 4194 tihi
938 4130 1087 4194 subveniri
1109 4152 1164 4212 per
1186 4131 1309 4214 dispen·
1332 4182 1335 4187 .

124 4238 246 4301 sacionis
267 4239 399 4320 graciam
415 4240 580 4321 postulasti.
598 4239 660 4303 Nos
674 4241 798 4325 proinde
812 4242 860 4323 pia
875 4228 1120 4304 consideracione
1136 4246 1308 4322 pensantes,

125 4346 209 4425 quod,
224 4347 298 4409 licet
325 4348 462 4410 condicio
491 4348 641 4411 hominum
665 4349 746 4412 varia
774 4350 829 4421 sit,
858 4349 968 4411 eadem·
990 4356 1090 4411 tamen
1113 4349 1242 4411 omnium
1265 4353 1311 4410 est

125 4459 236 4525 natura,
250 4456 476 4519 considerantes
490 4456 578 4519 etiam
586 4457 805 4530 nichilominus,
815 4459 893 4541 quod
902 4458 1056 4521 cumracio
1065 4458 1193 4521 omnium
1202 4458 1311 4521 debeat
1380 4458 1384 4465 '

207 4562 1310 4653 njmlmwwffl—WmmfflfflfflR-qmmb-

129 4665 1310 4745 Qmmmdb-ffmmmbb-fflmmmmt-ffmwwstfflb—

125 4754 261 4825 Umt

187 4860 280 4904 Fontes.
293 4862 360 4907 Abtb.
374 4863 400 4906 ll.
414 4863 453 4907 Bd.
464 4863 530 4906 XXV.
660 4894 662 4897 ψ
822 4865 824 4869 ’
1080 4854 1098 4903 4
