3209 5392
308 522 358 592 82

307 700 337 758 et
364 692 507 776 reliquam
522 694 622 775 passis
653 693 789 757 iniuriam
811 690 1071 775 persolvendam
1102 728 1146 739 -
1172 689 1205 753 in
1231 689 1388 772 privilegiis
1409 707 1467 749 vero

309 802 583 868 ecclesiastieorum
604 802 772 885 principum
793 802 852 865 ista
879 820 957 883 pena
978 799 1140 882 prevaluit,
1168 799 1302 863 seilicet:
1335 820 1387 872 „ne
1413 798 1469 880 quis
1576 767 1578 826 3

306 917 406 976 autem
447 911 653 983 interveniat,
700 911 757 974 suh
799 908 997 972 anathematis
1040 908 1287 972 interminacione
1329 906 1471 969 districtius
1577 895 1578 898 '

304 1020 505 1084 inhibemus“.
538 1058 582 1069 —
612 1019 783 1101 Principum
814 1038 885 1082 vero
920 1018 1071 1100 laycorum
1101 1018 1258 1099 privilegia
1290 1016 1368 1079 cirea
1395 1034 1473 1097 penas

303 1129 458 1211 ponendas
486 1127 644 1192 arbitraria
672 1133 741 1190 sunt
768 1134 798 1191 et
826 1126 864 1189 ad
890 1126 1049 1208 placitum,
1077 1125 1242 1189 secundum
1269 1126 1349 1208 quod
1367 1122 1475 1207 requirit

305 1243 401 1301 status
418 1237 537 1319 negocii
555 1242 586 1300 et
601 1235 728 1318 qualitas
752 1251 957 1317 personarum.
974 1272 1018 1283 —
1040 1235 1084 1297 lle
1100 1235 1228 1300 testium
1243 1257 1320 1299 vero
1331 1234 1477 1321 poaieionc'

305 1347 394 1409 istam
410 1345 614 1408 differenciam
637 1344 767 1416 notabis,
789 1343 928 1426 ponendo
945 1342 1073 1415 scilicet,
1090 1343 1168 1407 siout
1183 1363 1310 1406 necesse
1327 1347 1382 1413 ast
1395 1342 1476 1423 prino

307 1454 434 1517 elericos
456 1453 621 1517 secundum
643 1452 835 1516 differencias
852 1457 882 1515 et
903 1451 1024 1514 ordines
1040 1440 1229 1533 dignitatum,
1252 1451 1360 1514 deinde
1379 1450 1477 1531 laycos

188 1581 266 1621 ranno
276 1581 295 1620 a.
307 1565 338 1625 in
355 1562 462 1645 quihus
479 1561 656 1644 dignitatum
673 1561 864 1625 differencias
879 1581 939 1623 non
955 1559 1108 1632 obmittas,
1129 1565 1162 1623 ut
1176 1580 1232 1643 per
1247 1560 1347 1623 omnia
1362 1558 1478 1624 ordinem

308 1672 451 1736 observes
467 1671 546 1732 inter
562 1668 689 1732 elericos
706 1674 737 1732 et
751 1669 865 1752 laycos,
882 1668 1018 1731 dominos
1035 1674 1065 1732 et
1081 1668 1218 1732 vasallos.
1578 1651 1579 1660 ἵ

580 1872 696 1954 lspclis
712 1870 1044 1953 privilegii-,erendum
1060 1873 1208 1955 perpetui.
1281 1937 1283 1942 ,

798 2005 923 2051 nameus
935 2006 1002 2051 xvir.

311 2185 318 2196 ,
395 2125 559 2209 Gregorius
587 2126 767 2208 episcopus,
795 2145 900 2187 servus
928 2146 1081 2190 seruorum
1109 2126 1181 2198 llei,
1210 2126 1358 2190 universis
1385 2123 1484 2189 Christi

303 2236 440 2300 tidelihus
468 2237 499 2299 in
526 2242 711 2319 perpetuum.
745 2234 820 2299 Cum
843 2235 923 2300 intra
950 2241 1085 2298 sanctam
1112 2236 1272 2299 ecclesiam
1308 2236 1484 2319 quamplures

303 2347 393 2410 hodie
409 2366 465 2427 per
485 2345 596 2426 gradus
612 2344 785 2406 felicissime
801 2344 1007 2416 ascensionis,
1035 2343 1142 2428 quihus
1164 2346 1301 2410 ordinata
1319 2345 1440 2408 caritate
1454 2342 1487 2412 ed
1573 2423 1577 2434 ¹

303 2455 441 2518 thronum
464 2451 672 2539 eburneuma]
688 2451 908 2516 reclinatorium
925 2454 987 2516 veri
1004 2453 1171 2517 Salomonis
1179 2454 1217 2539 l)
1239 2454 1422 2525 ascenditur,
1441 2470 1488 2534 per
1576 2461 1577 2466 ’

304 2560 457 2644 religionis
475 2581 562 2624 sacre
579 2560 732 2625 introitum
747 2560 897 2642 attingere
914 2560 1126 2647 videantureJ,
1143 2562 1205 2635 uhi,
1220 2565 1389 2646 postposito
1404 2561 1488 2625 libere

304 2671 462 2735 voluntatis
480 2669 618 2740 arbitrio,
641 2669 754 2731 servire
769 2657 896 2732 Domino
918 2670 948 2733 in
970 2671 1077 2733 timore
1094 2677 1123 2734 et
1139 2671 1291 2735 ambulare
1308 2692 1411 2735 coram
1431 2672 1487 2753 ipso
1575 2713 1579 2774 ἱ

303 2783 334 2844 in
361 2779 478 2843 iusticia
500 2799 534 2840 se
557 2781 588 2840 et
611 2795 665 2841 sua
693 2775 878 2859 abnegantes
896 2779 1020 2860 eligunt,
1044 2780 1231 2868 volentesd)
1247 2783 1354 2863 pocius
1379 2780 1489 2844 obedire

304 2890 464 2959 humiliter,
478 2907 566 2970 quam
574 2888 762 2968 negligenter
773 2887 909 2949 amittere
917 2887 981 2950 dies
996 2889 1194 2970 paucissimos
1203 2892 1263 2953 rite
1275 2891 1383 2955 huius:
1398 2894 1488 2953 nostra
1578 2901 1580 2918 ²

305 3001 432 3062 interest
448 3018 483 3058 ex
500 2994 589 3059 officii
605 2995 705 3058 debito
722 2997 892 3077 pastoralis,
905 2997 1076 3079 religiosam
1092 2999 1184 3061 vitam
1200 3000 1299 3062 taliter
1315 2998 1486 3083 eligentibus

306 3128 365 3172 non
382 3107 501 3176 deesse,
518 3105 572 3167 sed
587 3108 725 3186 prestare
742 3105 781 3192 e)
798 3104 944 3177 subsidia,
961 3105 1070 3188 quihus
1086 3107 1203 3171 facilius
1220 3115 1365 3190 appetant
1387 3107 1488 3188 sempi-

285 3195 400 3279 terna.
431 3199 508 3277 llinc
532 3218 595 3285 est,
623 3213 704 3295 quod
720 3219 825 3275 sancta
840 3214 973 3277 Romana
990 3215 1135 3287 ecclesia,
1163 3217 1210 3279 cui
1233 3222 1356 3281 auctore
1372 3217 1489 3280 Domino

305 3328 376 3389 licet
391 3323 519 3386 inmeriti
531 3322 730 3404 presidemus,
747 3342 764 3384 a
780 3325 939 3386 retroactis
955 3323 1139 3407 temporibus
1155 3326 1185 3387 in
1202 3326 1347 3406 gradihus
1364 3326 1491 3389 ordinum
1578 3307 1580 3326 ¹

307 3432 548 3516 Cystercensium
560 3431 747 3510 religionem,
760 3451 829 3494 cum
840 3438 964 3514 propter
976 3432 1104 3497 celibem
1117 3437 1211 3518 ipsius
1224 3438 1492 3501 conversacionem,
1578 3477 1580 3514 ,

308 3562 376 3604 eum
391 3547 514 3622 propter
530 3539 662 3602 caritatis
679 3557 785 3620 opera,
820 3560 878 3623 que
900 3561 955 3624 per
975 3542 1186 3625 hospitalitatis
1210 3546 1345 3626 graciam
1370 3541 1492 3608 extendit
1578 3559 1579 3588 ³

307 3651 345 3713 ad
371 3650 540 3732 proximos,
568 3667 636 3710 cum
662 3654 785 3730 propter
813 3649 919 3713 devote
943 3649 1137 3715 subiectionis
1160 3652 1367 3728 humilitatem,
1392 3669 1491 3736 quase

306 3760 385 3822 idem
408 3758 481 3822 ordo
508 3756 572 3819 sedi
593 3756 757 3838 apostolice
785 3758 959 3841 frequenter
985 3760 1119 3824 humiliat
1134 3759 1173 3848 f)
1190 3766 1220 3825 et
1236 3767 1368 3845 coaptat,
1392 3758 1491 3825 ceteris

308 3866 463 3932 ordinibus
479 3865 599 3948 pretulit
616 3868 645 3927 et
661 3866 778 3928 amavit.
812 3866 874 3930 Nos
889 3869 991 3951 itaque
1009 3875 1180 3933 sanctorum
1195 3877 1313 3953 patrum
1335 3871 1492 3954 predeces·
1577 3815 1579 3909 d

308 3997 408 4040 sorum
437 3979 623 4045 nostrorum,
651 3975 702 4056 qui
730 3976 852 4057 copiose
880 3976 1025 4041 libertatis
1047 3980 1201 4061 privilegio
1225 3979 1337 4044 dictum
1365 3980 1492 4043 ordinem
1578 3965 1579 4032 l

309 4087 495 4155 ditaverunt,
523 4063 658 4164 vestigiis
676 4082 866 4157 inherentes,
894 4085 998 4149 damus
1015 4093 1045 4149 et
1061 4088 1254 4152 concedimus
1272 4089 1371 4152 ordini
1388 4107 1494 4151 memo·
1578 4089 1579 4112 ¹

307 4202 373 4257 rato
391 4211 507 4256 exnunc
524 4199 554 4255 et
577 4191 607 4254 in
624 4197 800 4273 perpetuum
817 4201 961 4258 consueta
978 4194 1059 4257 sedis
1084 4198 1247 4278 apostolice
1264 4193 1492 4290 auctoritates),

311 4309 457 4386 quatenus
480 4301 517 4363 de
540 4300 622 4381 agris
650 4299 824 4374 novalibus,
852 4319 927 4384 quos
952 4303 1082 4385 propriis
1106 4305 1214 4368 excolit
1234 4306 1386 4370 laboribus
1404 4311 1434 4368 et
1448 4322 1493 4366 er·

310 4413 430 4496 pensis,
459 4410 529 4473 nulli
556 4409 708 4472 hominum
723 4406 763 4496 l)
792 4411 909 4474 omnino
931 4413 969 4475 ad
1004 4412 1117 4478 dandas
1147 4414 1277 4478 decimas
1308 4411 1492 4498 teneaturi)

404 4540 436 4607 a)
452 4538 595 4591 aburreunr
607 4536 636 4590 ll.
654 4565 682 4574 —
695 4534 727 4604 d)
746 4535 897 4617 Salomonis
910 4537 940 4591 ll.
959 4566 994 4576 -
1007 4540 1038 4606 c)
1054 4537 1174 4595 videatur
1188 4541 1216 4594 ll.
1229 4543 1256 4595 Z.
1279 4572 1309 4582 -
1329 4543 1366 4610 d)
1380 4541 1493 4594 volentes

312 4632 381 4685 fehlt
389 4630 419 4684 v.
429 4657 464 4668 -
474 4629 504 4696 e)
512 4625 691 4696 temporalium
702 4623 730 4679 Z.
739 4626 812 4697 -ἣ
823 4627 954 4682 humilitat
963 4630 990 4682 Z.
1000 4659 1035 4669 -
1046 4631 1081 4700 g)
1092 4630 1128 4685 So
1143 4631 1163 4684 v
1176 4633 1230 4686 und
1243 4633 1262 4685 Z
1274 4633 1317 4686 liar
1328 4632 1492 4686 liberalitate.

312 4749 345 4761 -
368 4719 402 4788 a)
419 4718 517 4772 nullum
537 4715 668 4768 hominum
681 4715 710 4769 V.
724 4717 822 4769 nullum
844 4716 973 4771 hominem
992 4721 1019 4772 Z.
1031 4749 1064 4760 -
1078 4720 1110 4789 i)
1120 4725 1292 4779 teneanturl'
1310 4722 1362 4776 und
1377 4724 1404 4776 Z.
