3209 5392
230 513 308 582 248

109 685 433 766 rennnparvipensm,
448 707 505 749 non
522 688 734 759 attendentes,
764 688 863 771 quod
880 689 1021 751 e'edem
1039 679 1149 770 r'eg'ie
1166 707 1309 770 preces
1327 691 1418 754 inse

228 793 455 857 contineant
478 795 648 876 speciem
675 796 954 868 mandatorum,
977 796 1110 867 easdem,
1128 800 1161 859 ut
1176 796 1263 859 nobis
1280 798 1420 870 innotuit,

226 900 384 963 admittere
400 901 546 964 noluistis.
576 901 764 985 Quapropter
781 904 878 967 denuo
895 903 1091 968 devocionem
1106 910 1237 967 uestram
1260 903 1422 967 exhortan-

227 1007 295 1069 dam
312 1006 476 1072 affectuose
490 1010 624 1073 duximus
638 1016 668 1074 et
679 1012 870 1083 monendam,
878 1012 964 1093 regia
977 1012 1185 1075 nichilominus
1193 1012 1278 1075 vobis
1287 1011 1422 1075 auctori-

225 1119 288 1179 tate
306 1116 493 1188 mandantes,
512 1122 659 1200 quatenus
675 1119 824 1182 iacientes
845 1120 882 1181 de
896 1119 1079 1182 necessitate
1095 1120 1236 1183 uirtutem
1252 1120 1304 1205 a),
1322 1119 1422 1182 eidem

227 1222 361 1286 decerto
378 1225 418 1310 b)
434 1224 592 1298 beneficio,
609 1225 634 1298 si
651 1227 733 1309 quod
748 1233 837 1290 vacat
852 1227 890 1289 ad
905 1247 1043 1309 presens,
1059 1228 1106 1290 uel
1124 1246 1212 1309 quam
1233 1227 1361 1309 primum
1383 1227 1422 1289 ad

226 1330 258 1392 id
271 1329 414 1394 obtulerit
430 1351 462 1394 se
478 1332 605 1395 facultas
622 1332 672 1417 e),
690 1334 803 1397 curetis
819 1333 984 1396 liberaliter
1000 1334 1170 1415 providere,
1178 1334 1230 1416 jus
1243 1341 1378 1398 nostrum
1390 1334 1421 1397 in

227 1438 284 1500 hac
300 1444 386 1520 parte
402 1440 504 1503 taliter
520 1441 677 1512 servaturi,
695 1442 774 1524 quod
790 1443 856 1505 iura
873 1448 973 1505 vestra
990 1447 1021 1505 et
1042 1443 1216 1506 monasterii
1238 1442 1332 1506 vestri
1353 1441 1421 1503 rice

226 1566 315 1608 versa
330 1565 552 1627 recognoscere
569 1568 604 1610 eo
621 1548 814 1611 favorabilius
830 1548 1017 1620 inducamur,
1035 1569 1092 1612 nec
1109 1556 1248 1631 oporteat
1261 1569 1315 1613 nos
1329 1567 1422 1630 super

228 1655 287 1716 hoc
304 1661 410 1717 contra
425 1674 479 1717 vos
496 1655 644 1719 stimulum
662 1675 790 1740 querere
807 1656 1008 1739 inpellentem.

799 1971 862 2042 36.

625 2147 820 2210 bononorum
843 2148 907 2225 regl
933 2149 1022 2210 clres.

789 2287 867 2341 12⁷3.

228 2427 280 2481 Die
293 2429 372 2482 stadt
389 2430 472 2482 Bocel
495 2429 568 2483 dittet
584 2430 636 2483 den
658 2429 747 2501 Kdniq
770 2430 883 2501 Budelf,
902 2430 990 2485 tndem
1007 2430 1048 2485 cie
1072 2429 1212 2485 idrerseito
1237 2427 1282 2485 die
1305 2427 1349 2483 ulcr
1372 2443 1422 2481 coa

227 2518 372 2572 demoelden
384 2536 431 2573 vor
442 2519 531 2573 aeiner
544 2518 683 2591 &heduam
699 2520 841 2592 zuyefrtqte
853 2521 1030 2593 Beleidipunq
1046 2538 1187 2593 verpeocen
1204 2520 1292 2581 molle,
1310 2518 1355 2572 ἰὴν
1371 2519 1421 2572 dac

233 2607 402 2663 Wobtwollen
421 2609 585 2680 cnyedeiluen
602 2628 635 2663 zu
653 2612 759 2676 luccen,
782 2612 834 2665 dac
852 2629 883 2665 er
900 2609 946 2666 ihr
965 2612 993 2665 io
1010 2611 1110 2666 aeirem
1128 2611 1226 2689 Briefe
1246 2606 1422 2679 ceroprocben

787 2700 862 2755 bade.

320 2843 398 2898 Gerb.
414 2844 438 2907 l,
451 2844 477 2897 8.

319 2972 444 3034 Letetur
475 2978 506 3034 et
536 2971 702 3052 gratuletur
733 2971 805 3034 totis
841 2970 1010 3035 visceribus
1042 2969 1204 3034 letabunda
1235 2973 1267 3031 et
1295 2967 1421 3030 laudans

229 3077 340 3140 invicta
355 3077 397 3162 d)
414 3078 584 3152 Germania,
608 3096 698 3161 quam
713 3085 784 3160 post
806 3079 992 3143 calamitates
1013 3079 1112 3142 varias
1134 3084 1166 3141 et
1189 3094 1348 3158 erumpnas
1370 3092 1425 3136 rex

231 3185 363 3255 celestis,
395 3186 432 3247 de
464 3186 582 3249 excelso
614 3185 784 3268 respiciens
817 3187 949 3249 celorum
980 3183 1169 3255 habitaculo,
1203 3182 1343 3264 dignatus
1377 3184 1425 3241 est

230 3290 407 3354 electionem
416 3292 453 3376 e]
465 3293 589 3355 Romani
601 3293 745 3375 principis
760 3293 925 3356 inveritate
938 3291 1037 3353 divina
1049 3291 1166 3372 pocius,
1180 3309 1267 3373 quam
1283 3289 1423 3357 humana,

230 3399 467 3462 misericorditer
491 3400 623 3463 uisitare.
658 3400 749 3465 Cuius
777 3401 900 3483 quidem
926 3398 1071 3482 principis
1100 3399 1222 3480 generis
1243 3417 1281 3460 ac
1308 3415 1425 3459 morum

230 3507 410 3588 ingenuitas,
427 3507 517 3569 animi
532 3509 627 3571 uirtus
643 3510 780 3590 preclara
797 3513 829 3569 et
839 3507 993 3570 indefessa
1002 3505 1231 3586 magnanimitas
1243 3525 1299 3587 per
1314 3505 1425 3567 samam

230 3617 262 3678 in
278 3615 403 3678 remotis
418 3615 520 3677 mundi
542 3615 678 3697 partibus
699 3615 904 3682 habitancium
929 3620 976 3677 est
997 3613 1119 3677 auribus
1137 3613 1296 3674 inculcata.
1330 3612 1423 3674 Porro

232 3724 371 3808 quoniam
388 3743 424 3784 en
440 3722 602 3786 abundanti
618 3723 704 3804 regie
720 3723 887 3786 maiestatis
904 3723 1007 3803 grauia
1023 3721 1109 3785 nobis
1132 3720 1288 3783 immeritis
1306 3718 1424 3800 dignati

165 3846 168 3852 '
231 3833 305 3896 estis
328 3830 459 3910 dirigere
481 3830 593 3911 scripta
615 3836 731 3901 vestra,
758 3831 837 3892 inter
859 3830 957 3893 duricia
973 3829 1085 3910 regalis
1105 3826 1223 3911 eloquia
1245 3825 1423 3896 clemencie,

232 3938 421 4004 continencia
441 3939 617 4008 manifeste,
647 3938 728 4019 quod
743 3937 896 4007 uidelicet,
913 3935 1050 4020 quitquid
1070 3935 1208 3999 rancoris
1230 3934 1268 3997 ad
1291 3939 1426 3997 nostram

233 4050 385 4112 civitatem
413 4066 486 4127 erga
514 4066 567 4109 vos
591 4047 702 4118 extitit,
725 4047 860 4127 relegato
881 4065 1004 4126 prorsus
1027 4045 1125 4108 tocius
1142 4043 1241 4107 future
1259 4041 1425 4126 questionis

232 4157 390 4238 scrupulo,
422 4154 609 4235 benignitate
640 4154 725 4235 regia
757 4153 917 4216 remisistis
939 4153 990 4248 1).'
1025 4151 1215 4233 Quapropter
1252 4149 1425 4213 serenitatis

324 4282 358 4349 a)
368 4280 492 4335 virtutum
501 4282 529 4333 Ζ.
541 4310 573 4319 -
585 4280 616 4346 b)
629 4279 700 4333 dicto
711 4280 738 4332 Z.
752 4308 783 4318 -
796 4278 877 4346 c)vel
890 4279 930 4332 bis
941 4278 1055 4333 facultas
1067 4294 1108 4330 am
1122 4278 1152 4331 R.
1167 4276 1199 4331 V.
1210 4307 1243 4316 —
1254 4276 1289 4344 d)
1302 4274 1384 4330 invita
1395 4273 1424 4327 V.

237 4404 271 4414 -
285 4373 316 4442 e)
330 4372 383 4426 sic!

230 4510 383 4519 ...-..--

258 4595 281 4652 ¹)
299 4594 366 4636 Passt
390 4605 424 4635 am
453 4592 533 4638 beaten
557 4593 597 4637 arri
617 4594 702 4644 Basel,
728 4593 769 4637 dac
796 4592 951 4637 belmuntliclr
973 4591 1014 4635 mit
1035 4590 1123 4636 liudolf
1143 4603 1187 4633 vor
1208 4587 1286 4632 seincr
1308 4587 1374 4630 Wabl
1397 4586 1427 4629 im

296 4675 384 4729 llricgc
402 4688 457 4720 war.
478 4676 557 4724 l'crgl.
572 4678 632 4720 dnn.
651 4674 790 4718 Basilicum
807 4674 835 4718 ad
853 4688 874 4718 n.
893 4673 954 4717 1273
970 4674 999 4717 Μ.
1018 4674 1044 4717 G.
1062 4673 1102 4717 ss,
1127 4673 1169 4716 17.
1194 4670 1238 4714 195
1262 4669 1307 4713 und
1331 4667 1428 4711 Trouil·

294 4757 327 4802 lat
344 4757 503 4801 Monume³ts
520 4757 549 4798 de
566 4756 680 4799 l'bistoire
697 4754 726 4799 de
743 4756 841 4801 l'ancien
857 4750 945 4800 creent
961 4756 989 4798 dc
1006 4751 1067 4798 ulle.
1084 4754 1107 4806 2,
1124 4752 1171 4796 239
1188 4750 1210 4793 ff.
