3209 5392
1292 569 1368 641 393

165 715 222 786 bus
250 722 441 807 precavendo
470 733 499 790 et
527 731 670 813 precipue
699 733 910 815 religiosorum
937 736 1072 802 locorum
1102 743 1368 808 commoditatibus

165 835 279 915 iugiter
294 836 491 922 intendendo,
512 853 546 912 ut
559 867 615 931 per
630 845 781 909 lubricum
798 845 887 909 huius
905 848 965 910 vite
982 848 1191 914 transcursum
1207 852 1370 917 salubriter

166 957 373 1025 transeuntes,
390 959 495 1018 eterne
511 952 707 1017 beatitudinis
723 954 839 1036 premia
856 975 1088 1039 consequamur.

256 1065 382 1129 Noverit
404 1064 498 1147 igitur
521 1083 647 1146 presens
673 1068 739 1126 etas
763 1068 794 1126 et
818 1067 994 1131 successiva
1010 1069 1184 1150 posteritas,
1204 1071 1283 1155 quod
1301 1091 1369 1134 cunr

165 1174 369 1238 venerandum
401 1174 520 1238 cunctis
548 1174 585 1237 N.
615 1174 843 1246 monasterium,
876 1177 956 1258 quod
990 1177 1027 1240 ad
1056 1199 1111 1241 nos
1141 1187 1172 1245 et
1203 1181 1369 1243 Romanum

166 1282 321 1365 imperium
338 1283 510 1346 immediate
529 1287 669 1368 spectare
687 1282 867 1354 dinoscitur,
882 1283 1042 1366 discipline
1054 1289 1221 1351 monastice
1239 1289 1369 1351 lumino-

168 1392 258 1455 sitatc
292 1392 487 1476 preradians‚
518 1390 556 1453 ab
591 1389 758 1453 illustribus
790 1390 979 1473 principibus
1012 1394 1122 1458 fuisset
1138 1395 1179 1481 a)
1210 1397 1368 1460 fundatum

167 1499 329 1583 magnifice
353 1521 409 1563 nec
437 1520 497 1563 non
520 1499 626 1584 amplis
649 1499 782 1580 legatum
805 1499 1042 1582 privilegiorum,
1058 1503 1242 1574 libertatum,
1259 1505 1368 1567 iurium

169 1629 290 1693 quoque
328 1608 547 1673 munificenciis
585 1608 777 1690 insignitum:
825 1629 880 1670 nos
919 1612 1082 1674 eorundem
1119 1612 1368 1695 predecessorum

171 1724 341 1783 nostrorum
370 1719 507 1802 vestigiis
536 1718 727 1790 inherentes,
763 1720 813 1801 qui
848 1721 1063 1783 monasterium
1091 1721 1188 1804 ipsum
1221 1727 1367 1785 auxerunt

169 1829 335 1893 honoribus
365 1838 395 1892 ct
422 1828 577 1893 favoribus
594 1828 783 1911 ampliarunt,
806 1828 997 1892 attendentes
1021 1833 1116 1893 eciam
1140 1832 1259 1894 sincere
1277 1831 1370 1893 dero-

170 1937 266 1999 cionis
284 1937 424 2000 affectum
441 1944 472 1999 ct
488 1936 557 1998 fidei
575 1937 747 2020 puritatem,
774 1955 832 2018 qua
850 1935 953 1998 dilecti
971 1938 1070 2001 devoti
1088 1940 1194 2009 nostri,
1219 1939 1312 2003 abbas
1339 1945 1369 2000 et

169 2052 336 2111 conventus
354 2046 490 2109 eiusdem
506 2046 693 2115 monasterii,
711 2050 813 2108 nostre
837 2045 1027 2109 celsitudinis
1050 2048 1176 2129 gloriam
1193 2049 1370 2112 indesinen-

170 2157 236 2220 cius
254 2157 486 2240 amplectuntur,
503 2154 672 2236 predictum
689 2152 905 2217 monasterium
922 2174 1063 2218 unacum
1077 2157 1213 2218 omnibus
1230 2158 1368 2240 personis

169 2272 200 2328 et
221 2264 313 2327 rebus
337 2264 434 2328 cidem
458 2264 600 2332 annexis,
625 2262 680 2326 sub
698 2267 801 2324 nostra
819 2266 850 2325 et
866 2261 984 2344 imperii
999 2260 1188 2345 protectione
1205 2267 1367 2350 recipimus
1431 2325 1437 2333 ,

167 2375 304 2460 speciali,
320 2374 509 2458 privilegium
527 2393 544 2435 a
561 2373 642 2435 clarc
658 2371 884 2435 recordacionis
898 2372 934 2435 N.
953 2378 984 2436 et
1000 2373 1057 2436 alia
1075 2394 1194 2458 quoquc
1212 2376 1369 2457 privilegia

167 2504 184 2546 a
201 2484 277 2547 divis
294 2482 525 2566 imperatoribus
542 2488 573 2545 et
587 2480 712 2563 regibus
725 2480 775 2552 N.,
792 2481 1063 2565 predecessoribus
1081 2484 1203 2553 nostris,
1221 2484 1278 2546 sibi
1296 2505 1368 2547 con-

167 2616 266 2667 cessa,
295 2595 427 2677 gracias,
455 2593 626 2666 libertates,
649 2592 864 2655 concessiones
882 2597 912 2654 et
929 2592 994 2656 iura
1011 2613 1205 2677 quecunque,
1231 2594 1368 2676 predicto

166 2704 348 2768 monasterio
372 2704 549 2767 successive
572 2702 704 2773 indulta,
722 2707 811 2784 prout
828 2702 887 2765 hec
906 2703 1005 2765 omnia
1027 2703 1101 2772 rite,
1124 2703 1173 2788 pie
1192 2722 1227 2765 ac
1243 2704 1367 2786 provide

166 2821 236 2878 sunt
258 2834 423 2882 concessa,
451 2814 482 2876 in
506 2813 654 2876 universis
678 2817 709 2874 et
731 2811 857 2892 singulis
875 2813 937 2876 suis
954 2812 1106 2885 articulis,
1127 2833 1165 2876 ac
1190 2815 1215 2877 si
1232 2821 1367 2879 tenorem

165 2922 391 3005 privilegiorum
408 2923 541 3006 ipsorum
558 2922 595 2984 de
612 2920 705 2984 verbo
722 2921 759 2982 ad
776 2920 902 2984 verbum
924 2921 1020 2984 videri
1043 2922 1233 3004 contigisset,
1250 2925 1367 3005 prefato

165 3031 361 3102 monasterio,
378 3030 480 3096 abbati
497 3036 527 3094 ct
544 3030 705 3095 conventui
729 3030 766 3091 de
789 3029 979 3111 benignitate
1002 3031 1086 3112 regia
1108 3030 1274 3096 liberaliter
1291 3051 1365 3094 con-

166 3139 328 3211 firmamus,
346 3141 522 3205 innovamus
546 3146 577 3203 et
597 3139 687 3203 huius
711 3140 817 3220 scripti
834 3139 1003 3220 patrocinio
1021 3140 1254 3204 communimus.
1288 3139 1367 3203 Nulli

167 3270 242 3332 ergo
258 3250 350 3313 liceat
367 3256 425 3313 etc.

192 3410 195 3411 ⁷
255 3412 336 3466 Einen
361 3413 421 3465 dem
439 3414 567 3484 unsrigen
587 3413 822 3481 gleicblautenden
842 3410 963 3481 Eingang
982 3410 1050 3466 babe
1070 3412 1114 3465 ich
1134 3418 1210 3466 anter
1223 3411 1354 3468 Auderem

165 3506 190 3559 in
204 3505 255 3561 den
269 3503 351 3560 Urlrk.
370 3505 400 3557 K.
419 3503 526 3558 Rudolf‘
527 3524 542 3558 s
560 3505 603 3557 firr
623 3504 666 3560 dic
686 3504 802 3559 Kirchcn
823 3521 872 3557 ron
886 3504 970 3558 blainz
985 3503 1066 3574 (ch.
1086 3503 1152 3558 Rud.
1167 3521 1208 3558 no.
1225 3503 1293 3573 142)
1307 3504 1358 3557 und

168 3613 218 3650 von
231 3596 335 3652 uoltus
349 3594 433 3665 (Reg.
447 3596 514 3649 Rud.
528 3611 570 3649 no.
584 3593 655 3666 203)
669 3595 814 3665 geiuudcn.

739 3784 803 3854 eo.

165 3894 268 3993 dorma
284 3928 445 4011 privilegii,
463 3948 521 4010 qao
538 3932 700 4011 imperator
716 3927 888 4010 privileglat
905 3927 1035 4007 aliquem
1053 3929 1133 4009 quod
1155 3929 1251 4009 posslt
1267 3928 1365 3991 iacere

670 4037 859 4103 tabelliones.

169 4199 219 4255 Eia
238 4198 415 4254 cabalistas
437 4197 622 4267 Prioilcpiam,
646 4195 775 4251 arodus-cb
792 4197 945 4253 Jemaudem
963 4197 1015 4251 dae
1034 4194 1124 4259 Reclu,
1143 4195 1311 4249 Tabellionen
1333 4212 1365 4248 zu

506 4306 647 4352 menneo,
660 4286 761 4342 erdlicb
775 4289 934 4360 admuapcn
948 4288 1026 4342 wird.

257 4436 357 4500 Claret
373 4435 491 4520 imperii
507 4435 655 4498 celsitudo
673 4434 792 4497 decoris
810 4439 841 4498 et
852 4432 1017 4517 splendidis
1031 4432 1173 4496 irradiata
1185 4430 1364 4514 fulgoribus,

160 4545 237 4612 dum
265 4546 409 4610 ministris
439 4546 568 4629 stipatur
594 4543 719 4627 ydoneis
756 4550 786 4607 et
816 4543 911 4624 ipsius
941 4541 1041 4606 officia
1076 4541 1200 4605 salutari
1233 4540 1365 4604 fidelium

167 4654 342 4719 devotorum
358 4655 505 4737 regimine
523 4654 701 4736 diriguntur.
720 4654 774 4715 Est
792 4652 871 4715 enim
888 4653 946 4715 hec
960 4657 1063 4714 nostra
1081 4650 1210 4714 salubris
1229 4655 1259 4713 et
1276 4655 1365 4714 cauta

258 4782 291 4846 a)
306 4781 388 4835 fuisse
402 4780 432 4832 V.
