3209 5392
815 718 877 788 51.

475 888 553 967 Papa
569 891 824 956 contrafactum
840 893 982 955 lrllerlel
998 893 1200 973 inperatoria.

644 1041 715 1099 1247
729 1049 794 1102 oder
809 1047 891 1100 1248.
902 1049 1034 1118 Lugduni.

245 1175 372 1231 Innocens
385 1173 404 1231 i
405 1177 431 1232 V.
450 1181 578 1237 deeretirt
588 1185 633 1239 dic
645 1183 791 1258 Abaetzunp
804 1189 872 1242 aller
887 1186 1061 1247 Geiatlicbeo,
1079 1185 1190 1254 welche,
1210 1186 1302 1255 eeiaen
1321 1186 1438 1240 wieder-

244 1262 331 1319 bolten
340 1259 469 1338 Befeblen
478 1270 662 1342 unpebercam,
675 1277 735 1328 dem
747 1276 997 1329 excommunicarem
1011 1275 1172 1345 ebemalipen
1185 1274 1283 1329 Kaiaer
1295 1273 1440 1328 bltedra‘eb

246 1352 395 1427 nnbdnpen,
420 1360 476 1413 und
496 1361 598 1415 erlcldrt
621 1357 667 1417 tlte
687 1364 883 1418 Nacblcommen
904 1366 986 1435 jener
1011 1362 1171 1417 cenationes
1195 1364 1235 1417 bia
1260 1382 1318 1417 zum
1337 1365 1441 1417 eierten

495 1447 649 1505 Geecbleubt
659 1452 710 1523 sar
721 1453 834 1525 unfdbip
846 1474 877 1509 en
890 1451 1046 1525 yea’atlicben
1065 1453 1189 1507 Wdrdea.

335 1590 429 1653 Recte
453 1591 649 1656 discrecionis
677 1616 801 1658 examen
824 1603 966 1659 stateram
988 1596 1107 1659 iusticie
1130 1595 1336 1658 moderamine
1363 1613 1442 1656 con·

247 1715 323 1775 gruo
340 1696 380 1781 a)
399 1717 474 1780 eque
501 1699 607 1771 librat,
635 1722 703 1765 cum
732 1703 823 1784 digna
853 1704 1013 1767 virtutibus
1042 1704 1156 1785 premia
1185 1708 1215 1765 et
1245 1722 1324 1785 equa
1352 1701 1442 1764 viciis

247 1806 397 1887 stipendia
425 1810 628 1872 conteruntur.
660 1812 693 1873 ln
720 1817 846 1893 utraque
868 1811 1018 1894 siquidem
1039 1812 1124 1875 lance
1144 1810 1266 1892 publica
1292 1814 1443 1890 pensatur

247 1912 375 1984 utilitas,
404 1933 472 1977 cum
500 1936 573 1997 erga
599 1916 754 1980 benivolos
776 1917 856 1980 bene
878 1919 1002 1982 meritos
1025 1937 1144 1981 merces
1166 1917 1291 1981 inundat
1307 1916 1442 1980 retribu-

248 2021 354 2093 cionis,
372 2028 402 2085 et
417 2023 495 2086 iusta
511 2025 656 2088 severitas
673 2025 703 2087 in
720 2025 868 2107 aliquibus
885 2026 974 2098 facit,
998 2027 1115 2089 scelera
1131 2031 1163 2090 ut
1179 2025 1350 2088 emendent.
1389 2024 1443 2090 Sic

249 2129 327 2191 enim
357 2130 477 2194 iusticia
509 2131 692 2213 quibuslibet
724 2133 805 2215 quod
836 2154 923 2196 suum
955 2139 1002 2197 est
1032 2153 1069 2195 ex
1101 2132 1206 2196 ordine
1245 2132 1442 2214 dispensante

247 2236 401 2301 retribuit:
443 2237 596 2321 obsequiis
633 2239 775 2302 videlicet
806 2240 940 2321 graciam
973 2246 1003 2303 et
1034 2239 1152 2302 iniuriis
1183 2239 1336 2302 talionem.
1377 2239 1441 2304 Eos

250 2328 357 2415 eciam,
375 2364 499 2427 quorum
515 2345 553 2407 ad
570 2346 687 2409 virtutis
704 2347 843 2409 meritum
858 2349 936 2409 levia
953 2353 1022 2409 sunt
1039 2347 1149 2418 studia,
1166 2346 1300 2426 exemplo
1318 2365 1443 2427 promo-

252 2459 303 2517 vet
319 2452 357 2536 b)
374 2452 555 2534 premiorum
573 2459 603 2515 et
625 2473 643 2516 a
666 2453 808 2535 reliquis,
836 2473 911 2536 quos
936 2453 1110 2535 inpunitatis
1133 2472 1217 2515 amor
1238 2472 1256 2516 a
1277 2453 1355 2516 malo
1384 2472 1446 2518 uon

251 2566 392 2631 revocat,
419 2560 596 2624 innocencia
617 2580 709 2642 prave
735 2561 935 2623 similitudinis
959 2561 1142 2625 reciduntur.
1175 2560 1216 2623 Ut
1238 2545 1340 2624 autem
1364 2560 1446 2626 sicut

253 2668 373 2732 diversa
395 2668 440 2730 sic
464 2687 597 2748 congrua
620 2667 754 2749 utrisque
770 2669 808 2752 e)
825 2670 1000 2749 contingant
1015 2669 1137 2738 merita,
1166 2685 1294 2731 necesse
1320 2672 1384 2738 est,
1412 2670 1447 2728 ut

254 2785 448 2860 utrorumque
465 2777 633 2858 pandantur
656 2775 820 2846 demerita,
848 2782 880 2841 ut
908 2797 968 2840 non
988 2782 1071 2850 emet
1086 2775 1232 2839 bonorum
1249 2774 1445 2856 dispensacio

253 2885 341 2948 bonis
358 2890 545 2966 competens,
562 2903 618 2945 nee
635 2882 733 2945 illaeio
749 2884 844 2947 malos
862 2889 1013 2964 spectans.
1032 2884 1097 2945 Hoc
1115 2903 1217 2946 errore
1236 2882 1319 2944 circa
1335 2882 1446 2945 multos

253 3013 372 3057 errasse
388 2993 507 3056 videtur
522 2998 619 3055 mater
635 2990 776 3063 ecclesia,
793 2990 879 3053 cuius
896 2989 1039 3053 iudicium
1052 2991 1230 3073 frequenter
1241 2990 1317 3052 fallit
1330 2989 1446 3070 opinio,

252 3103 333 3174 dum,
349 3106 504 3165 reservata
521 3100 628 3163 divinis
646 3099 820 3181 aspectibus
837 3099 954 3164 occulta
971 3118 1032 3162 non
1048 3098 1090 3183 d)
1106 3096 1230 3169 videns,
1253 3116 1359 3160 omnes
1385 3095 1447 3160 sibi

252 3209 362 3273 facicm
390 3207 589 3290 simplicitatis
616 3207 833 3288 pretendentes
855 3204 969 3287 passim
991 3205 1112 3268 admisit
1134 3204 1172 3267 ad
1195 3203 1289 3266 ubera
1304 3202 1444 3268 filiorum.

254 3318 318 3397 Qua
335 3315 386 3377 ubi
401 3314 472 3377 boni
487 3319 670 3378 monstratur
686 3313 816 3395 effigies,
832 3314 901 3376 mali
919 3312 1123 3395 suspicionem
1136 3332 1196 3375 non
1206 3312 1328 3381 tollens,
1340 3331 1447 3376 omnes

253 3422 472 3486 benemeritos
491 3422 660 3493 estimabat,
679 3441 753 3505 quos
776 3421 853 3484 male
875 3420 998 3483 meritos
1021 3440 1162 3484 numerus
1183 3417 1347 3481 inserebat.
1383 3417 1448 3484 sed

253 3532 434 3597 benedictus
461 3532 623 3601 DominuS,
656 3532 786 3611 optimus
812 3528 889 3590 lucis
918 3531 1039 3599 auctor,
1071 3526 1122 3609 qui
1149 3524 1251 3588 educit
1277 3526 1379 3588 lumen
1407 3524 1447 3588 de

253 3641 407 3709 tenebris,
435 3639 564 3701 obscura
592 3638 749 3700 declarans
779 3642 810 3698 et
831 3634 981 3697 mencium
1007 3634 1168 3704 interiora,
1196 3633 1329 3700 revelat,
1355 3635 1447 3713 prout

255 3749 390 3833 expedit,
414 3744 516 3812 abdita
537 3750 733 3809 secretorum.
766 3744 843 3807 Nam
865 3743 970 3806 eadem
992 3745 1088 3803 mater
1111 3739 1242 3802 ecclesia
1263 3740 1447 3800 interseras

254 3860 481 3941 persecutorum
508 3855 656 3936 procellas
685 3874 721 3915 eo
748 3852 858 3921 flante,
887 3872 904 3913 a
932 3869 990 3932 quo
1014 3848 1120 3910 diebus
1142 3848 1210 3909 istis
1235 3866 1322 3909 omne
1337 3846 1448 3909 malum

255 3964 407 4048 panditur,
424 3961 553 4023 excitata
570 3961 608 4023 ad
625 3960 807 4040 expiacionis
825 3956 1005 4020 exercicium
1028 3961 1059 4017 ct
1079 3952 1273 4036 probacionis
1295 3952 1446 4022 meritum,

255 4078 361 4138 vexata
390 4069 506 4132 diucius
534 4075 656 4150 propter
678 4067 736 4130 boc
758 4068 789 4128 in
806 4062 1059 4152 temptacionibus
1084 4062 1165 4132 suis,
1194 4060 1306 4141 gaudet
1329 4061 1444 4122 reterre

257 4180 406 4261 duplicem
434 4197 468 4238 se
495 4180 687 4256 proventum:
718 4194 808 4235 unum
837 4170 973 4252 quidem,
1001 4168 1082 4249 quod
1106 4166 1277 4248 speculator
1299 4166 1444 4235 occultus,

257 4286 351 4368 ipsius
368 4302 497 4366 agonem
513 4282 630 4345 occulte
646 4285 865 4363 prospectans,
883 4297 948 4341 eam
972 4276 1053 4338 iuxta
1069 4272 1302 4356 pollicitacionis
1319 4273 1444 4335 inviola-

256 4393 324 4456 bilis
347 4391 438 4455 fidem
464 4395 590 4470 temptat
615 4393 645 4450 ct
671 4393 772 4450 tamen
799 4386 938 4468 temptari
966 4404 1026 4446 non
1048 4380 1119 4446 sinit
1141 4381 1217 4443 ultra
1240 4398 1327 4461 quam
1350 4379 1445 4442 valeat

259 4499 420 4567 sustinere,
443 4498 588 4578 reliquum
600 4515 698 4564 -vero,
727 4492 808 4578 quod
825 4492 996 4554 interestin
1014 4506 1176 4557 numeros,
1193 4505 1268 4568 quos
1285 4486 1315 4547 in
1333 4485 1443 4566 gremio

131 2979 176 3018 aot.
185 2977 211 3018 86
219 2978 241 3019 b.

349 4646 382 4713 a)
397 4659 515 4709 congruo
535 4628 578 4696 am
602 4640 691 4694 Raude
714 4640 743 4691 V.
763 4668 796 4677 -
817 4637 847 4704 b)
869 4641 1025 4705 promovent
1046 4635 1075 4687 V.
1098 4663 1131 4672 -
1151 4633 1184 4700 e)
1207 4635 1338 4702 utrosque
1365 4631 1392 4684 V.
1412 4653 1439 4665 -

256 4737 291 4806 d)
307 4740 333 4790 et
347 4753 398 4788 non
411 4735 441 4788 V.
809 4740 811 4744 ’
