3209 5392
1278 599 1354 668 357

165 769 240 830 lline
268 773 331 838 est,
365 770 445 850 quod
474 788 540 832 eum
570 769 601 831 in
629 789 771 850 suprema
800 769 954 850 dignitatis
983 770 1107 850 specula
1138 771 1231 833 simus
1247 770 1285 833 ad
1301 770 1359 832 hoc

163 875 271 958 positi,
294 875 374 956 quod
397 877 536 938 universa
559 895 646 939 sacro
668 877 802 939 Romano
826 876 950 958 imperio
977 881 1006 937 et
1029 876 1067 938 ad
1097 897 1150 939 nos
1173 898 1228 960 per
1251 877 1361 939 devota

163 982 291 1045 servicia
303 982 391 1045 [idem
404 982 557 1064 gerencia,
574 983 665 1046 claris
682 982 839 1046 obtutibus
856 988 886 1045 et
903 984 1039 1066 synceris
1053 983 1212 1047 affectibus
1229 988 1362 1047 nostram

165 1090 358 1154 serenitatem
386 1090 494 1152 deceat
529 1090 741 1172 contemplari:
778 1090 935 1154 universos
967 1113 1021 1154 vos
1053 1096 1083 1154 et
1114 1091 1249 1173 singulos
1282 1089 1362 1153 omni

165 1198 370 1278 benignitate,
400 1217 458 1279 que
493 1198 689 1261 serenitatem
718 1198 808 1260 decet
839 1198 973 1279 regiam,
1006 1197 1233 1282 complectimur
1263 1199 1363 1261 animo

165 1304 322 1385 graciose,
351 1303 512 1366 credentes
540 1308 570 1365 et
592 1303 707 1385 absque
731 1304 828 1367 omnis
852 1303 1057 1385 ambiguitatis
1087 1305 1227 1388 scrupulo
1255 1324 1364 1389 presu-

165 1417 296 1481 mentes,
328 1410 409 1493 quod
438 1408 564 1472 allectus
592 1416 716 1481 noster,
745 1429 835 1492 quem
863 1432 899 1473 ex
926 1411 1127 1492 impendenda
1154 1411 1240 1474 vobis
1263 1414 1365 1474 nostre

166 1517 339 1580 serenitatis
362 1517 466 1599 gracia
489 1517 626 1598 poteritis
656 1518 802 1598 experiri,
831 1538 888 1600 per
915 1517 1056 1582 devotum
1084 1524 1184 1581 vestre
1211 1517 1365 1581 fidelitatis

169 1625 347 1708 obsequium
365 1628 541 1708 oportunam
554 1625 616 1687 suis
629 1624 745 1688 vicibus
758 1645 814 1708 per
826 1645 879 1688 vos
892 1627 1030 1707 recipere
1043 1625 1154 1688 debeat
1167 1625 1366 1689 omnimodam

172 1753 409 1816 recompensam.

266 1857 380 1912 Gerbert
399 1860 417 1911 l.
436 1875 460 1910 c.
481 1864 549 1911 sciat
568 1857 660 1911 diesen
674 1858 749 1911 Briei
758 1859 783 1911 in
798 1858 841 1911 die
855 1862 926 1911 erste
939 1859 997 1911 Zeit
1010 1860 1058 1913 der
1071 1860 1223 1927 Regiernng
1237 1857 1367 1920 liudolfo,

174 1949 261 2002 indem
276 1965 304 2001 er
317 1965 366 2001 aus
380 1946 431 2000 dan
445 1948 665 2018 Aniangsworten
679 1948 818 2002 desselben
831 1947 966 2009 scbliesst,
979 1964 1008 2001 er
1020 1949 1106 2001 bonne
1121 1949 1193 2002 nicht
1207 1947 1285 2017 lange
1297 1948 1368 2000 naeb

172 2039 262 2093 seiuer
279 2038 356 2093 wahl
383 2038 558 2106 gescbrisben
580 2038 646 2089 sein.
672 2037 765 2091 bisses
788 2036 937 2105 Argument
959 2039 994 2090 ist
1016 2037 1089 2091 nieht
1108 2038 1273 2108 sticbbaltig,
1300 2036 1368 2091 deun

175 2128 243 2181 auch
257 2129 282 2179 in
296 2131 420 2197 spateren
431 2124 531 2185 Zeiten
542 2143 564 2178 z.
577 2127 605 2179 B.
616 2126 641 2178 in
656 2125 730 2178 einer
744 2143 774 2178 un
785 2127 878 2179 Erfurt
889 2142 930 2178 arn
943 2126 987 2178 25.
997 2128 1116 2180 Februar
1129 2125 1200 2180 1290
1213 2128 1369 2197 gegebeneu

173 2217 300 2272 Urluude
318 2216 362 2269 siu
381 2215 554 2270 Wallrenried
575 2216 659 2269 findet
676 2216 735 2270 sicb
755 2216 798 2268 ein
817 2216 876 2269 dern
896 2216 1022 2284 unsrigen
1041 2215 1272 2286 gleicblautendes
1285 2217 1370 2271 llxor·

174 2308 253 2360 dium.
277 2307 369 2375 Vergl.
387 2305 487 2360 Urkdb.
507 2305 556 2360 des
576 2304 638 2358 bist.
659 2303 768 2358 Vereins
787 2305 831 2358 iiir
848 2304 1060 2359 Niedersacbsen
1079 2305 1142 2359 uest
1160 2305 1198 2364 ll.
1219 2305 1282 2359 334.
1301 2306 1369 2375 Reg.

176 2397 242 2452 ltnd.
256 2412 298 2450 no.
314 2394 393 2448 1016.

748 2582 784 2652 8.

534 2723 700 2804 inperator
717 2723 831 2786 civitati
847 2722 941 2785 alicui
956 2728 1015 2787 etc.

178 2854 232 2911 Ein
249 2853 347 2908 Kaisar
363 2850 429 2905 oder
448 2847 534 2917 Kdm'g
554 2846 638 2900 belobt
654 2846 713 2900 eine
734 2846 814 2900 Stetit
832 2846 889 2899 und
902 2844 975 2899 dittet
985 2861 1029 2897 um
1039 2842 1211 2914 freundticbe
1223 2843 1375 2916 Aufnobms

682 2934 770 2989 reines
781 2939 874 2989 Botere.

268 3084 413 3143 Bodmann,
425 3100 452 3152 p.
464 3081 527 3134 203.

270 3229 356 3293 Avite
371 3222 627 3307 magnanimitatis
644 3224 675 3285 in
690 3242 755 3293 vos,
771 3220 862 3284 velud
878 3221 908 3282 iu
918 3219 995 3282 lilios
1007 3219 1136 3284 liliorum
1148 3221 1376 3304 propagacione

181 3337 322 3404 laudabili
344 3335 478 3399 derivata
501 3330 701 3402 strennuitas,
730 3333 760 3392 et
780 3327 907 3412 probate
923 3328 993 3391 lidei
1015 3329 1148 3412 puritas,
1177 3349 1236 3412 qua
1259 3350 1378 3413 semper

182 3467 255 3532 erga
281 3448 447 3510 Romanum
477 3440 652 3525 imperium,
690 3438 781 3501 claris
814 3436 997 3501 continuatis
1029 3436 1188 3519 operibus,
1219 3438 1377 3521 splendide

183 3554 335 3619 claruistis
351 3552 383 3613 in
397 3549 482 3632 regie
505 3546 672 3610 maiestatis
690 3544 882 3628 aspectibus,
910 3545 980 3608 altis
1001 3565 1054 3608 vos
1078 3545 1211 3608 extulere
1226 3545 1378 3628 preconiis

183 3672 213 3727 et
225 3663 336 3727 intimis
356 3656 582 3744 precordiorum
599 3660 770 3718 nostrornm
783 3653 1007 3717 memorialibus
1020 3652 1149 3717 fideliter
1161 3654 1378 3737 ascripserunt,

184 3774 225 3836 ita
242 3770 322 3854 quod
338 3770 378 3832 ad
393 3763 598 3850 generalitatis
616 3767 647 3826 et
662 3763 859 3846 specialitatis
882 3767 982 3825 vestre
1007 3762 1172 3846 profectus,
1197 3762 1379 3826 continuatis

184 3881 339 3964 augendos
360 3873 517 3959 auspiciis,
540 3871 700 3963 plurimum
724 3891 779 3934 nos
808 3870 940 3934 delectat
962 3889 1135 3951 assurgere,
1157 3889 1193 3932 ac
1215 3869 1380 3934 honoribus

185 3995 285 4053 vestre
316 3984 445 4049 civitatis
476 3979 602 4044 ubilibet
631 3978 830 4061 ampliandum
859 3978 1016 4041 intendere
1043 3976 1136 4040 libeat
1162 3997 1230 4040 cum
1259 3976 1378 4040 ellectu.
1391 3992 1500 4037 struas.

184 4101 258 4164 Cum
274 4097 366 4178 igitur
382 4091 559 4157 familiarem
587 4092 618 4151 et
641 4085 761 4149 fidelem
783 4091 919 4151 nostrum
934 4086 971 4149 N.
995 4105 1050 4168 pro
1073 4084 1252 4166 quibusdam
1268 4083 1381 4149 nostris

187 4205 322 4290 negociis
351 4201 389 4265 ad
420 4205 552 4263 vestram
583 4195 772 4278 presenciam
805 4195 1007 4266 destinemus,
1046 4192 1248 4257 universitatis
1280 4197 1382 4256 vestre

186 4311 381 4398 prudenciam
397 4309 606 4389 deprecamur,
624 4308 771 4384 quatenus
788 4302 927 4372 eundem,
943 4322 998 4383 pro
1015 4306 1118 4364 nostra
1139 4301 1327 4374 reverencia,
1352 4301 1384 4364 in

187 4422 299 4487 nestris
315 4418 441 4500 agendis
456 4413 555 4477 velitis
571 4410 689 4473 babere
704 4409 864 4490 benignius
880 4409 1118 4473 recommissum.
