3209 5392
232 526 309 600 290

108 703 366 784 superaugeat
390 701 526 785 imperii.
555 698 687 763 sedeatis
704 698 734 760 iu
752 697 977 782 pulchritudine
992 697 1078 780 pacis
1096 701 1126 759 et
1142 696 1250 780 requie
1275 697 1430 779 opulenta,

228 812 383 894 nostrique
401 811 471 892 iugo
489 809 611 871 dominii
629 807 668 870 nil
687 808 835 878 swavius,
859 808 898 870 nil
916 806 1076 871 iocundius
1092 805 1199 869 merito
1213 804 1359 869 sensiatis
1376 804 1427 885 α).

225 924 317 987 Porro
348 925 379 982 ut
407 925 507 982 vestre
534 917 679 981 tenebras
706 917 840 999 regionis
863 916 902 1002 b)
932 918 1058 981 Romani
1094 916 1153 979 iam
1189 916 1302 1000 sceptri
1328 916 1430 1000 fulgor

224 1029 388 1098 illuminet,
412 1027 579 1109 eademque
595 1025 681 1108 regio
697 1026 883 1089 incrementa
901 1026 1049 1110 suscipiat
1066 1024 1171 1088 lloride
1188 1025 1355 1089 venustatis
1372 1026 1428 1113 e),

226 1137 432 1204 universitatis
454 1140 554 1199 vestre
575 1135 770 1219 prudenciam
788 1135 830 1221 d)
854 1133 993 1198 duximus
1017 1134 1248 1205 exhortandam,
1278 1141 1429 1217 quatenus

226 1249 356 1313 nobilem
373 1246 469 1310 virum
486 1243 523 1329 e)
539 1243 589 1316 N.,
607 1243 781 1307 comitem
805 1245 932 1315 talem,
950 1263 1040 1327 quem
1057 1244 1143 1307 vobis
1159 1243 1278 1327 totique
1295 1245 1428 1307 circum-

225 1359 323 1445 posite
341 1356 457 1444 regioni
475 1354 657 1439 prefecimus
676 1353 706 1415 in
718 1359 879 1421 rectorem,
896 1370 950 1437 pro
964 1356 1066 1415 nostra
1079 1357 1109 1414 et
1121 1351 1239 1435 imperii
1251 1351 1429 1418 reverencia

226 1467 370 1551 congruis
396 1462 554 1550 prevenire
577 1463 689 1526 curetis
711 1462 860 1525 bonorum
883 1461 1039 1543 insigniis,
1070 1467 1100 1524 et
1122 1461 1271 1524 eidemin
1294 1461 1430 1545 hiisque

226 1583 359 1640 vestrum
377 1574 415 1659 f)
439 1580 470 1635 et
491 1571 658 1656 reipublice
681 1570 793 1633 bouum
816 1570 959 1651 gerneralc
982 1569 1148 1654 respiciunt
1168 1569 1222 1654 p),
1246 1588 1315 1633 eum
1338 1568 1368 1632 in
1391 1590 1428 1633 eo

227 1686 278 1769 qui
306 1684 435 1747 mittitur
466 1682 588 1744 mittens
622 1679 762 1743 honorari
792 1680 1002 1750 consueverit,
1031 1680 1181 1761 graciosis
1210 1680 1357 1744 studeatis
1386 1681 1428 1769 b)

227 1799 328 1857 astare
345 1790 478 1855 consiliis
494 1794 525 1852 et
541 1788 658 1852 auxiliis
674 1788 840 1872 oportunis.

318 1989 477 2062 Verglsicbc
491 1990 541 2043 den
554 1988 796 2059 vorbergebenden
811 1984 888 2042 Briel
899 2004 941 2041 uo.
954 1987 999 2040 uu.

801 2306 863 2374 77.

618 2482 816 2545 Romanorum
833 2500 886 2546 rer
903 2483 1027 2546 clvllms.

785 2641 866 2694 1279.

226 2792 313 2864 Konip
326 2791 430 2862 liudolf
442 2791 549 2862 fordere
565 2791 612 2846 die
626 2792 731 2862 Bitrpcr
749 2809 797 2846 oon
811 2790 901 2845 Maias
920 2790 984 2861 auf,
1005 2791 1057 2845 den
1076 2792 1122 2847 mit
1140 2791 1215 2847 ibren
1230 2791 1426 2847 Ministem‘uleu

509 2881 709 2938 hesebaoorenen
723 2883 747 2935 F
746 2883 839 2937 rieden
854 2881 978 2953 anfreebt
990 2901 1023 2936 zu
1036 2882 1133 2938 holten.

317 3030 397 3083 llerb.
411 3028 439 3094 3,
453 3028 498 3081 21.

315 3176 425 3239 Exorte
438 3175 589 3238 discordie
602 3175 707 3237 odiosa
721 3175 871 3245 turbaeio,
889 3194 947 3257 que
965 3176 995 3238 in
1011 3175 1122 3239 linibus
1139 3177 1248 3240 vestris
1267 3178 1428 3240 seminaria

225 3284 352 3369 suscipit
369 3285 571 3355 simultatum,
594 3304 651 3369 per
668 3284 848 3347 industrium
866 3284 961 3363 virum
985 3285 1017 3347 F.
1042 3285 1214 3349 celsitudini
1230 3286 1314 3368 regie
1332 3307 1429 3371 nuper

208 3395 376 3478 exposita,
414 3400 498 3457 tanto
531 3393 644 3456 duriori
677 3413 732 3456 nos
762 3394 871 3477 pungit
902 3395 1122 3478 compassionis
1153 3397 1275 3465 aculeo,
1315 3401 1427 3479 quanto

225 3503 365 3585 graviora
397 3503 542 3566 sentimus
575 3524 610 3565 ex
642 3523 677 3566 ea
710 3503 809 3566 tocius
840 3509 920 3566 terre
953 3524 1043 3587 posse
1077 3505 1250 3568 discrimina
1284 3505 1423 3568 suboriri.

224 3612 366 3676 Volentcs
389 3611 482 3693 igitur
505 3612 542 3674 ad
566 3612 778 3675 extinctionem
802 3613 897 3696 ipsius
914 3613 1044 3676 incendii
1062 3614 1162 3677 studia
1179 3621 1281 3677 nostra
1297 3614 1428 3677 libenter

226 3726 255 3783 et
270 3720 436 3784 liberaliter
452 3721 615 3804 applicare,
639 3741 713 3784 sane
730 3721 828 3784 visum
845 3729 891 3785 est
909 3722 1071 3806 expediens
1089 3723 1176 3786 nobis
1193 3729 1223 3786 et
1240 3724 1427 3787 consulimus

223 3827 390 3901 bonafide,
414 3828 494 3913 quod
512 3835 597 3892 tante
612 3829 699 3891 ruine
717 3830 874 3913 dispendio
892 3836 1101 3915 precaventes,
1127 3831 1178 3914 qui
1195 3831 1269 3895 estis
1286 3832 1427 3896 animalia

170 3938 176 3949 '
224 3938 361 4009 oculata,
383 3938 413 4000 iu
436 3938 526 4001 huius
551 3958 641 4001 casus
658 3938 784 4002 articulo
802 3959 857 4023 per
872 3939 1020 4001 modestie
1044 3939 1182 4002 semitam
1204 3940 1370 4011 incedatis,
1395 3946 1428 4004 ut

224 4047 449 4119 iusiurandum,
472 4049 551 4131 quod
578 4068 647 4111 oum
674 4049 922 4112 ministerialibus
945 4048 1060 4120 inistis,
1085 4070 1122 4112 ea
1137 4049 1329 4113 rectitudinis
1346 4049 1426 4113 liuea

224 4157 390 4239 dirigatur,
419 4158 516 4241 quod,
544 4158 702 4221 iuramenti
731 4161 826 4221 lorma
856 4178 948 4243 super
975 4160 1125 4222 communi
1152 4178 1229 4243 pace
1256 4159 1426 4243 prehabito,

224 4284 347 4351 prorsus
380 4267 480 4349 aliqua
512 4268 635 4330 lesionis
675 4268 781 4330 iniuria
822 4287 882 4330 non
920 4273 1082 4349 tangatur,
1121 4267 1175 4331 sed
1213 4267 1426 4332 ministeriales

313 4465 348 4531 a)
371 4465 498 4518 sencielis
520 4463 540 4516 ll
562 4465 615 4519 und
637 4466 666 4517 Z.
680 4494 714 4505 —
728 4465 761 4533 b)
783 4464 923 4538 religionis
947 4467 1029 4521 Gerb.
1044 4496 1077 4506 -
1091 4467 1124 4537 c)
1147 4466 1272 4523 ueritatis
1294 4468 1378 4522 Gerb.
1391 4496 1426 4508 -

222 4555 259 4624 d)
279 4554 399 4625 ampliori
424 4573 476 4625 qua
496 4573 639 4627 possumus
658 4573 766 4627 precum
785 4557 915 4611 instancia
935 4557 1056 4614 duximus
1074 4562 1127 4612 etc.
1141 4588 1175 4597 -
1191 4559 1222 4628 e)
1244 4559 1276 4612 ll.
1302 4559 1426 4613 comitem

224 4646 260 4701 de
273 4647 454 4717 Fdrstenbsrg
467 4648 690 4719 consanguineum
704 4653 825 4702 nostrum
836 4649 1029 4715 charissimum,
1044 4666 1123 4720 qoem
1135 4649 1215 4704 Gorb.
1229 4647 1294 4719 -f)
1308 4653 1427 4706 nostrum

224 4736 306 4793 Gerb.
324 4767 352 4777 -
366 4738 402 4809 9)
416 4736 560 4807 respiciant
573 4739 655 4794 Gerb.
669 4767 704 4778 -—
716 4738 751 4809 li)
766 4740 898 4796 studeatis
912 4740 978 4795 leblt
992 4739 1072 4796 Gerb.
