3209 5392
265 527 289 598 4

250 720 393 788 persone
408 700 442 764 in
459 700 565 763 secroto
581 702 651 760 sunt
663 703 696 760 ut
706 697 905 778 imperatores
922 696 1131 777 cuiuscunque
1148 700 1219 758 sunt
1235 690 1415 756 conditionis
1432 696 1464 753 et

256 828 361 873 omnes
389 827 479 889 reges
508 806 658 876 coronati;
686 806 790 870 medie
812 826 888 870 cero
899 825 1043 892 persone
1064 810 1097 867 ut
1122 803 1233 875 duces,
1261 801 1463 870 marchiones,

258 918 401 989 comites,
429 913 516 979 liberi
537 915 684 986 barones,
712 913 863 995 capitanei
891 913 1010 977 urbium
1035 919 1066 977 et
1089 932 1192 976 omnes
1214 911 1293 994 layci
1314 909 1467 973 babentes

255 1027 429 1108 dignitates,
447 1029 480 1089 ut
495 1024 603 1087 milites
620 1023 772 1105 simplices
793 1025 841 1085 vcl
865 1024 947 1087 cives
971 1024 1170 1105 sollempnem
1193 1024 1297 1088 minor
1317 1040 1459 1108 persono

256 1137 290 1201 in
312 1136 417 1200 seculo
441 1138 474 1196 ut
495 1138 680 1195 mercatores
703 1139 734 1195 et
755 1152 860 1196 omnes
883 1133 1054 1197 consimiles
1077 1138 1225 1196 carentes
1254 1128 1468 1213 dignitatibus·

348 1262 381 1323 ln
414 1259 634 1342 cognoscendis
666 1259 760 1342 igitur
790 1261 894 1324 formis
927 1261 1057 1324 omnium
1089 1260 1301 1324 salutationum
1333 1256 1465 1341 quedam

259 1376 411 1453 ponuntur
433 1371 482 1433 hic
509 1369 700 1452 preambula,
730 1369 958 1451 diligentissime
987 1389 1005 1431 a
1033 1370 1156 1433 notariis
1192 1367 1390 1432 observanda.
1424 1365 1466 1428 Et

260 1481 423 1544 notandum
446 1480 569 1563 quodsi
591 1499 647 1562 par
669 1479 735 1561 pari
753 1472 888 1551 scribat,
917 1497 1048 1561 persona
1071 1478 1246 1560 recipientis
1269 1476 1465 1560 preponitur;

260 1590 443 1671 exemplum:
467 1590 541 1652 Ven.
566 1589 597 1651 in
620 1589 739 1652 Christo
756 1588 835 1669 patri
858 1594 890 1651 ct
912 1588 1030 1650 domino
1053 1588 1088 1650 ll.
1106 1588 1162 1650 Dei
1180 1587 1277 1670 gratm
1294 1584 1464 1649 llostiensis

257 1696 388 1759 ecclesie
420 1698 564 1780 episcopo
591 1698 625 1761 R.
656 1698 762 1760 eadem
791 1697 889 1777 gratia
916 1697 1103 1760 Patariensis
1138 1695 1269 1759 ecclesie
1303 1693 1467 1776 episcopus

259 1805 388 1867 salutem
415 1810 446 1868 et
474 1805 624 1868 sinceram
651 1806 682 1868 in
711 1805 830 1868 domino
860 1805 1027 1868 caritatem.
1069 1805 1103 1868 Si
1130 1824 1202 1867 vero
1231 1804 1327 1866 maior
1357 1802 1469 1865 minori

258 1913 388 1987 scribat,
413 1936 472 1992 ‚scu
487 1892 594 1978 ‘minor
615 1915 730 1986 maiori,
752 1915 849 1977 maior
865 1934 986 1997 semper
1000 1935 1131 1998 persona
1153 1915 1322 1997 prefertur,
1351 1918 1382 1976 et
1405 1913 1467 1975 hoe

258 2024 421 2087 tenendum
445 2029 492 2087 est
516 2025 629 2086 tamin
653 2023 757 2086 ordine
783 2023 1013 2095 ecclesiastico,
1036 2043 1126 2107 quam
1150 2024 1240 2087 etiam
1263 2023 1402 2087 seculari.
1421 2059 1468 2070 -

257 2134 331 2197 item
358 2134 478 2217 quidam
506 2133 609 2196 dicere
636 2134 811 2203 volucrunt,
840 2133 921 2216 quod
944 2153 1012 2196 cum
1034 2133 1132 2195 minor
1154 2130 1260 2196 scribit
1283 2153 1338 2196 suo
1355 2132 1464 2195 maiori

259 2262 380 2325 semper
396 2242 506 2305 debeat
521 2242 660 2306 salutatio
674 2261 766 2304 causa
780 2240 956 2304 excellentie
969 2241 1102 2313 reticeri,
1121 2241 1202 2323 quod
1214 2228 1274 2304 non
1287 2247 1334 2305 est
1350 2261 1469 2314 verum,

260 2353 318 2415 nisi
340 2352 405 2424 ille,
434 2352 483 2415 cui
500 2351 657 2423 scribitur,
682 2352 721 2414 sit
738 2369 852 2414 summe
869 2351 980 2423 maior,
1009 2357 1042 2413 ut
1064 2370 1133 2414 cum
1149 2350 1311 2434 episcopus
1327 2352 1374 2415 vel
1391 2352 1472 2415 alter

261 2462 433 2546 quicunque
462 2459 567 2524 scribit
595 2460 713 2523 dominc
747 2479 843 2541 pape3
880 2461 906 2521 si
933 2465 1033 2522 autem
1061 2479 1191 2540 persona
1220 2460 1394 2542 recipientis
1428 2463 1471 2526 sit

258 2569 453 2633 mediocriter
472 2570 586 2655 maior,
609 2575 641 2632 ut
663 2569 689 2630 si
712 2569 819 2651 aliquis
844 2568 1005 2649 episcopus
1029 2566 1135 2631 scribit
1152 2589 1206 2632 suo
1223 2571 1469 2652 metropolitano,

262 2677 398 2741 salutatio
417 2697 549 2759 congrue
565 2682 667 2759 potest
682 2677 763 2759 puni,
780 2676 836 2738 sed
851 2676 989 2758 inspecta
1006 2677 1231 2740 mera'reritate
1248 2696 1357 2760 papam
1375 2680 1467 2742 etiam

264 2788 391 2870 quisque
408 2787 538 2851 salutare
554 2793 674 2868 posset,
691 2786 717 2848 si
733 2805 793 2848 non
816 2806 887 2849 usus
911 2785 1095 2849 solummodo
1117 2792 1312 2869 repugnaret.
1332 2826 1376 2836 -
1391 2789 1469 2851 item

261 2898 287 2959 si
314 2896 474 2958 mediocris
498 2914 628 2976 persona
655 2913 710 2957 suo
738 2894 846 2956 minori
866 2894 1040 2976 scripserit,
1069 2895 1174 2957 modus
1202 2895 1260 2958 iste
1288 2896 1471 2979 relinquitur

260 3005 383 3068 arbitrio
406 3004 572 3066 dictatoris.
613 3003 687 3066 item
710 3003 759 3065 ubi
784 3004 913 3084 perlecti
941 3002 999 3066 sibi
1027 3005 1164 3069 scribunt
1190 3005 1320 3078 inimici,
1347 3027 1471 3089 semper

259 3132 389 3195 persona
405 3112 550 3176 mittentis
567 3112 762 3194 preponitur,
779 3117 869 3193 prout
884 3112 914 3175 in
930 3114 1034 3176 l'ormis
1051 3114 1262 3178 salutationum
1279 3114 1404 3197 patebit.
1422 3153 1469 3165 —

259 3223 350 3294 Nota,
374 3221 454 3305 quod
470 3221 566 3284 maior
581 3239 712 3303 persona
733 3220 764 3282 in
792 3220 873 3282 clero
891 3227 922 3284 ct
944 3228 1027 3284 extra
1050 3223 1164 3287 clerum
1187 3225 1225 3286 de
1249 3245 1283 3286 se
1300 3230 1332 3287 et
1349 3224 1386 3288 de
1412 3246 1469 3290 suo

259 3333 325 3414 pari
354 3331 446 3395 debet
474 3331 576 3395 dicere
606 3331 637 3393 in
669 3331 848 3394 salutatione
871 3332 928 3393 Dei
956 3333 1070 3413 gratia,
1099 3339 1225 3415 excepto
1249 3333 1367 3396 dominc
1391 3354 1469 3415 apc-

259 3441 382 3512 stolico,
414 3441 465 3524 qui
496 3459 554 3501 nec
582 3439 619 3502 de
649 3459 682 3500 se
715 3457 772 3500 nec
805 3438 843 3499 de
876 3439 940 3502 aliis
973 3440 1046 3504 dicit
1076 3440 1134 3503 Dei
1172 3442 1289 3522 gratia;
1334 3443 1468 3525 quedam

256 3557 357 3614 tamen
385 3549 571 3613 consuetudo
598 3548 721 3610 inolevit
748 3549 828 3630 quod
857 3550 921 3612 fere
944 3569 1047 3611 omnes
1070 3549 1168 3613 medie
1191 3569 1322 3632 persone
1345 3555 1407 3614 tam
1430 3552 1464 3614 in

261 3664 361 3733 clero,
390 3666 422 3723 ut
448 3657 575 3721 abbates
603 3658 773 3740 simplices,
801 3659 964 3741 prepositi,
994 3666 1024 3721 ct
1050 3664 1134 3723 extra
1156 3659 1285 3732 clerum,
1314 3665 1347 3724 ut
1369 3660 1464 3725 duces

259 3778 290 3837 et
311 3762 517 3841 marchiones,
540 3769 578 3831 dc
600 3788 633 3831 se
657 3767 791 3832 scribant
811 3768 887 3843 „Dei
909 3769 1040 3851 gratia“‚
1068 3769 1124 3832 sed
1146 3769 1176 3831 in
1198 3769 1258 3832 bec
1274 3771 1463 3835 consuetudo

262 3882 320 3945 arti
336 3880 494 3963 prevaluit.

558 4138 666 4220 lnclplt
680 4137 778 4219 prinu
793 4136 898 4201 tabula
913 4136 1104 4201 salutationis
1120 4133 1171 4221 a),

351 4355 438 4418 Nunc
455 4353 492 4416 de
509 4353 612 4416 formis
630 4353 842 4416 salutationum
865 4353 1057 4435 singulariter
1079 4359 1110 4417 et
1132 4354 1342 4438 exemplariter
1356 4355 1461 4418 ridea—
1523 4344 1528 4354 ’

261 4486 343 4554 mus,
371 4484 446 4549 quas
474 4484 529 4545 per
557 4463 688 4547 quinque
715 4463 832 4527 tabulas
860 4463 995 4527 invenies
1021 4463 1071 4526 hic
1102 4464 1268 4529 distinctas.
1301 4465 1335 4528 ln
1365 4466 1460 4548 prima

260 4575 361 4639 tabula
383 4573 566 4645 ostenditur,
590 4573 717 4657 qualiter
738 4573 875 4637 dominus
897 4593 975 4656 papa
1003 4573 1140 4638 omnibus
1169 4574 1276 4638 scribit
1302 4574 1460 4638 salutando

351 4738 386 4809 a)
399 4738 448 4793 Am
461 4737 553 4794 Randc
567 4743 585 4797 1.
