<?xml version="1.0" encoding="UTF-8"?>
<!DOCTYPE html PUBLIC "-//W3C//DTD XHTML 1.0 Transitional//EN"
    "http://www.w3.org/TR/xhtml1/DTD/xhtml1-transitional.dtd">
<html xmlns="http://www.w3.org/1999/xhtml" xml:lang="en" lang="en">
 <head>
  <title>
</title>
<meta http-equiv="Content-Type" content="text/html;charset=utf-8" />
  <meta name='ocr-system' content='tesseract 3.04.00' />
  <meta name='ocr-capabilities' content='ocr_page ocr_carea ocr_par ocr_line ocrx_word'/>
</head>
<body>
  <div class='ocr_page' id='page_1' title='image "./fontesrerumaust00unkngoog_0060.png"; bbox 0 0 3209 5392; ppageno 0'>
   <div class='ocr_carea' id='block_1_1' title="bbox 499 750 1024 838">
    <p class='ocr_par' dir='ltr' id='par_1_1' title="bbox 499 750 1024 838">
     <span class='ocr_line' id='line_1_1' title="bbox 499 750 1024 838; baseline -0.002 -17"><span class='ocrx_word' id='word_1_1' title='bbox 499 758 737 823; x_wconf 78' lang='lat' dir='ltr'>Procuraterlrm</span> <span class='ocrx_word' id='word_1_2' title='bbox 753 750 1024 838; x_wconf 62' lang='lat' dir='ltr'>universorum).</span> 
     </span>
    </p>
   </div>
   <div class='ocr_carea' id='block_1_2' title="bbox 149 896 1427 1526">
    <p class='ocr_par' dir='ltr' id='par_1_2' title="bbox 149 896 1427 1526">
     <span class='ocr_line' id='line_1_2' title="bbox 242 896 1358 987; baseline 0.002 -24"><span class='ocrx_word' id='word_1_3' title='bbox 242 896 281 963; x_wconf 84' lang='grc' dir='ltr'>Ο.</span> <span class='ocrx_word' id='word_1_4' title='bbox 303 899 342 987; x_wconf 76' lang='grc' dir='ltr'>ὂ)</span> <span class='ocrx_word' id='word_1_5' title='bbox 357 899 415 963; x_wconf 89' lang='lat' dir='ltr'>Dei</span> <span class='ocrx_word' id='word_1_6' title='bbox 432 900 535 981; x_wconf 79' lang='lat' dir='ltr'>gracia</span> <span class='ocrx_word' id='word_1_7' title='bbox 551 904 687 982; x_wconf 90' lang='lat' dir='ltr'>potestas</span> <span class='ocrx_word' id='word_1_8' title='bbox 712 920 748 963; x_wconf 89' lang='lat' dir='ltr'>ac</span> <span class='ocrx_word' id='word_1_9' title='bbox 770 899 950 964; x_wconf 81' lang='lat' dir='ltr'><strong>universitas</strong></span> <span class='ocrx_word' id='word_1_10' title='bbox 979 899 1087 963; x_wconf 84' lang='lat' dir='ltr'>civium</span> <span class='ocrx_word' id='word_1_11' title='bbox 1114 898 1358 981; x_wconf 86' lang='lat' dir='ltr'>Bononyensium</span> 
     </span>
     <span class='ocr_line' id='line_1_3' title="bbox 152 1006 1356 1093; baseline -0.002 -20"><span class='ocrx_word' id='word_1_12' title='bbox 152 1030 256 1073; x_wconf 88' lang='lat' dir='ltr'>omnes</span> <span class='ocrx_word' id='word_1_13' title='bbox 276 1006 317 1093; x_wconf 80' lang='lat' dir='ltr'>c]</span> <span class='ocrx_word' id='word_1_14' title='bbox 333 1009 450 1072; x_wconf 80' lang='lat' dir='ltr'>litteras</span> <span class='ocrx_word' id='word_1_15' title='bbox 474 1011 664 1092; x_wconf 77' lang='lat' dir='ltr'>inspecturos</span> <span class='ocrx_word' id='word_1_16' title='bbox 689 1009 776 1073; x_wconf 70' lang='lat' dir='ltr'>scire¹</span> <span class='ocrx_word' id='word_1_17' title='bbox 791 1010 926 1073; x_wconf 89' lang='lat' dir='ltr'>volumus</span> <span class='ocrx_word' id='word_1_18' title='bbox 950 1029 985 1072; x_wconf 90' lang='lat' dir='ltr'>ac</span> <span class='ocrx_word' id='word_1_19' title='bbox 1007 1008 1127 1091; x_wconf 91' lang='lat' dir='ltr'>publice</span> <span class='ocrx_word' id='word_1_20' title='bbox 1144 1013 1356 1090; x_wconf 79' lang='lat' dir='ltr'>protestamur,</span> 
     </span>
     <span class='ocr_line' id='line_1_4' title="bbox 152 1107 1397 1202; baseline 0 -22"><span class='ocrx_word' id='word_1_21' title='bbox 152 1117 229 1200; x_wconf 89' lang='lat' dir='ltr'>quod</span> <span class='ocrx_word' id='word_1_22' title='bbox 255 1139 314 1182; x_wconf 90' lang='lat' dir='ltr'>nos</span> <span class='ocrx_word' id='word_1_23' title='bbox 338 1120 428 1182; x_wconf 91' lang='lat' dir='ltr'>talem</span> <span class='ocrx_word' id='word_1_24' title='bbox 450 1119 611 1202; x_wconf 91' lang='lat' dir='ltr'>plebanum</span> <span class='ocrx_word' id='word_1_25' title='bbox 631 1121 660 1182; x_wconf 95' lang='lat' dir='ltr'>in</span> <span class='ocrx_word' id='word_1_26' title='bbox 684 1118 821 1182; x_wconf 92' lang='lat' dir='ltr'>omnibus</span> <span class='ocrx_word' id='word_1_27' title='bbox 844 1118 980 1199; x_wconf 79' lang='lat' dir='ltr'>negociis</span> <span class='ocrx_word' id='word_1_28' title='bbox 1004 1119 1067 1180; x_wconf 84' lang='lat' dir='ltr'>sire</span> <span class='ocrx_word' id='word_1_29' title='bbox 1096 1117 1196 1180; x_wconf 90' lang='lat' dir='ltr'>causis</span> <span class='ocrx_word' id='word_1_30' title='bbox 1225 1117 1355 1180; x_wconf 87' lang='lat' dir='ltr'>civitatis</span> <span class='ocrx_word' id='word_1_31' title='bbox 1393 1107 1397 1112; x_wconf 64' lang='grc'><strong>’</strong></span> 
     </span>
     <span class='ocr_line' id='line_1_5' title="bbox 149 1218 1427 1310; baseline 0.001 -21"><span class='ocrx_word' id='word_1_32' title='bbox 149 1231 253 1290; x_wconf 90' lang='lat' dir='ltr'>nostre</span> <span class='ocrx_word' id='word_1_33' title='bbox 271 1234 501 1309; x_wconf 87' lang='lat' dir='ltr'>procuratorem</span> <span class='ocrx_word' id='word_1_34' title='bbox 517 1228 581 1292; x_wconf 85' lang='lat' dir='ltr'>sive</span> <span class='ocrx_word' id='word_1_35' title='bbox 599 1227 755 1310; x_wconf 81' lang='lat' dir='ltr'>syndicum</span> <span class='ocrx_word' id='word_1_36' title='bbox 771 1226 981 1291; x_wconf 89' lang='lat' dir='ltr'>constituimus</span> <span class='ocrx_word' id='word_1_37' title='bbox 999 1232 1030 1289; x_wconf 90' lang='lat' dir='ltr'>et</span> <span class='ocrx_word' id='word_1_38' title='bbox 1045 1229 1076 1288; x_wconf 93' lang='lat' dir='ltr'>in</span> <span class='ocrx_word' id='word_1_39' title='bbox 1093 1227 1171 1289; x_wconf 86' lang='lat' dir='ltr'>omni</span> <span class='ocrx_word' id='word_1_40' title='bbox 1188 1218 1355 1307; x_wconf 76' lang='lat' dir='ltr'>emergenti</span> <span class='ocrx_word' id='word_1_41' title='bbox 1422 1284 1427 1297; x_wconf 88' lang='grc'><strong>,</strong></span> 
     </span>
     <span class='ocr_line' id='line_1_6' title="bbox 149 1334 1354 1419; baseline 0.002 -22"><span class='ocrx_word' id='word_1_42' title='bbox 149 1334 280 1415; x_wconf 84' lang='lat' dir='ltr'>negocio</span> <span class='ocrx_word' id='word_1_43' title='bbox 311 1341 373 1398; x_wconf 92' lang='lat' dir='ltr'>tam</span> <span class='ocrx_word' id='word_1_44' title='bbox 390 1335 507 1418; x_wconf 84' lang='lat' dir='ltr'>agendo</span> <span class='ocrx_word' id='word_1_45' title='bbox 525 1355 613 1419; x_wconf 87' lang='lat' dir='ltr'>quarn</span> <span class='ocrx_word' id='word_1_46' title='bbox 641 1334 853 1417; x_wconf 90' lang='lat' dir='ltr'>respondendo</span> <span class='ocrx_word' id='word_1_47' title='bbox 886 1335 983 1398; x_wconf 88' lang='lat' dir='ltr'>tocius</span> <span class='ocrx_word' id='word_1_48' title='bbox 1015 1334 1219 1398; x_wconf 90' lang='lat' dir='ltr'>universitatis</span> <span class='ocrx_word' id='word_1_49' title='bbox 1251 1339 1354 1399; x_wconf 88' lang='lat' dir='ltr'>nostre</span> 
     </span>
     <span class='ocr_line' id='line_1_7' title="bbox 149 1428 1352 1526; baseline 0.002 -22"><span class='ocrx_word' id='word_1_50' title='bbox 149 1461 274 1505; x_wconf 89' lang='lat' dir='ltr'>causam</span> <span class='ocrx_word' id='word_1_51' title='bbox 297 1443 391 1524; x_wconf 92' lang='lat' dir='ltr'>ipsius</span> <span class='ocrx_word' id='word_1_52' title='bbox 415 1443 607 1507; x_wconf 87' lang='lat' dir='ltr'>sollicitudini</span> <span class='ocrx_word' id='word_1_53' title='bbox 625 1449 655 1506; x_wconf 90' lang='lat' dir='ltr'>et</span> <span class='ocrx_word' id='word_1_54' title='bbox 670 1442 740 1506; x_wconf 81' lang='lat' dir='ltr'>fidoi</span> <span class='ocrx_word' id='word_1_55' title='bbox 757 1441 980 1514; x_wconf 88' lang='lat' dir='ltr'>committimus,</span> <span class='ocrx_word' id='word_1_56' title='bbox 1002 1448 1098 1506; x_wconf 89' lang='lat' dir='ltr'>ratum</span> <span class='ocrx_word' id='word_1_57' title='bbox 1114 1441 1155 1526; x_wconf 82' lang='lat' dir='ltr'>d)</span> <span class='ocrx_word' id='word_1_58' title='bbox 1178 1448 1209 1507; x_wconf 89' lang='lat' dir='ltr'>et</span> <span class='ocrx_word' id='word_1_59' title='bbox 1225 1428 1352 1524; x_wconf 68' lang='lat' dir='ltr'>gratum.</span> 
     </span>
    </p>
   </div>
   <div class='ocr_carea' id='block_1_3' title="bbox 520 1639 983 1825">
    <p class='ocr_par' dir='ltr' id='par_1_3' title="bbox 520 1639 983 1825">
     <span class='ocr_line' id='line_1_8' title="bbox 520 1639 983 1727; baseline -0.002 -20"><span class='ocrx_word' id='word_1_60' title='bbox 520 1646 674 1709; x_wconf 69' lang='lat' dir='ltr'>tractetur</span> <span class='ocrx_word' id='word_1_61' title='bbox 691 1644 916 1709; x_wconf 76' lang='lat' dir='ltr'>donaterlernrn</span> <span class='ocrx_word' id='word_1_62' title='bbox 934 1639 983 1727; x_wconf 72' lang='lat' dir='ltr'>e).</span> 
     </span>
     <span class='ocr_line' id='line_1_9' title="bbox 652 1763 848 1825; baseline -0.015 -10"><span class='ocrx_word' id='word_1_63' title='bbox 652 1768 777 1815; x_wconf 77' lang='lat' dir='ltr'>distinctio</span> <span class='ocrx_word' id='word_1_64' title='bbox 789 1763 848 1825; x_wconf 72' lang='lat' dir='ltr'>Vs).</span> 
     </span>
    </p>
   </div>
   <div class='ocr_carea' id='block_1_4' title="bbox 113 1883 1458 4264">
    <p class='ocr_par' dir='ltr' id='par_1_4' title="bbox 141 1883 1458 3832">
     <span class='ocr_line' id='line_1_10' title="bbox 233 1883 1351 1971; baseline 0 -20"><span class='ocrx_word' id='word_1_65' title='bbox 233 1889 386 1953; x_wconf 90' lang='lat' dir='ltr'>Dicuntur</span> <span class='ocrx_word' id='word_1_66' title='bbox 392 1894 490 1953; x_wconf 88' lang='lat' dir='ltr'>autem</span> <span class='ocrx_word' id='word_1_67' title='bbox 499 1888 655 1952; x_wconf 84' lang='lat' dir='ltr'>donatoris</span> <span class='ocrx_word' id='word_1_68' title='bbox 669 1909 686 1952; x_wconf 89' lang='lat' dir='ltr'>a</span> <span class='ocrx_word' id='word_1_69' title='bbox 700 1889 789 1960; x_wconf 91' lang='lat' dir='ltr'>dono,</span> <span class='ocrx_word' id='word_1_70' title='bbox 798 1908 834 1951; x_wconf 91' lang='lat' dir='ltr'>eo</span> <span class='ocrx_word' id='word_1_71' title='bbox 844 1885 998 1971; x_wconf 90' lang='lat' dir='ltr'>quodplus</span> <span class='ocrx_word' id='word_1_72' title='bbox 1007 1883 1250 1967; x_wconf 82' lang='lat' dir='ltr'>graciebabeant</span> <span class='ocrx_word' id='word_1_73' title='bbox 1262 1905 1351 1968; x_wconf 84' lang='lat' dir='ltr'>quam</span> 
     </span>
     <span class='ocr_line' id='line_1_11' title="bbox 144 1994 1350 2081; baseline -0.001 -22"><span class='ocrx_word' id='word_1_74' title='bbox 144 1998 216 2062; x_wconf 92' lang='lat' dir='ltr'>iuris</span> <span class='ocrx_word' id='word_1_75' title='bbox 226 2021 236 2072; x_wconf 92' lang='lat'>;</span> <span class='ocrx_word' id='word_1_76' title='bbox 262 2000 338 2063; x_wconf 91' lang='lat' dir='ltr'>item</span> <span class='ocrx_word' id='word_1_77' title='bbox 355 1999 493 2062; x_wconf 92' lang='lat' dir='ltr'>dicuntur</span> <span class='ocrx_word' id='word_1_78' title='bbox 509 1998 664 2062; x_wconf 79' lang='lat' dir='ltr'>donatoris</span> <span class='ocrx_word' id='word_1_79' title='bbox 681 2000 711 2061; x_wconf 94' lang='lat' dir='ltr'>in</span> <span class='ocrx_word' id='word_1_80' title='bbox 728 1996 836 2081; x_wconf 85' lang='lat' dir='ltr'>quibus</span> <span class='ocrx_word' id='word_1_81' title='bbox 854 2003 885 2060; x_wconf 92' lang='lat' dir='ltr'>et</span> <span class='ocrx_word' id='word_1_82' title='bbox 900 2017 955 2079; x_wconf 91' lang='lat' dir='ltr'>per</span> <span class='ocrx_word' id='word_1_83' title='bbox 972 2016 1045 2079; x_wconf 87' lang='lat' dir='ltr'>quas</span> <span class='ocrx_word' id='word_1_84' title='bbox 1065 1996 1200 2059; x_wconf 91' lang='lat' dir='ltr'>dominus</span> <span class='ocrx_word' id='word_1_85' title='bbox 1212 2015 1291 2079; x_wconf 87' lang='lat' dir='ltr'>papa</span> <span class='ocrx_word' id='word_1_86' title='bbox 1302 1994 1350 2058; x_wconf 87' lang='lat' dir='ltr'>vel</span> 
     </span>
     <span class='ocr_line' id='line_1_12' title="bbox 145 2103 1348 2189; baseline -0.003 -20"><span class='ocrx_word' id='word_1_87' title='bbox 145 2107 217 2170; x_wconf 90' lang='lat' dir='ltr'>alius</span> <span class='ocrx_word' id='word_1_88' title='bbox 235 2108 329 2171; x_wconf 82' lang='lat' dir='ltr'>iudex</span> <span class='ocrx_word' id='word_1_89' title='bbox 345 2108 512 2172; x_wconf 90' lang='lat' dir='ltr'>ordinarius</span> <span class='ocrx_word' id='word_1_90' title='bbox 530 2106 736 2189; x_wconf 87' lang='lat' dir='ltr'>episcopatum</span> <span class='ocrx_word' id='word_1_91' title='bbox 752 2106 798 2170; x_wconf 88' lang='lat' dir='ltr'>vel</span> <span class='ocrx_word' id='word_1_92' title='bbox 816 2107 904 2169; x_wconf 89' lang='lat' dir='ltr'>aliam</span> <span class='ocrx_word' id='word_1_93' title='bbox 917 2104 1155 2168; x_wconf 89' lang='lat' dir='ltr'>ecclesiasticam</span> <span class='ocrx_word' id='word_1_94' title='bbox 1172 2103 1348 2186; x_wconf 82' lang='lat' dir='ltr'>dignitatem</span> 
     </span>
     <span class='ocr_line' id='line_1_13' title="bbox 145 2212 1458 2291; baseline -0.002 -13"><span class='ocrx_word' id='word_1_95' title='bbox 145 2217 271 2282; x_wconf 89' lang='lat' dir='ltr'>alicuius</span> <span class='ocrx_word' id='word_1_96' title='bbox 290 2217 444 2291; x_wconf 83' lang='lat' dir='ltr'>beneficii,</span> <span class='ocrx_word' id='word_1_97' title='bbox 461 2219 545 2280; x_wconf 90' lang='lat' dir='ltr'>cuius</span> <span class='ocrx_word' id='word_1_98' title='bbox 564 2217 690 2281; x_wconf 87' lang='lat' dir='ltr'>donacio</span> <span class='ocrx_word' id='word_1_99' title='bbox 708 2217 746 2279; x_wconf 84' lang='lat' dir='ltr'>ad</span> <span class='ocrx_word' id='word_1_100' title='bbox 768 2237 836 2279; x_wconf 91' lang='lat' dir='ltr'>eum</span> <span class='ocrx_word' id='word_1_101' title='bbox 853 2216 992 2279; x_wconf 82' lang='lat' dir='ltr'>devoluta</span> <span class='ocrx_word' id='word_1_102' title='bbox 1009 2219 1073 2287; x_wconf 88' lang='lat' dir='ltr'>est,</span> <span class='ocrx_word' id='word_1_103' title='bbox 1096 2214 1188 2278; x_wconf 88' lang='lat' dir='ltr'>donat</span> <span class='ocrx_word' id='word_1_104' title='bbox 1203 2212 1293 2277; x_wconf 88' lang='lat' dir='ltr'>alicui</span> <span class='ocrx_word' id='word_1_105' title='bbox 1310 2213 1458 2276; x_wconf 53' lang='lat' dir='ltr'>defo-¹⁸⁰</span> 
     </span>
     <span class='ocr_line' id='line_1_14' title="bbox 142 2321 1348 2413; baseline -0.002 -26"><span class='ocrx_word' id='word_1_106' title='bbox 142 2325 247 2405; x_wconf 81' lang='lat' dir='ltr'>gracia</span> <span class='ocrx_word' id='word_1_107' title='bbox 278 2327 414 2408; x_wconf 89' lang='lat' dir='ltr'>speciali.</span> <span class='ocrx_word' id='word_1_108' title='bbox 453 2325 628 2389; x_wconf 83' lang='lat' dir='ltr'>Devolvitur</span> <span class='ocrx_word' id='word_1_109' title='bbox 661 2332 761 2389; x_wconf 76' lang='lat' dir='ltr'>atatem</span> <span class='ocrx_word' id='word_1_110' title='bbox 799 2326 846 2387; x_wconf 91' lang='lat' dir='ltr'>ius</span> <span class='ocrx_word' id='word_1_111' title='bbox 885 2323 1059 2387; x_wconf 88' lang='lat' dir='ltr'>donacionis</span> <span class='ocrx_word' id='word_1_112' title='bbox 1092 2321 1131 2385; x_wconf 89' lang='lat' dir='ltr'>ad</span> <span class='ocrx_word' id='word_1_113' title='bbox 1162 2321 1348 2413; x_wconf 78' lang='lat' dir='ltr'>superiorem</span> 
     </span>
     <span class='ocr_line' id='line_1_15' title="bbox 141 2430 1348 2520; baseline 0 -27"><span class='ocrx_word' id='word_1_114' title='bbox 141 2434 309 2497; x_wconf 89' lang='lat' dir='ltr'>secundum</span> <span class='ocrx_word' id='word_1_115' title='bbox 337 2436 382 2497; x_wconf 94' lang='lat' dir='ltr'>ius</span> <span class='ocrx_word' id='word_1_116' title='bbox 412 2434 599 2505; x_wconf 89' lang='lat' dir='ltr'>canonicum,</span> <span class='ocrx_word' id='word_1_117' title='bbox 623 2435 649 2495; x_wconf 93' lang='lat' dir='ltr'>si</span> <span class='ocrx_word' id='word_1_118' title='bbox 663 2433 705 2520; x_wconf 80' lang='lat' dir='ltr'>c)</span> <span class='ocrx_word' id='word_1_119' title='bbox 722 2433 865 2497; x_wconf 83' lang='lat' dir='ltr'>videlicet</span> <span class='ocrx_word' id='word_1_120' title='bbox 887 2430 1053 2494; x_wconf 88' lang='lat' dir='ltr'>secundum</span> <span class='ocrx_word' id='word_1_121' title='bbox 1073 2438 1191 2512; x_wconf 91' lang='lat' dir='ltr'>tempus</span> <span class='ocrx_word' id='word_1_122' title='bbox 1214 2430 1348 2494; x_wconf 88' lang='lat' dir='ltr'>debitum</span> 
     </span>
     <span class='ocr_line' id='line_1_16' title="bbox 142 2539 1346 2628; baseline -0.002 -25"><span class='ocrx_word' id='word_1_123' title='bbox 142 2562 199 2605; x_wconf 93' lang='lat' dir='ltr'>non</span> <span class='ocrx_word' id='word_1_124' title='bbox 216 2544 343 2626; x_wconf 86' lang='lat' dir='ltr'>eligitur</span> <span class='ocrx_word' id='word_1_125' title='bbox 359 2544 436 2628; x_wconf 92' lang='lat' dir='ltr'>quis,</span> <span class='ocrx_word' id='word_1_126' title='bbox 453 2544 498 2607; x_wconf 88' lang='lat' dir='ltr'>vel</span> <span class='ocrx_word' id='word_1_127' title='bbox 516 2544 542 2605; x_wconf 93' lang='lat' dir='ltr'>si</span> <span class='ocrx_word' id='word_1_128' title='bbox 559 2543 656 2606; x_wconf 91' lang='lat' dir='ltr'>minus</span> <span class='ocrx_word' id='word_1_129' title='bbox 673 2544 799 2606; x_wconf 91' lang='lat' dir='ltr'>idoneus</span> <span class='ocrx_word' id='word_1_130' title='bbox 824 2542 946 2624; x_wconf 85' lang='lat' dir='ltr'>eligitur</span> <span class='ocrx_word' id='word_1_131' title='bbox 967 2541 1013 2603; x_wconf 88' lang='lat' dir='ltr'>vel</span> <span class='ocrx_word' id='word_1_132' title='bbox 1036 2547 1238 2622; x_wconf 85' lang='lat' dir='ltr'>presentatur,</span> <span class='ocrx_word' id='word_1_133' title='bbox 1255 2541 1303 2628; x_wconf 85' lang='lat' dir='ltr'>vel</span> <span class='ocrx_word' id='word_1_134' title='bbox 1320 2539 1346 2602; x_wconf 94' lang='lat' dir='ltr'>si</span> 
     </span>
     <span class='ocr_line' id='line_1_17' title="bbox 144 2648 1346 2734; baseline 0 -23"><span class='ocrx_word' id='word_1_135' title='bbox 144 2648 299 2717; x_wconf 90' lang='lat' dir='ltr'>discordat</span> <span class='ocrx_word' id='word_1_136' title='bbox 316 2652 476 2734; x_wconf 88' lang='lat' dir='ltr'>capitulum</span> <span class='ocrx_word' id='word_1_137' title='bbox 491 2651 626 2734; x_wconf 91' lang='lat' dir='ltr'>partibus</span> <span class='ocrx_word' id='word_1_138' title='bbox 645 2652 841 2715; x_wconf 85' lang='lat' dir='ltr'>existentibus</span> <span class='ocrx_word' id='word_1_139' title='bbox 859 2650 1166 2733; x_wconf 80' lang='lat' dir='ltr'>utrobique—Sunt</span> <span class='ocrx_word' id='word_1_140' title='bbox 1179 2650 1346 2717; x_wconf 88' lang='lat' dir='ltr'>autemdue</span> 
     </span>
     <span class='ocr_line' id='line_1_18' title="bbox 141 2760 1344 2843; baseline 0.002 -22"><span class='ocrx_word' id='word_1_141' title='bbox 141 2763 259 2843; x_wconf 91' lang='lat' dir='ltr'>species</span> <span class='ocrx_word' id='word_1_142' title='bbox 279 2763 518 2827; x_wconf 89' lang='lat' dir='ltr'>donatoriarum:</span> <span class='ocrx_word' id='word_1_143' title='bbox 537 2762 768 2832; x_wconf 82' lang='lat' dir='ltr'>condicionalis</span> <span class='ocrx_word' id='word_1_144' title='bbox 784 2760 927 2824; x_wconf 88' lang='lat' dir='ltr'>videlicet</span> <span class='ocrx_word' id='word_1_145' title='bbox 946 2766 976 2824; x_wconf 90' lang='lat' dir='ltr'>et</span> <span class='ocrx_word' id='word_1_146' title='bbox 988 2782 1086 2826; x_wconf 81' lang='lat' dir='ltr'>meru.</span> <span class='ocrx_word' id='word_1_147' title='bbox 1106 2761 1344 2828; x_wconf 81' lang='lat' dir='ltr'>Condiciooclis</span> 
     </span>
     <span class='ocr_line' id='line_1_19' title="bbox 144 2867 1346 2953; baseline 0.002 -23"><span class='ocrx_word' id='word_1_148' title='bbox 144 2875 197 2941; x_wconf 89' lang='lat' dir='ltr'>est,</span> <span class='ocrx_word' id='word_1_149' title='bbox 210 2871 262 2933; x_wconf 91' lang='lat' dir='ltr'>ubi</span> <span class='ocrx_word' id='word_1_150' title='bbox 278 2872 415 2935; x_wconf 91' lang='lat' dir='ltr'>dominus</span> <span class='ocrx_word' id='word_1_151' title='bbox 431 2891 508 2953; x_wconf 88' lang='lat' dir='ltr'>papa</span> <span class='ocrx_word' id='word_1_152' title='bbox 524 2871 571 2934; x_wconf 84' lang='lat' dir='ltr'>vel</span> <span class='ocrx_word' id='word_1_153' title='bbox 589 2871 663 2933; x_wconf 90' lang='lat' dir='ltr'>alius</span> <span class='ocrx_word' id='word_1_154' title='bbox 679 2869 769 2932; x_wconf 83' lang='lat' dir='ltr'>iudex</span> <span class='ocrx_word' id='word_1_155' title='bbox 785 2867 953 2936; x_wconf 89' lang='lat' dir='ltr'>ordinarius</span> <span class='ocrx_word' id='word_1_156' title='bbox 971 2889 1031 2931; x_wconf 89' lang='lat' dir='ltr'>nou</span> <span class='ocrx_word' id='word_1_157' title='bbox 1048 2874 1094 2933; x_wconf 88' lang='lat' dir='ltr'>est</span> <span class='ocrx_word' id='word_1_158' title='bbox 1110 2874 1230 2942; x_wconf 88' lang='lat' dir='ltr'>certus,</span> <span class='ocrx_word' id='word_1_159' title='bbox 1247 2875 1346 2940; x_wconf 77' lang='lat' dir='ltr'>utrum</span> 
     </span>
     <span class='ocr_line' id='line_1_20' title="bbox 142 2957 1418 3062; baseline 0.002 -23"><span class='ocrx_word' id='word_1_160' title='bbox 142 2978 178 3039; x_wconf 91' lang='lat' dir='ltr'>ad</span> <span class='ocrx_word' id='word_1_161' title='bbox 194 3000 264 3043; x_wconf 91' lang='lat' dir='ltr'>eum</span> <span class='ocrx_word' id='word_1_162' title='bbox 282 2981 328 3043; x_wconf 91' lang='lat' dir='ltr'>vel</span> <span class='ocrx_word' id='word_1_163' title='bbox 341 2980 379 3042; x_wconf 90' lang='lat' dir='ltr'>ad</span> <span class='ocrx_word' id='word_1_164' title='bbox 396 2980 485 3043; x_wconf 90' lang='lat' dir='ltr'>alium</span> <span class='ocrx_word' id='word_1_165' title='bbox 503 2980 542 3041; x_wconf 92' lang='lat' dir='ltr'>sit</span> <span class='ocrx_word' id='word_1_166' title='bbox 558 2979 684 3042; x_wconf 87' lang='lat' dir='ltr'>donacio</span> <span class='ocrx_word' id='word_1_167' title='bbox 698 2979 849 3048; x_wconf 83' lang='lat' dir='ltr'>devoluta,</span> <span class='ocrx_word' id='word_1_168' title='bbox 866 2976 924 3040; x_wconf 91' lang='lat' dir='ltr'>nisi</span> <span class='ocrx_word' id='word_1_169' title='bbox 941 2998 976 3039; x_wconf 82' lang='lat' dir='ltr'>er</span> <span class='ocrx_word' id='word_1_170' title='bbox 991 2979 1144 3044; x_wconf 82' lang='lat' dir='ltr'>relacione</span> <span class='ocrx_word' id='word_1_171' title='bbox 1156 2979 1345 3062; x_wconf 90' lang='lat' dir='ltr'>impetrantis</span> <span class='ocrx_word' id='word_1_172' title='bbox 1369 2998 1371 3001; x_wconf 77' lang='grc'><strong>’</strong></span> <span class='ocrx_word' id='word_1_173' title='bbox 1413 2957 1418 2963; x_wconf 41' lang='grc'><strong>’</strong></span> 
     </span>
     <span class='ocr_line' id='line_1_21' title="bbox 144 3084 1346 3172; baseline 0.003 -25"><span class='ocrx_word' id='word_1_174' title='bbox 144 3093 171 3149; x_wconf 90' lang='lat' dir='ltr'>et</span> <span class='ocrx_word' id='word_1_175' title='bbox 185 3092 257 3152; x_wconf 90' lang='lat' dir='ltr'>tunc</span> <span class='ocrx_word' id='word_1_176' title='bbox 278 3088 401 3153; x_wconf 85' lang='lat' dir='ltr'>scribit:</span> <span class='ocrx_word' id='word_1_177' title='bbox 429 3088 475 3162; x_wconf 87' lang='lat' dir='ltr'>,si</span> <span class='ocrx_word' id='word_1_178' title='bbox 492 3088 534 3151; x_wconf 85' lang='lat' dir='ltr'>its</span> <span class='ocrx_word' id='word_1_179' title='bbox 551 3093 635 3159; x_wconf 83' lang='lat' dir='ltr'>est;“</span> <span class='ocrx_word' id='word_1_180' title='bbox 654 3087 709 3150; x_wconf 90' lang='lat' dir='ltr'>sed</span> <span class='ocrx_word' id='word_1_181' title='bbox 725 3084 765 3172; x_wconf 72' lang='lat' dir='ltr'>d)</span> <span class='ocrx_word' id='word_1_182' title='bbox 782 3087 813 3149; x_wconf 93' lang='lat' dir='ltr'>in</span> <span class='ocrx_word' id='word_1_183' title='bbox 825 3087 884 3150; x_wconf 93' lang='lat' dir='ltr'>boc</span> <span class='ocrx_word' id='word_1_184' title='bbox 899 3106 971 3150; x_wconf 90' lang='lat' dir='ltr'>casu</span> <span class='ocrx_word' id='word_1_185' title='bbox 987 3087 1164 3169; x_wconf 91' lang='lat' dir='ltr'>probacioni</span> <span class='ocrx_word' id='word_1_186' title='bbox 1177 3112 1237 3155; x_wconf 91' lang='lat' dir='ltr'>non</span> <span class='ocrx_word' id='word_1_187' title='bbox 1249 3090 1346 3153; x_wconf 89' lang='lat' dir='ltr'>statur</span> 
     </span>
     <span class='ocr_line' id='line_1_22' title="bbox 141 3194 1344 3278; baseline 0.004 -23"><span class='ocrx_word' id='word_1_188' title='bbox 141 3194 339 3277; x_wconf 90' lang='lat' dir='ltr'>impetrantis.</span> <span class='ocrx_word' id='word_1_189' title='bbox 363 3199 454 3263; x_wconf 85' lang='lat' dir='ltr'>Mero</span> <span class='ocrx_word' id='word_1_190' title='bbox 478 3202 535 3269; x_wconf 91' lang='lat' dir='ltr'>est,</span> <span class='ocrx_word' id='word_1_191' title='bbox 559 3195 609 3259; x_wconf 93' lang='lat' dir='ltr'>ubi</span> <span class='ocrx_word' id='word_1_192' title='bbox 636 3195 772 3259; x_wconf 92' lang='lat' dir='ltr'>dominus</span> <span class='ocrx_word' id='word_1_193' title='bbox 795 3215 874 3278; x_wconf 88' lang='lat' dir='ltr'>papa</span> <span class='ocrx_word' id='word_1_194' title='bbox 897 3196 943 3259; x_wconf 89' lang='lat' dir='ltr'>vel</span> <span class='ocrx_word' id='word_1_195' title='bbox 965 3196 1039 3260; x_wconf 88' lang='lat' dir='ltr'>alius</span> <span class='ocrx_word' id='word_1_196' title='bbox 1063 3198 1152 3262; x_wconf 84' lang='lat' dir='ltr'>iudex</span> <span class='ocrx_word' id='word_1_197' title='bbox 1175 3198 1344 3264; x_wconf 88' lang='lat' dir='ltr'>ordinarius</span> 
     </span>
     <span class='ocr_line' id='line_1_23' title="bbox 143 3304 1344 3392; baseline 0.003 -28"><span class='ocrx_word' id='word_1_198' title='bbox 143 3310 238 3368; x_wconf 89' lang='lat' dir='ltr'>certus</span> <span class='ocrx_word' id='word_1_199' title='bbox 270 3312 318 3370; x_wconf 91' lang='lat' dir='ltr'>est</span> <span class='ocrx_word' id='word_1_200' title='bbox 344 3307 423 3370; x_wconf 86' lang='lat' dir='ltr'>forte</span> <span class='ocrx_word' id='word_1_201' title='bbox 452 3327 487 3368; x_wconf 85' lang='lat' dir='ltr'>ex</span> <span class='ocrx_word' id='word_1_202' title='bbox 515 3305 587 3368; x_wconf 86' lang='lat' dir='ltr'>facti</span> <span class='ocrx_word' id='word_1_203' title='bbox 612 3304 770 3368; x_wconf 86' lang='lat' dir='ltr'>evidencia</span> <span class='ocrx_word' id='word_1_204' title='bbox 798 3304 906 3367; x_wconf 83' lang='lat' dir='ltr'>velex</span> <span class='ocrx_word' id='word_1_205' title='bbox 934 3307 1127 3372; x_wconf 84' lang='lat' dir='ltr'>confessione</span> <span class='ocrx_word' id='word_1_206' title='bbox 1151 3308 1274 3392; x_wconf 88' lang='lat' dir='ltr'>capituli</span> <span class='ocrx_word' id='word_1_207' title='bbox 1296 3305 1344 3369; x_wconf 88' lang='lat' dir='ltr'>vel</span> 
     </span>
     <span class='ocr_line' id='line_1_24' title="bbox 144 3412 1343 3501; baseline 0.008 -29"><span class='ocrx_word' id='word_1_208' title='bbox 144 3412 263 3478; x_wconf 90' lang='lat' dir='ltr'>aliorum</span> <span class='ocrx_word' id='word_1_209' title='bbox 285 3415 471 3498; x_wconf 81' lang='lat' dir='ltr'>ydoneorum</span> <span class='ocrx_word' id='word_1_210' title='bbox 502 3414 632 3478; x_wconf 83' lang='lat' dir='ltr'>virorum</span> <span class='ocrx_word' id='word_1_211' title='bbox 664 3412 888 3477; x_wconf 76' lang='lat' dir='ltr'>assensionibus</span> <span class='ocrx_word' id='word_1_212' title='bbox 920 3420 1003 3479; x_wconf 90' lang='lat' dir='ltr'>tanto</span> <span class='ocrx_word' id='word_1_213' title='bbox 1034 3417 1176 3482; x_wconf 82' lang='lat' dir='ltr'>videlicet</span> <span class='ocrx_word' id='word_1_214' title='bbox 1206 3424 1343 3501; x_wconf 88' lang='lat' dir='ltr'>tempore</span> 
     </span>
     <span class='ocr_line' id='line_1_25' title="bbox 143 3523 1340 3611; baseline 0.008 -29"><span class='ocrx_word' id='word_1_215' title='bbox 143 3540 265 3588; x_wconf 83' lang='lat' dir='ltr'>vacasse</span> <span class='ocrx_word' id='word_1_216' title='bbox 277 3523 468 3596; x_wconf 88' lang='lat' dir='ltr'>beneficium,</span> <span class='ocrx_word' id='word_1_217' title='bbox 485 3523 565 3606; x_wconf 90' lang='lat' dir='ltr'>quod</span> <span class='ocrx_word' id='word_1_218' title='bbox 582 3523 610 3584; x_wconf 89' lang='lat' dir='ltr'>ei</span> <span class='ocrx_word' id='word_1_219' title='bbox 624 3528 743 3585; x_wconf 88' lang='lat' dir='ltr'>extunc</span> <span class='ocrx_word' id='word_1_220' title='bbox 761 3529 933 3605; x_wconf 88' lang='lat' dir='ltr'>competere</span> <span class='ocrx_word' id='word_1_221' title='bbox 947 3526 1096 3611; x_wconf 86' lang='lat' dir='ltr'>inceperit</span> <span class='ocrx_word' id='word_1_222' title='bbox 1112 3530 1176 3593; x_wconf 91' lang='lat' dir='ltr'>eius</span> <span class='ocrx_word' id='word_1_223' title='bbox 1194 3527 1321 3593; x_wconf 91' lang='lat' dir='ltr'>donacio</span> <span class='ocrx_word' id='word_1_224' title='bbox 1330 3546 1340 3598; x_wconf 89' lang='grc'>;</span> 
     </span>
     <span class='ocr_line' id='line_1_26' title="bbox 144 3630 1340 3720; baseline 0.005 -27"><span class='ocrx_word' id='word_1_225' title='bbox 144 3630 190 3694; x_wconf 94' lang='lat' dir='ltr'>ubi</span> <span class='ocrx_word' id='word_1_226' title='bbox 205 3635 253 3698; x_wconf 88' lang='lat' dir='ltr'>illa</span> <span class='ocrx_word' id='word_1_227' title='bbox 268 3633 406 3697; x_wconf 93' lang='lat' dir='ltr'>condicio</span> <span class='ocrx_word' id='word_1_228' title='bbox 431 3632 464 3720; x_wconf 79' lang='lat' dir='ltr'>i]</span> <span class='ocrx_word' id='word_1_229' title='bbox 484 3631 530 3706; x_wconf 86' lang='lat' dir='ltr'>„si</span> <span class='ocrx_word' id='word_1_230' title='bbox 546 3631 588 3694; x_wconf 88' lang='lat' dir='ltr'>ita</span> <span class='ocrx_word' id='word_1_231' title='bbox 606 3637 671 3694; x_wconf 85' lang='lat' dir='ltr'>est“</span> <span class='ocrx_word' id='word_1_232' title='bbox 689 3632 789 3695; x_wconf 91' lang='lat' dir='ltr'>locum</span> <span class='ocrx_word' id='word_1_233' title='bbox 806 3654 866 3696; x_wconf 92' lang='lat' dir='ltr'>non</span> <span class='ocrx_word' id='word_1_234' title='bbox 882 3633 983 3698; x_wconf 86' lang='lat' dir='ltr'>babet.</span> <span class='ocrx_word' id='word_1_235' title='bbox 997 3675 1041 3685; x_wconf 91' lang='lat'><em>-</em></span> <span class='ocrx_word' id='word_1_236' title='bbox 1056 3637 1218 3702; x_wconf 89' lang='lat' dir='ltr'>Sciendum</span> <span class='ocrx_word' id='word_1_237' title='bbox 1230 3642 1340 3710; x_wconf 88' lang='lat' dir='ltr'>autem,</span> 
     </span>
     <span class='ocr_line' id='line_1_27' title="bbox 145 3742 1341 3832; baseline 0.005 -26"><span class='ocrx_word' id='word_1_238' title='bbox 145 3745 217 3825; x_wconf 92' lang='lat' dir='ltr'>quod</span> <span class='ocrx_word' id='word_1_239' title='bbox 248 3745 280 3810; x_wconf 93' lang='lat' dir='ltr'>in</span> <span class='ocrx_word' id='word_1_240' title='bbox 307 3743 417 3808; x_wconf 90' lang='lat' dir='ltr'>talibus</span> <span class='ocrx_word' id='word_1_241' title='bbox 444 3743 540 3805; x_wconf 91' lang='lat' dir='ltr'>literis</span> <span class='ocrx_word' id='word_1_242' title='bbox 568 3742 743 3825; x_wconf 84' lang='lat' dir='ltr'>frequenter</span> <span class='ocrx_word' id='word_1_243' title='bbox 768 3743 890 3824; x_wconf 88' lang='lat' dir='ltr'>ponitur</span> <span class='ocrx_word' id='word_1_244' title='bbox 918 3745 1068 3830; x_wconf 87' lang='lat' dir='ltr'>condicio,</span> <span class='ocrx_word' id='word_1_245' title='bbox 1095 3749 1154 3812; x_wconf 88' lang='lat' dir='ltr'>nisi</span> <span class='ocrx_word' id='word_1_246' title='bbox 1179 3770 1215 3812; x_wconf 86' lang='lat' dir='ltr'>ex</span> <span class='ocrx_word' id='word_1_247' title='bbox 1237 3748 1341 3832; x_wconf 79' lang='lat' dir='ltr'>gracie</span> 
     </span>
    </p>

    <p class='ocr_par' dir='ltr' id='par_1_5' title="bbox 113 3849 1386 4264">
     <span class='ocr_line' id='line_1_28' title="bbox 113 3849 1386 3935; baseline 0.009 -22"><span class='ocrx_word' id='word_1_248' title='bbox 113 3902 117 3905; x_wconf 93' lang='lat'>.</span> <span class='ocrx_word' id='word_1_249' title='bbox 146 3851 313 3920; x_wconf 90' lang='lat' dir='ltr'>dimittatur.</span> <span class='ocrx_word' id='word_1_250' title='bbox 330 3853 387 3916; x_wconf 86' lang='lat' dir='ltr'>Est</span> <span class='ocrx_word' id='word_1_251' title='bbox 402 3857 502 3916; x_wconf 89' lang='lat' dir='ltr'>autem</span> <span class='ocrx_word' id='word_1_252' title='bbox 519 3849 656 3915; x_wconf 89' lang='lat' dir='ltr'>condicio</span> <span class='ocrx_word' id='word_1_253' title='bbox 670 3851 749 3924; x_wconf 88' lang='lat' dir='ltr'>talis,</span> <span class='ocrx_word' id='word_1_254' title='bbox 763 3872 821 3935; x_wconf 87' lang='lat' dir='ltr'>que</span> <span class='ocrx_word' id='word_1_255' title='bbox 833 3860 903 3934; x_wconf 92' lang='lat' dir='ltr'>poni</span> <span class='ocrx_word' id='word_1_256' title='bbox 917 3854 994 3918; x_wconf 91' lang='lat' dir='ltr'>solet</span> <span class='ocrx_word' id='word_1_257' title='bbox 1009 3858 1055 3931; x_wconf 83' lang='lat' dir='ltr'>„si</span> <span class='ocrx_word' id='word_1_258' title='bbox 1067 3857 1147 3920; x_wconf 93' lang='lat' dir='ltr'>aliud</span> <span class='ocrx_word' id='word_1_259' title='bbox 1163 3861 1340 3924; x_wconf 88' lang='lat' dir='ltr'>canonicum</span> <span class='ocrx_word' id='word_1_260' title='bbox 1384 3930 1386 3934; x_wconf 58' lang='grc'><strong>,</strong></span> 
     </span>
     <span class='ocr_line' id='line_1_29' title="bbox 145 3961 1339 4062; baseline 0.008 -39"><span class='ocrx_word' id='word_1_261' title='bbox 145 3982 197 4027; x_wconf 90' lang='lat' dir='ltr'>non</span> <span class='ocrx_word' id='word_1_262' title='bbox 210 3965 345 4035; x_wconf 85' lang='lat' dir='ltr'>obstat“,</span> <span class='ocrx_word' id='word_1_263' title='bbox 358 3966 409 4025; x_wconf 91' lang='lat' dir='ltr'>aut</span> <span class='ocrx_word' id='word_1_264' title='bbox 423 3963 470 4037; x_wconf 89' lang='lat' dir='ltr'>„si</span> <span class='ocrx_word' id='word_1_265' title='bbox 483 3962 556 4025; x_wconf 93' lang='lat' dir='ltr'>alias</span> <span class='ocrx_word' id='word_1_266' title='bbox 569 3961 704 4043; x_wconf 87' lang='lat' dir='ltr'>ydoneus</span> <span class='ocrx_word' id='word_1_267' title='bbox 717 3962 898 4043; x_wconf 86' lang='lat' dir='ltr'>reperitur“.</span> <span class='ocrx_word' id='word_1_268' title='bbox 907 4005 951 4015; x_wconf 93' lang='lat'>—</span> <span class='ocrx_word' id='word_1_269' title='bbox 960 3966 1075 4031; x_wconf 89' lang='lat' dir='ltr'>Scribit</span> <span class='ocrx_word' id='word_1_270' title='bbox 1090 3973 1189 4031; x_wconf 89' lang='lat' dir='ltr'>autem</span> <span class='ocrx_word' id='word_1_271' title='bbox 1203 3969 1339 4062; x_wconf 76' lang='lat' dir='ltr'>dominus</span> 
     </span>
     <span class='ocr_line' id='line_1_30' title="bbox 145 4068 1339 4156; baseline 0.008 -22"><span class='ocrx_word' id='word_1_272' title='bbox 145 4089 213 4154; x_wconf 89' lang='lat' dir='ltr'>papa</span> <span class='ocrx_word' id='word_1_273' title='bbox 230 4074 277 4136; x_wconf 85' lang='lat' dir='ltr'>vel</span> <span class='ocrx_word' id='word_1_274' title='bbox 294 4071 368 4136; x_wconf 90' lang='lat' dir='ltr'>alius</span> <span class='ocrx_word' id='word_1_275' title='bbox 386 4070 474 4133; x_wconf 87' lang='lat' dir='ltr'>iudex</span> <span class='ocrx_word' id='word_1_276' title='bbox 491 4068 658 4134; x_wconf 91' lang='lat' dir='ltr'>ordinarius</span> <span class='ocrx_word' id='word_1_277' title='bbox 671 4070 802 4135; x_wconf 90' lang='lat' dir='ltr'>ecclesie</span> <span class='ocrx_word' id='word_1_278' title='bbox 819 4075 866 4136; x_wconf 82' lang='lat' dir='ltr'>vel</span> <span class='ocrx_word' id='word_1_279' title='bbox 883 4074 1013 4156; x_wconf 87' lang='lat' dir='ltr'>capitulo</span> <span class='ocrx_word' id='word_1_280' title='bbox 1035 4076 1123 4140; x_wconf 92' lang='lat' dir='ltr'>modo</span> <span class='ocrx_word' id='word_1_281' title='bbox 1146 4077 1339 4143; x_wconf 88' lang='lat' dir='ltr'>salutacionis</span> 
     </span>
     <span class='ocr_line' id='line_1_31' title="bbox 146 4180 1336 4264; baseline 0.01 -24"><span class='ocrx_word' id='word_1_282' title='bbox 146 4188 291 4255; x_wconf 90' lang='lat' dir='ltr'>consueto,</span> <span class='ocrx_word' id='word_1_283' title='bbox 309 4186 339 4244; x_wconf 91' lang='lat' dir='ltr'>et</span> <span class='ocrx_word' id='word_1_284' title='bbox 354 4180 475 4264; x_wconf 87' lang='lat' dir='ltr'>ponitur</span> <span class='ocrx_word' id='word_1_285' title='bbox 491 4180 715 4243; x_wconf 85' lang='lat' dir='ltr'>commendacio</span> <span class='ocrx_word' id='word_1_286' title='bbox 731 4201 872 4263; x_wconf 88' lang='lat' dir='ltr'>persone,</span> <span class='ocrx_word' id='word_1_287' title='bbox 896 4184 945 4246; x_wconf 90' lang='lat' dir='ltr'>cui</span> <span class='ocrx_word' id='word_1_288' title='bbox 966 4184 1146 4249; x_wconf 83' lang='lat' dir='ltr'>beneficium</span> <span class='ocrx_word' id='word_1_289' title='bbox 1174 4188 1336 4252; x_wconf 86' lang='lat' dir='ltr'>confertur.</span> 
     </span>
    </p>
   </div>
   <div class='ocr_carea' id='block_1_5' title="bbox 144 4326 1337 4846">
    <p class='ocr_par' dir='ltr' id='par_1_6' title="bbox 144 4326 1337 4846">
     <span class='ocr_line' id='line_1_32' title="bbox 218 4326 1335 4404; baseline 0.005 -21"><span class='ocrx_word' id='word_1_290' title='bbox 218 4328 261 4393; x_wconf 79' lang='lat' dir='ltr'>o)</span> <span class='ocrx_word' id='word_1_291' title='bbox 277 4328 459 4387; x_wconf 81' lang='lat' dir='ltr'>universitatis</span> <span class='ocrx_word' id='word_1_292' title='bbox 473 4326 610 4382; x_wconf 82' lang='lat' dir='ltr'>amRande</span> <span class='ocrx_word' id='word_1_293' title='bbox 623 4327 668 4381; x_wconf 77' lang='lat' dir='ltr'>fiir</span> <span class='ocrx_word' id='word_1_294' title='bbox 681 4327 730 4382; x_wconf 91' lang='lat' dir='ltr'>das</span> <span class='ocrx_word' id='word_1_295' title='bbox 743 4327 868 4400; x_wconf 69' lang='lat' dir='ltr'>imTcrte</span> <span class='ocrx_word' id='word_1_296' title='bbox 883 4332 1106 4404; x_wconf 72' lang='lat' dir='ltr'>sucgestrichene</span> <span class='ocrx_word' id='word_1_297' title='bbox 1120 4331 1296 4389; x_wconf 79' lang='lat' dir='ltr'>visitacionis.</span> <span class='ocrx_word' id='word_1_298' title='bbox 1307 4365 1335 4374; x_wconf 96' lang='lat'><em>-</em></span> 
     </span>
     <span class='ocr_line' id='line_1_33' title="bbox 147 4416 1337 4499; baseline 0.01 -29"><span class='ocrx_word' id='word_1_299' title='bbox 147 4416 173 4487; x_wconf 87' lang='lat' dir='ltr'>l)</span> <span class='ocrx_word' id='word_1_300' title='bbox 207 4420 236 4475; x_wconf 79' lang='grc' dir='ltr'>Α.</span> <span class='ocrx_word' id='word_1_301' title='bbox 251 4420 279 4473; x_wconf 88' lang='grc' dir='ltr'>Ζ.</span> <span class='ocrx_word' id='word_1_302' title='bbox 303 4450 330 4460; x_wconf 86' lang='grc'><strong>-</strong></span> <span class='ocrx_word' id='word_1_303' title='bbox 346 4419 379 4490; x_wconf 82' lang='lat' dir='ltr'>c)</span> <span class='ocrx_word' id='word_1_304' title='bbox 393 4422 536 4492; x_wconf 84' lang='lat' dir='ltr'>presentes</span> <span class='ocrx_word' id='word_1_305' title='bbox 550 4420 577 4474; x_wconf 85' lang='lat' dir='ltr'>Z.</span> <span class='ocrx_word' id='word_1_306' title='bbox 593 4450 623 4460; x_wconf 95' lang='lat'><em>-</em></span> <span class='ocrx_word' id='word_1_307' title='bbox 639 4422 675 4491; x_wconf 83' lang='lat' dir='ltr'>d)</span> <span class='ocrx_word' id='word_1_308' title='bbox 690 4425 776 4475; x_wconf 87' lang='lat' dir='ltr'>ratum</span> <span class='ocrx_word' id='word_1_309' title='bbox 795 4422 910 4478; x_wconf 85' lang='lat' dir='ltr'>babituri</span> <span class='ocrx_word' id='word_1_310' title='bbox 930 4424 1060 4499; x_wconf 86' lang='lat' dir='ltr'>quidquid</span> <span class='ocrx_word' id='word_1_311' title='bbox 1079 4426 1105 4479; x_wconf 89' lang='lat' dir='ltr'>in</span> <span class='ocrx_word' id='word_1_312' title='bbox 1123 4426 1223 4482; x_wconf 89' lang='lat' dir='ltr'>eisdem</span> <span class='ocrx_word' id='word_1_313' title='bbox 1237 4429 1337 4482; x_wconf 85' lang='lat' dir='ltr'>nostris</span> 
     </span>
     <span class='ocr_line' id='line_1_34' title="bbox 147 4513 1337 4595; baseline 0.01 -32"><span class='ocrx_word' id='word_1_314' title='bbox 147 4513 247 4580; x_wconf 74' lang='lat' dir='ltr'>agendis</span> <span class='ocrx_word' id='word_1_315' title='bbox 261 4530 312 4586; x_wconf 86' lang='lat' dir='ltr'>per</span> <span class='ocrx_word' id='word_1_316' title='bbox 323 4514 409 4585; x_wconf 92' lang='lat' dir='ltr'>ipsum</span> <span class='ocrx_word' id='word_1_317' title='bbox 434 4514 532 4568; x_wconf 84' lang='lat' dir='ltr'>iactum</span> <span class='ocrx_word' id='word_1_318' title='bbox 545 4514 627 4567; x_wconf 84' lang='lat' dir='ltr'>suerit</span> <span class='ocrx_word' id='word_1_319' title='bbox 641 4514 697 4570; x_wconf 86' lang='lat' dir='ltr'>sire</span> <span class='ocrx_word' id='word_1_320' title='bbox 715 4514 824 4570; x_wconf 90' lang='lat' dir='ltr'>dictum.</span> <span class='ocrx_word' id='word_1_321' title='bbox 843 4518 902 4573; x_wconf 84' lang='lat' dir='ltr'>Dat</span> <span class='ocrx_word' id='word_1_322' title='bbox 917 4522 970 4575; x_wconf 82' lang='lat' dir='ltr'>etc.</span> <span class='ocrx_word' id='word_1_323' title='bbox 983 4523 1010 4579; x_wconf 86' lang='lat' dir='ltr'>Z.</span> <span class='ocrx_word' id='word_1_324' title='bbox 1023 4552 1060 4562; x_wconf 94' lang='lat'>—</span> <span class='ocrx_word' id='word_1_325' title='bbox 1072 4524 1104 4595; x_wconf 86' lang='lat' dir='ltr'>e)</span> <span class='ocrx_word' id='word_1_326' title='bbox 1117 4522 1174 4578; x_wconf 83' lang='lat' dir='ltr'>sive</span> <span class='ocrx_word' id='word_1_327' title='bbox 1187 4523 1337 4578; x_wconf 75' lang='lat' dir='ltr'>litterarum</span> 
     </span>
     <span class='ocr_line' id='line_1_35' title="bbox 147 4605 1336 4688; baseline 0.014 -34"><span class='ocrx_word' id='word_1_328' title='bbox 147 4617 191 4671; x_wconf 86' lang='lat' dir='ltr'>que</span> <span class='ocrx_word' id='word_1_329' title='bbox 203 4622 283 4677; x_wconf 83' lang='lat' dir='ltr'>super</span> <span class='ocrx_word' id='word_1_330' title='bbox 297 4605 486 4661; x_wconf 84' lang='lat' dir='ltr'>collationibus</span> <span class='ocrx_word' id='word_1_331' title='bbox 499 4605 686 4661; x_wconf 85' lang='lat' dir='ltr'>beneficiorum</span> <span class='ocrx_word' id='word_1_332' title='bbox 700 4607 795 4664; x_wconf 85' lang='lat' dir='ltr'>dantur</span> <span class='ocrx_word' id='word_1_333' title='bbox 810 4627 850 4664; x_wconf 89' lang='lat' dir='ltr'>arn</span> <span class='ocrx_word' id='word_1_334' title='bbox 864 4610 953 4666; x_wconf 81' lang='lat' dir='ltr'>llande</span> <span class='ocrx_word' id='word_1_335' title='bbox 963 4613 993 4667; x_wconf 88' lang='lat' dir='ltr'>V.</span> <span class='ocrx_word' id='word_1_336' title='bbox 1003 4612 1038 4685; x_wconf 84' lang='lat' dir='ltr'>f)</span> <span class='ocrx_word' id='word_1_337' title='bbox 1051 4613 1119 4670; x_wconf 87' lang='lat' dir='ltr'>Dist.</span> <span class='ocrx_word' id='word_1_338' title='bbox 1132 4615 1173 4669; x_wconf 78' lang='lat' dir='ltr'>Vl.</span> <span class='ocrx_word' id='word_1_339' title='bbox 1187 4615 1216 4670; x_wconf 88' lang='lat' dir='ltr'>V.</span> <span class='ocrx_word' id='word_1_340' title='bbox 1228 4646 1256 4655; x_wconf 87' lang='lat'>-</span> <span class='ocrx_word' id='word_1_341' title='bbox 1263 4615 1298 4688; x_wconf 79' lang='lat' dir='ltr'>p)</span> <span class='ocrx_word' id='word_1_342' title='bbox 1313 4614 1336 4671; x_wconf 83' lang='lat' dir='ltr'>si</span> 
     </span>
     <span class='ocr_line' id='line_1_36' title="bbox 144 4693 726 4767; baseline 0.015 -22"><span class='ocrx_word' id='word_1_343' title='bbox 144 4693 201 4748; x_wconf 82' lang='lat' dir='ltr'>fehlt</span> <span class='ocrx_word' id='word_1_344' title='bbox 216 4698 245 4751; x_wconf 86' lang='lat' dir='ltr'>V.</span> <span class='ocrx_word' id='word_1_345' title='bbox 262 4728 290 4736; x_wconf 84' lang='lat'>-—</span> <span class='ocrx_word' id='word_1_346' title='bbox 305 4696 340 4758; x_wconf 77' lang='lat' dir='ltr'>h)</span> <span class='ocrx_word' id='word_1_347' title='bbox 357 4697 378 4748; x_wconf 73' lang='lat' dir='ltr'>si</span> <span class='ocrx_word' id='word_1_348' title='bbox 392 4696 421 4750; x_wconf 85' lang='lat' dir='ltr'>V.</span> <span class='ocrx_word' id='word_1_349' title='bbox 439 4729 467 4738; x_wconf 92' lang='lat'>-</span> <span class='ocrx_word' id='word_1_350' title='bbox 483 4697 511 4767; x_wconf 79' lang='lat' dir='ltr'>i)</span> <span class='ocrx_word' id='word_1_351' title='bbox 525 4700 683 4754; x_wconf 83' lang='lat' dir='ltr'>constitutio</span> <span class='ocrx_word' id='word_1_352' title='bbox 697 4702 726 4756; x_wconf 88' lang='lat' dir='ltr'>V.</span> 
     </span>
     <span class='ocr_line' id='line_1_37' title="bbox 195 4795 1110 4846; baseline 0.002 -2"><span class='ocrx_word' id='word_1_353' title='bbox 195 4797 289 4845; x_wconf 84' lang='lat' dir='ltr'>l&#39;oates.</span> <span class='ocrx_word' id='word_1_354' title='bbox 302 4799 371 4845; x_wconf 79' lang='lat' dir='ltr'>astu.</span> <span class='ocrx_word' id='word_1_355' title='bbox 383 4800 411 4844; x_wconf 90' lang='lat' dir='ltr'>ll.</span> <span class='ocrx_word' id='word_1_356' title='bbox 423 4799 463 4844; x_wconf 79' lang='lat' dir='ltr'>Brl.</span> <span class='ocrx_word' id='word_1_357' title='bbox 475 4800 543 4845; x_wconf 75' lang='lat' dir='ltr'>XXV.</span> <span class='ocrx_word' id='word_1_358' title='bbox 1093 4795 1110 4846; x_wconf 88' lang='grc'><strong>3</strong></span> 
     </span>
    </p>
   </div>
   <div class='ocr_carea' id='block_1_6' title="bbox 0 0 1610 5392">
    <p class='ocr_par' dir='ltr' id='par_1_7' title="bbox 0 0 1610 5392">
     <span class='ocr_line' id='line_1_38' title="bbox 0 0 1610 5392; baseline 0 2"><span class='ocrx_word' id='word_1_359' title='bbox 0 0 1610 5392; x_wconf 95' lang='lat' dir='ltr'> </span> 
     </span>
    </p>
   </div>
  </div>
 </body>
</html>
