<?xml version="1.0" encoding="UTF-8"?>
<!DOCTYPE html PUBLIC "-//W3C//DTD XHTML 1.0 Transitional//EN"
    "http://www.w3.org/TR/xhtml1/DTD/xhtml1-transitional.dtd">
<html xmlns="http://www.w3.org/1999/xhtml" xml:lang="en" lang="en">
 <head>
  <title>
</title>
<meta http-equiv="Content-Type" content="text/html;charset=utf-8" />
  <meta name='ocr-system' content='tesseract 3.04.00' />
  <meta name='ocr-capabilities' content='ocr_page ocr_carea ocr_par ocr_line ocrx_word'/>
</head>
<body>
  <div class='ocr_page' id='page_1' title='image "./fontesrerumaust00unkngoog_0085.png"; bbox 0 0 3209 5392; ppageno 0'>
   <div class='ocr_carea' id='block_1_1' title="bbox 707 738 1038 820">
    <p class='ocr_par' dir='ltr' id='par_1_1' title="bbox 707 738 1038 820">
     <span class='ocr_line' id='line_1_1' title="bbox 707 738 1038 820; baseline -0.003 -20"><span class='ocrx_word' id='word_1_1' title='bbox 707 740 809 800; x_wconf 81' lang='lat' dir='ltr'>larua</span> <span class='ocrx_word' id='word_1_2' title='bbox 825 738 1038 820; x_wconf 79' lang='lat' dir='ltr'>inquisitionis.</span> 
     </span>
    </p>
   </div>
   <div class='ocr_carea' id='block_1_2' title="bbox 251 890 1555 3900">
    <p class='ocr_par' dir='ltr' id='par_1_2' title="bbox 251 890 1555 3900">
     <span class='ocr_line' id='line_1_2' title="bbox 278 890 1461 980; baseline 0 -20"><span class='ocrx_word' id='word_1_3' title='bbox 278 890 279 895; x_wconf 34' lang='lat'>¹</span> <span class='ocrx_word' id='word_1_4' title='bbox 373 897 538 980; x_wconf 80' lang='lat' dir='ltr'>Gregorius</span> <span class='ocrx_word' id='word_1_5' title='bbox 555 918 601 980; x_wconf 93' lang='lat' dir='ltr'>ep.</span> <span class='ocrx_word' id='word_1_6' title='bbox 621 917 724 960; x_wconf 88' lang='lat' dir='ltr'>servus</span> <span class='ocrx_word' id='word_1_7' title='bbox 753 917 907 961; x_wconf 83' lang='lat' dir='ltr'>servorum</span> <span class='ocrx_word' id='word_1_8' title='bbox 935 897 992 960; x_wconf 91' lang='lat' dir='ltr'>Dei</span> <span class='ocrx_word' id='word_1_9' title='bbox 1021 898 1131 960; x_wconf 89' lang='lat' dir='ltr'>dilecto</span> <span class='ocrx_word' id='word_1_10' title='bbox 1160 897 1190 960; x_wconf 94' lang='lat' dir='ltr'>in</span> <span class='ocrx_word' id='word_1_11' title='bbox 1211 899 1282 963; x_wconf 85' lang='lat' dir='ltr'>Cbr.</span> <span class='ocrx_word' id='word_1_12' title='bbox 1313 899 1372 963; x_wconf 85' lang='lat' dir='ltr'>tilio</span> <span class='ocrx_word' id='word_1_13' title='bbox 1399 897 1461 962; x_wconf 87' lang='lat' dir='ltr'>talis</span> 
     </span>
     <span class='ocr_line' id='line_1_3' title="bbox 282 1005 1463 1092; baseline 0.003 -25"><span class='ocrx_word' id='word_1_14' title='bbox 282 1005 410 1068; x_wconf 74' lang='lat' dir='ltr'>ecclesie</span> <span class='ocrx_word' id='word_1_15' title='bbox 433 1008 574 1090; x_wconf 90' lang='lat' dir='ltr'>episcopo</span> <span class='ocrx_word' id='word_1_16' title='bbox 592 1007 631 1092; x_wconf 80' lang='lat' dir='ltr'>a)</span> <span class='ocrx_word' id='word_1_17' title='bbox 648 1012 705 1068; x_wconf 90' lang='lat' dir='ltr'>etc.</span> <span class='ocrx_word' id='word_1_18' title='bbox 738 1007 888 1087; x_wconf 79' lang='lat' dir='ltr'>Egressus</span> <span class='ocrx_word' id='word_1_19' title='bbox 911 1027 928 1069; x_wconf 94' lang='lat' dir='ltr'>a</span> <span class='ocrx_word' id='word_1_20' title='bbox 949 1007 1027 1069; x_wconf 83' lang='lat' dir='ltr'>facie</span> <span class='ocrx_word' id='word_1_21' title='bbox 1044 1007 1161 1070; x_wconf 85' lang='lat' dir='ltr'>Domini</span> <span class='ocrx_word' id='word_1_22' title='bbox 1185 1009 1291 1071; x_wconf 87' lang='lat' dir='ltr'>sathan</span> <span class='ocrx_word' id='word_1_23' title='bbox 1313 1009 1352 1071; x_wconf 91' lang='lat' dir='ltr'>ad</span> <span class='ocrx_word' id='word_1_24' title='bbox 1378 1008 1463 1071; x_wconf 85' lang='lat' dir='ltr'>fortia</span> 
     </span>
     <span class='ocr_line' id='line_1_4' title="bbox 281 1108 1463 1200; baseline 0.001 -22"><span class='ocrx_word' id='word_1_25' title='bbox 281 1135 398 1185; x_wconf 88' lang='lat' dir='ltr'>manum</span> <span class='ocrx_word' id='word_1_26' title='bbox 425 1116 514 1180; x_wconf 88' lang='lat' dir='ltr'>mittit</span> <span class='ocrx_word' id='word_1_27' title='bbox 540 1115 759 1178; x_wconf 74' lang='lat' dir='ltr'>maledictionis</span> <span class='ocrx_word' id='word_1_28' title='bbox 787 1136 852 1187; x_wconf 91' lang='lat' dir='ltr'>sue,</span> <span class='ocrx_word' id='word_1_29' title='bbox 880 1108 1043 1197; x_wconf 75' lang='lat' dir='ltr'>participes</span> <span class='ocrx_word' id='word_1_30' title='bbox 1063 1115 1197 1179; x_wconf 81' lang='lat' dir='ltr'>alliciens</span> <span class='ocrx_word' id='word_1_31' title='bbox 1224 1119 1357 1200; x_wconf 90' lang='lat' dir='ltr'>prelatos</span> <span class='ocrx_word' id='word_1_32' title='bbox 1379 1116 1463 1180; x_wconf 90' lang='lat' dir='ltr'>hodie</span> 
     </span>
     <span class='ocr_line' id='line_1_5' title="bbox 279 1223 1464 1307; baseline 0.002 -22"><span class='ocrx_word' id='word_1_33' title='bbox 279 1223 420 1296; x_wconf 86' lang='lat' dir='ltr'>ecclesie,</span> <span class='ocrx_word' id='word_1_34' title='bbox 437 1225 468 1287; x_wconf 89' lang='lat' dir='ltr'>in</span> <span class='ocrx_word' id='word_1_35' title='bbox 490 1243 615 1306; x_wconf 91' lang='lat' dir='ltr'>quorum</span> <span class='ocrx_word' id='word_1_36' title='bbox 629 1223 798 1305; x_wconf 80' lang='lat' dir='ltr'>perditione</span> <span class='ocrx_word' id='word_1_37' title='bbox 816 1223 896 1285; x_wconf 91' lang='lat' dir='ltr'>salus</span> <span class='ocrx_word' id='word_1_38' title='bbox 912 1224 1070 1286; x_wconf 92' lang='lat' dir='ltr'>multorum</span> <span class='ocrx_word' id='word_1_39' title='bbox 1085 1224 1231 1305; x_wconf 89' lang='lat' dir='ltr'>perditur,</span> <span class='ocrx_word' id='word_1_40' title='bbox 1254 1245 1331 1307; x_wconf 89' lang='lat' dir='ltr'>quos</span> <span class='ocrx_word' id='word_1_41' title='bbox 1354 1226 1464 1289; x_wconf 89' lang='lat' dir='ltr'>salvare</span> 
     </span>
     <span class='ocr_line' id='line_1_6' title="bbox 280 1331 1465 1415; baseline -0.003 -19"><span class='ocrx_word' id='word_1_42' title='bbox 280 1334 445 1398; x_wconf 80' lang='lat' dir='ltr'>debuerant</span> <span class='ocrx_word' id='word_1_43' title='bbox 460 1332 551 1396; x_wconf 88' lang='lat' dir='ltr'>verbo</span> <span class='ocrx_word' id='word_1_44' title='bbox 567 1331 679 1415; x_wconf 84' lang='lat' dir='ltr'>pariter</span> <span class='ocrx_word' id='word_1_45' title='bbox 695 1338 725 1395; x_wconf 91' lang='lat' dir='ltr'>et</span> <span class='ocrx_word' id='word_1_46' title='bbox 742 1333 886 1413; x_wconf 80' lang='lat' dir='ltr'>exemplo,</span> <span class='ocrx_word' id='word_1_47' title='bbox 903 1332 991 1394; x_wconf 93' lang='lat' dir='ltr'>immo</span> <span class='ocrx_word' id='word_1_48' title='bbox 1007 1332 1178 1414; x_wconf 88' lang='lat' dir='ltr'>procaciter</span> <span class='ocrx_word' id='word_1_49' title='bbox 1192 1332 1278 1395; x_wconf 82' lang='lat' dir='ltr'>viciis</span> <span class='ocrx_word' id='word_1_50' title='bbox 1295 1333 1465 1396; x_wconf 88' lang='lat' dir='ltr'>inherentes</span> 
     </span>
     <span class='ocr_line' id='line_1_7' title="bbox 274 1440 1464 1523; baseline -0.001 -19"><span class='ocrx_word' id='word_1_51' title='bbox 274 1443 313 1504; x_wconf 87' lang='lat' dir='ltr'>ad</span> <span class='ocrx_word' id='word_1_52' title='bbox 342 1462 395 1504; x_wconf 88' lang='lat' dir='ltr'>sua</span> <span class='ocrx_word' id='word_1_53' title='bbox 423 1440 560 1505; x_wconf 74' lang='lat' dir='ltr'>conversi</span> <span class='ocrx_word' id='word_1_54' title='bbox 587 1440 738 1504; x_wconf 86' lang='lat' dir='ltr'>desideria</span> <span class='ocrx_word' id='word_1_55' title='bbox 753 1440 958 1523; x_wconf 84' lang='lat' dir='ltr'>thesaurizant</span> <span class='ocrx_word' id='word_1_56' title='bbox 985 1440 1113 1504; x_wconf 89' lang='lat' dir='ltr'>subditis</span> <span class='ocrx_word' id='word_1_57' title='bbox 1141 1440 1203 1502; x_wconf 89' lang='lat' dir='ltr'>suis</span> <span class='ocrx_word' id='word_1_58' title='bbox 1231 1442 1322 1514; x_wconf 85' lang='lat' dir='ltr'>mala,</span> <span class='ocrx_word' id='word_1_59' title='bbox 1352 1447 1383 1504; x_wconf 89' lang='lat' dir='ltr'>et</span> <span class='ocrx_word' id='word_1_60' title='bbox 1412 1462 1464 1523; x_wconf 91' lang='lat' dir='ltr'>per</span> 
     </span>
     <span class='ocr_line' id='line_1_8' title="bbox 278 1547 1464 1632; baseline -0.003 -19"><span class='ocrx_word' id='word_1_61' title='bbox 278 1550 495 1613; x_wconf 81' lang='lat' dir='ltr'>delectationes</span> <span class='ocrx_word' id='word_1_62' title='bbox 532 1550 714 1632; x_wconf 87' lang='lat' dir='ltr'>voluptatum</span> <span class='ocrx_word' id='word_1_63' title='bbox 753 1547 937 1612; x_wconf 86' lang='lat' dir='ltr'>lubricarum</span> <span class='ocrx_word' id='word_1_64' title='bbox 974 1549 1011 1611; x_wconf 89' lang='lat' dir='ltr'>ad</span> <span class='ocrx_word' id='word_1_65' title='bbox 1048 1568 1172 1630; x_wconf 82' lang='lat' dir='ltr'>gressus</span> <span class='ocrx_word' id='word_1_66' title='bbox 1208 1550 1406 1631; x_wconf 81' lang='lat' dir='ltr'>retrogradus</span> <span class='ocrx_word' id='word_1_67' title='bbox 1428 1548 1464 1632; x_wconf 76' lang='lat' dir='ltr'>b)</span> 
     </span>
     <span class='ocr_line' id='line_1_9' title="bbox 277 1640 1555 1745; baseline -0.002 -23"><span class='ocrx_word' id='word_1_68' title='bbox 277 1663 502 1730; x_wconf 78' lang='lat' dir='ltr'>convertuntur.</span> <span class='ocrx_word' id='word_1_69' title='bbox 537 1658 599 1722; x_wconf 89' lang='lat' dir='ltr'>Sed</span> <span class='ocrx_word' id='word_1_70' title='bbox 621 1657 760 1740; x_wconf 90' lang='lat' dir='ltr'>quoniam</span> <span class='ocrx_word' id='word_1_71' title='bbox 787 1663 921 1720; x_wconf 89' lang='lat' dir='ltr'>nostrum</span> <span class='ocrx_word' id='word_1_72' title='bbox 938 1658 977 1745; x_wconf 67' lang='grc' dir='ltr'>ο)</span> <span class='ocrx_word' id='word_1_73' title='bbox 993 1640 1120 1721; x_wconf 86' lang='lat' dir='ltr'>interest</span> <span class='ocrx_word' id='word_1_74' title='bbox 1136 1664 1271 1721; x_wconf 87' lang='lat' dir='ltr'>errantes</span> <span class='ocrx_word' id='word_1_75' title='bbox 1301 1658 1464 1740; x_wconf 86' lang='lat' dir='ltr'>corrigere,</span> <span class='ocrx_word' id='word_1_76' title='bbox 1551 1670 1555 1680; x_wconf 84' lang='lat'>&#39;</span> 
     </span>
     <span class='ocr_line' id='line_1_10' title="bbox 277 1765 1465 1850; baseline -0.001 -22"><span class='ocrx_word' id='word_1_77' title='bbox 277 1767 327 1850; x_wconf 86' lang='lat' dir='ltr'>qui</span> <span class='ocrx_word' id='word_1_78' title='bbox 344 1788 379 1830; x_wconf 83' lang='lat' dir='ltr'>ex</span> <span class='ocrx_word' id='word_1_79' title='bbox 396 1766 496 1830; x_wconf 89' lang='lat' dir='ltr'>debito</span> <span class='ocrx_word' id='word_1_80' title='bbox 513 1765 603 1829; x_wconf 81' lang='lat' dir='ltr'>oflicii</span> <span class='ocrx_word' id='word_1_81' title='bbox 626 1765 784 1847; x_wconf 87' lang='lat' dir='ltr'>pastoralis</span> <span class='ocrx_word' id='word_1_82' title='bbox 813 1786 885 1829; x_wconf 86' lang='lat' dir='ltr'>oves</span> <span class='ocrx_word' id='word_1_83' title='bbox 913 1766 952 1828; x_wconf 87' lang='lat' dir='ltr'>ad</span> <span class='ocrx_word' id='word_1_84' title='bbox 974 1767 1088 1830; x_wconf 90' lang='lat' dir='ltr'>caulam</span> <span class='ocrx_word' id='word_1_85' title='bbox 1105 1767 1145 1850; x_wconf 80' lang='lat' dir='ltr'>d]</span> <span class='ocrx_word' id='word_1_86' title='bbox 1163 1773 1300 1830; x_wconf 89' lang='lat' dir='ltr'>tenemur</span> <span class='ocrx_word' id='word_1_87' title='bbox 1322 1766 1465 1831; x_wconf 89' lang='lat' dir='ltr'>reducere</span> 
     </span>
     <span class='ocr_line' id='line_1_11' title="bbox 277 1874 1466 1956; baseline -0.001 -18"><span class='ocrx_word' id='word_1_88' title='bbox 277 1876 581 1947; x_wconf 83' lang='lat' dir='ltr'>deviantes,rolumus</span> <span class='ocrx_word' id='word_1_89' title='bbox 597 1875 778 1956; x_wconf 90' lang='lat' dir='ltr'>corruptioni</span> <span class='ocrx_word' id='word_1_90' title='bbox 790 1874 923 1956; x_wconf 79' lang='lat' dir='ltr'>proxima</span> <span class='ocrx_word' id='word_1_91' title='bbox 935 1875 1293 1955; x_wconf 80' lang='lat' dir='ltr'>mambrae)absciderc‚</span> <span class='ocrx_word' id='word_1_92' title='bbox 1311 1897 1350 1938; x_wconf 93' lang='lat' dir='ltr'>ne</span> <span class='ocrx_word' id='word_1_93' title='bbox 1368 1895 1466 1937; x_wconf 90' lang='lat' dir='ltr'>eorum</span> 
     </span>
     <span class='ocr_line' id='line_1_12' title="bbox 272 1980 1465 2067; baseline -0.003 -19"><span class='ocrx_word' id='word_1_94' title='bbox 272 1980 400 2066; x_wconf 89' lang='lat' dir='ltr'>putredo</span> <span class='ocrx_word' id='word_1_95' title='bbox 417 1983 618 2067; x_wconf 89' lang='lat' dir='ltr'>corruptibilis</span> <span class='ocrx_word' id='word_1_96' title='bbox 634 1984 764 2047; x_wconf 91' lang='lat' dir='ltr'>nondum</span> <span class='ocrx_word' id='word_1_97' title='bbox 780 1988 937 2065; x_wconf 87' lang='lat' dir='ltr'>corruptos</span> <span class='ocrx_word' id='word_1_98' title='bbox 954 1982 1076 2055; x_wconf 88' lang='lat' dir='ltr'>inficiat,</span> <span class='ocrx_word' id='word_1_99' title='bbox 1090 1990 1120 2048; x_wconf 93' lang='lat' dir='ltr'>et</span> <span class='ocrx_word' id='word_1_100' title='bbox 1131 1983 1290 2048; x_wconf 84' lang='lat' dir='ltr'>inficiendo</span> <span class='ocrx_word' id='word_1_101' title='bbox 1308 1983 1465 2047; x_wconf 86' lang='lat' dir='ltr'>interliciat</span> 
     </span>
     <span class='ocr_line' id='line_1_13' title="bbox 274 2090 1463 2175; baseline -0.003 -20"><span class='ocrx_word' id='word_1_102' title='bbox 274 2093 387 2156; x_wconf 90' lang='lat' dir='ltr'>animas</span> <span class='ocrx_word' id='word_1_103' title='bbox 424 2093 634 2156; x_wconf 90' lang='lat' dir='ltr'>innocentium.</span> <span class='ocrx_word' id='word_1_104' title='bbox 674 2091 747 2155; x_wconf 89' lang='lat' dir='ltr'>Cum</span> <span class='ocrx_word' id='word_1_105' title='bbox 782 2090 875 2172; x_wconf 85' lang='lat' dir='ltr'>igitur</span> <span class='ocrx_word' id='word_1_106' title='bbox 911 2092 1011 2174; x_wconf 86' lang='lat' dir='ltr'>gravis</span> <span class='ocrx_word' id='word_1_107' title='bbox 1044 2099 1075 2156; x_wconf 93' lang='lat' dir='ltr'>et</span> <span class='ocrx_word' id='word_1_108' title='bbox 1106 2093 1248 2164; x_wconf 89' lang='lat' dir='ltr'>enormis,</span> <span class='ocrx_word' id='word_1_109' title='bbox 1279 2093 1463 2175; x_wconf 89' lang='lat' dir='ltr'>precedente</span> 
     </span>
     <span class='ocr_line' id='line_1_14' title="bbox 275 2200 1463 2282; baseline -0.003 -18"><span class='ocrx_word' id='word_1_110' title='bbox 275 2203 405 2266; x_wconf 88' lang='lat' dir='ltr'>clamosa</span> <span class='ocrx_word' id='word_1_111' title='bbox 426 2202 634 2273; x_wconf 86' lang='lat' dir='ltr'>insinuatione,</span> <span class='ocrx_word' id='word_1_112' title='bbox 651 2220 741 2282; x_wconf 91' lang='lat' dir='ltr'>super</span> <span class='ocrx_word' id='word_1_113' title='bbox 758 2200 969 2282; x_wconf 88' lang='lat' dir='ltr'>dilapidatione</span> <span class='ocrx_word' id='word_1_114' title='bbox 987 2207 1018 2264; x_wconf 92' lang='lat' dir='ltr'>ct</span> <span class='ocrx_word' id='word_1_115' title='bbox 1032 2201 1246 2265; x_wconf 85' lang='lat' dir='ltr'>incontinentia</span> <span class='ocrx_word' id='word_1_116' title='bbox 1262 2201 1331 2264; x_wconf 88' lang='lat' dir='ltr'>talis</span> <span class='ocrx_word' id='word_1_117' title='bbox 1350 2200 1463 2264; x_wconf 89' lang='lat' dir='ltr'>abbatis</span> 
     </span>
     <span class='ocr_line' id='line_1_15' title="bbox 272 2300 1464 2393; baseline -0.004 -19"><span class='ocrx_word' id='word_1_118' title='bbox 272 2315 322 2374; x_wconf 90' lang='lat' dir='ltr'>tue</span> <span class='ocrx_word' id='word_1_119' title='bbox 350 2311 488 2393; x_wconf 82' lang='lat' dir='ltr'>dyocesis</span> <span class='ocrx_word' id='word_1_120' title='bbox 505 2310 544 2372; x_wconf 92' lang='lat' dir='ltr'>ad</span> <span class='ocrx_word' id='word_1_121' title='bbox 559 2330 614 2372; x_wconf 91' lang='lat' dir='ltr'>nos</span> <span class='ocrx_word' id='word_1_122' title='bbox 638 2300 745 2372; x_wconf 85' lang='lat' dir='ltr'>crebro</span> <span class='ocrx_word' id='word_1_123' title='bbox 774 2309 960 2391; x_wconf 86' lang='lat' dir='ltr'>querimonia</span> <span class='ocrx_word' id='word_1_124' title='bbox 988 2309 1177 2382; x_wconf 85' lang='lat' dir='ltr'>devolvatur,</span> <span class='ocrx_word' id='word_1_125' title='bbox 1207 2310 1247 2372; x_wconf 90' lang='lat' dir='ltr'>ita</span> <span class='ocrx_word' id='word_1_126' title='bbox 1275 2310 1358 2393; x_wconf 90' lang='lat' dir='ltr'>quod</span> <span class='ocrx_word' id='word_1_127' title='bbox 1387 2309 1464 2370; x_wconf 80' lang='lat' dir='ltr'>salva</span> 
     </span>
     <span class='ocr_line' id='line_1_16' title="bbox 273 2418 1462 2501; baseline -0.002 -20"><span class='ocrx_word' id='word_1_128' title='bbox 273 2420 457 2483; x_wconf 88' lang='lat' dir='ltr'>conscientia</span> <span class='ocrx_word' id='word_1_129' title='bbox 472 2419 569 2501; x_wconf 89' lang='lat' dir='ltr'>ipsam</span> <span class='ocrx_word' id='word_1_130' title='bbox 591 2419 681 2481; x_wconf 88' lang='lat' dir='ltr'>surda</span> <span class='ocrx_word' id='word_1_131' title='bbox 702 2438 773 2480; x_wconf 92' lang='lat' dir='ltr'>aure</span> <span class='ocrx_word' id='word_1_132' title='bbox 795 2418 925 2482; x_wconf 88' lang='lat' dir='ltr'>transire</span> <span class='ocrx_word' id='word_1_133' title='bbox 948 2439 1007 2481; x_wconf 91' lang='lat' dir='ltr'>non</span> <span class='ocrx_word' id='word_1_134' title='bbox 1023 2440 1193 2501; x_wconf 89' lang='lat' dir='ltr'>possumus,</span> <span class='ocrx_word' id='word_1_135' title='bbox 1216 2418 1399 2482; x_wconf 83' lang='lat' dir='ltr'>fraternitati</span> <span class='ocrx_word' id='word_1_136' title='bbox 1414 2423 1462 2480; x_wconf 89' lang='lat' dir='ltr'>tue</span> 
     </span>
     <span class='ocr_line' id='line_1_17' title="bbox 274 2527 1462 2612; baseline -0.003 -22"><span class='ocrx_word' id='word_1_137' title='bbox 274 2548 329 2611; x_wconf 90' lang='lat' dir='ltr'>per</span> <span class='ocrx_word' id='word_1_138' title='bbox 356 2529 520 2611; x_wconf 85' lang='lat' dir='ltr'>apostolica</span> <span class='ocrx_word' id='word_1_139' title='bbox 547 2527 659 2610; x_wconf 85' lang='lat' dir='ltr'>scripta</span> <span class='ocrx_word' id='word_1_140' title='bbox 685 2527 859 2591; x_wconf 89' lang='lat' dir='ltr'>mandamus</span> <span class='ocrx_word' id='word_1_141' title='bbox 888 2535 917 2591; x_wconf 91' lang='lat' dir='ltr'>et</span> <span class='ocrx_word' id='word_1_142' title='bbox 945 2529 1079 2593; x_wconf 91' lang='lat' dir='ltr'>districte</span> <span class='ocrx_word' id='word_1_143' title='bbox 1094 2529 1288 2612; x_wconf 86' lang='lat' dir='ltr'>precipimus,</span> <span class='ocrx_word' id='word_1_144' title='bbox 1319 2535 1462 2611; x_wconf 87' lang='lat' dir='ltr'>quatenus</span> 
     </span>
     <span class='ocr_line' id='line_1_18' title="bbox 272 2634 1460 2719; baseline -0.003 -21"><span class='ocrx_word' id='word_1_145' title='bbox 272 2635 432 2717; x_wconf 83' lang='lat' dir='ltr'>assumptis</span> <span class='ocrx_word' id='word_1_146' title='bbox 460 2635 517 2698; x_wconf 91' lang='lat' dir='ltr'>biis</span> <span class='ocrx_word' id='word_1_147' title='bbox 547 2655 621 2718; x_wconf 86' lang='lat' dir='ltr'>quos</span> <span class='ocrx_word' id='word_1_148' title='bbox 648 2634 759 2698; x_wconf 81' lang='lat' dir='ltr'>rideris</span> <span class='ocrx_word' id='word_1_149' title='bbox 788 2636 1001 2708; x_wconf 88' lang='lat' dir='ltr'>assumendos,</span> <span class='ocrx_word' id='word_1_150' title='bbox 1029 2657 1082 2699; x_wconf 91' lang='lat' dir='ltr'>eos</span> <span class='ocrx_word' id='word_1_151' title='bbox 1103 2636 1259 2708; x_wconf 88' lang='lat' dir='ltr'>videlicet,</span> <span class='ocrx_word' id='word_1_152' title='bbox 1282 2657 1359 2719; x_wconf 89' lang='lat' dir='ltr'>quos</span> <span class='ocrx_word' id='word_1_153' title='bbox 1382 2635 1460 2698; x_wconf 86' lang='lat' dir='ltr'>zelus</span> 
     </span>
     <span class='ocr_line' id='line_1_19' title="bbox 272 2734 1461 2827; baseline 0.005 -21"><span class='ocrx_word' id='word_1_154' title='bbox 272 2742 403 2806; x_wconf 89' lang='lat' dir='ltr'>comedit</span> <span class='ocrx_word' id='word_1_155' title='bbox 419 2742 523 2806; x_wconf 92' lang='lat' dir='ltr'>domus</span> <span class='ocrx_word' id='word_1_156' title='bbox 538 2743 606 2814; x_wconf 89' lang='lat' dir='ltr'>Dei,</span> <span class='ocrx_word' id='word_1_157' title='bbox 623 2743 661 2805; x_wconf 91' lang='lat' dir='ltr'>ad</span> <span class='ocrx_word' id='word_1_158' title='bbox 676 2744 774 2805; x_wconf 90' lang='lat' dir='ltr'>locum</span> <span class='ocrx_word' id='word_1_159' title='bbox 789 2743 989 2824; x_wconf 88' lang='lat' dir='ltr'>personaliter</span> <span class='ocrx_word' id='word_1_160' title='bbox 1005 2734 1133 2807; x_wconf 80' lang='lat' dir='ltr'>accedas</span> <span class='ocrx_word' id='word_1_161' title='bbox 1151 2751 1181 2808; x_wconf 91' lang='lat' dir='ltr'>et</span> <span class='ocrx_word' id='word_1_162' title='bbox 1196 2765 1251 2826; x_wconf 89' lang='lat' dir='ltr'>per</span> <span class='ocrx_word' id='word_1_163' title='bbox 1268 2745 1414 2827; x_wconf 89' lang='lat' dir='ltr'>scriptum</span> <span class='ocrx_word' id='word_1_164' title='bbox 1425 2740 1461 2825; x_wconf 80' lang='lat' dir='ltr'>f)</span> 
     </span>
     <span class='ocr_line' id='line_1_20' title="bbox 270 2850 1460 2936; baseline -0.002 -24"><span class='ocrx_word' id='word_1_165' title='bbox 270 2850 343 2916; x_wconf 91' lang='lat' dir='ltr'>iuris</span> <span class='ocrx_word' id='word_1_166' title='bbox 372 2851 506 2916; x_wconf 90' lang='lat' dir='ltr'>ordinem</span> <span class='ocrx_word' id='word_1_167' title='bbox 532 2851 563 2913; x_wconf 91' lang='lat' dir='ltr'>in</span> <span class='ocrx_word' id='word_1_168' title='bbox 590 2851 678 2914; x_wconf 93' lang='lat' dir='ltr'>modo</span> <span class='ocrx_word' id='word_1_169' title='bbox 701 2851 802 2914; x_wconf 90' lang='lat' dir='ltr'>debito</span> <span class='ocrx_word' id='word_1_170' title='bbox 825 2851 958 2936; x_wconf 88' lang='lat' dir='ltr'>inquiras</span> <span class='ocrx_word' id='word_1_171' title='bbox 988 2852 1025 2914; x_wconf 91' lang='lat' dir='ltr'>de</span> <span class='ocrx_word' id='word_1_172' title='bbox 1050 2852 1206 2933; x_wconf 89' lang='lat' dir='ltr'>premissis</span> <span class='ocrx_word' id='word_1_173' title='bbox 1234 2852 1460 2935; x_wconf 90' lang='lat' dir='ltr'>diligentissime</span> 
     </span>
     <span class='ocr_line' id='line_1_21' title="bbox 269 2960 1456 3045; baseline -0.001 -23"><span class='ocrx_word' id='word_1_174' title='bbox 269 2960 437 3033; x_wconf 82' lang='lat' dir='ltr'>veritatem,</span> <span class='ocrx_word' id='word_1_175' title='bbox 453 2961 606 3024; x_wconf 79' lang='lat' dir='ltr'>advocatis</span> <span class='ocrx_word' id='word_1_176' title='bbox 634 2961 664 3023; x_wconf 93' lang='lat' dir='ltr'>in</span> <span class='ocrx_word' id='word_1_177' title='bbox 691 2960 910 3033; x_wconf 90' lang='lat' dir='ltr'>testimonium,</span> <span class='ocrx_word' id='word_1_178' title='bbox 940 2981 1014 3045; x_wconf 90' lang='lat' dir='ltr'>quos</span> <span class='ocrx_word' id='word_1_179' title='bbox 1036 2961 1109 3024; x_wconf 92' lang='lat' dir='ltr'>iuris</span> <span class='ocrx_word' id='word_1_180' title='bbox 1132 2963 1288 3026; x_wconf 89' lang='lat' dir='ltr'>consuevit</span> <span class='ocrx_word' id='word_1_181' title='bbox 1311 2961 1456 3025; x_wconf 86' lang='lat' dir='ltr'>severitas</span> 
     </span>
     <span class='ocr_line' id='line_1_22' title="bbox 272 3052 1459 3153; baseline -0.001 -21"><span class='ocrx_word' id='word_1_182' title='bbox 272 3090 409 3146; x_wconf 87' lang='lat' dir='ltr'>evocare.</span> <span class='ocrx_word' id='word_1_183' title='bbox 441 3070 479 3132; x_wconf 83' lang='lat' dir='ltr'>Et</span> <span class='ocrx_word' id='word_1_184' title='bbox 495 3070 521 3130; x_wconf 90' lang='lat' dir='ltr'>si</span> <span class='ocrx_word' id='word_1_185' title='bbox 537 3069 688 3132; x_wconf 83' lang='lat' dir='ltr'>inveneris</span> <span class='ocrx_word' id='word_1_186' title='bbox 706 3052 818 3132; x_wconf 84' lang='lat' dir='ltr'>dictum</span> <span class='ocrx_word' id='word_1_187' title='bbox 833 3069 972 3133; x_wconf 88' lang='lat' dir='ltr'>abbatem</span> <span class='ocrx_word' id='word_1_188' title='bbox 988 3070 1200 3152; x_wconf 86' lang='lat' dir='ltr'>dilapidatione</span> <span class='ocrx_word' id='word_1_189' title='bbox 1217 3070 1396 3153; x_wconf 90' lang='lat' dir='ltr'>culpabilem</span> <span class='ocrx_word' id='word_1_190' title='bbox 1411 3075 1459 3133; x_wconf 87' lang='lat' dir='ltr'>aut</span> 
     </span>
     <span class='ocr_line' id='line_1_23' title="bbox 251 3178 1458 3255; baseline 0 -13"><span class='ocrx_word' id='word_1_191' title='bbox 251 3178 255 3185; x_wconf 78' lang='grc'><strong>’</strong></span> <span class='ocrx_word' id='word_1_192' title='bbox 272 3202 308 3242; x_wconf 82' lang='lat' dir='ltr'>ex</span> <span class='ocrx_word' id='word_1_193' title='bbox 324 3180 490 3255; x_wconf 81' lang='lat' dir='ltr'>assertione</span> <span class='ocrx_word' id='word_1_194' title='bbox 508 3182 628 3243; x_wconf 91' lang='lat' dir='ltr'>testium</span> <span class='ocrx_word' id='word_1_195' title='bbox 641 3187 691 3243; x_wconf 90' lang='lat' dir='ltr'>aut</span> <span class='ocrx_word' id='word_1_196' title='bbox 704 3201 739 3241; x_wconf 83' lang='lat' dir='ltr'>ex</span> <span class='ocrx_word' id='word_1_197' title='bbox 759 3181 948 3243; x_wconf 88' lang='lat' dir='ltr'>confessione</span> <span class='ocrx_word' id='word_1_198' title='bbox 965 3181 996 3242; x_wconf 95' lang='lat' dir='ltr'>in</span> <span class='ocrx_word' id='word_1_199' title='bbox 1012 3182 1076 3243; x_wconf 93' lang='lat' dir='ltr'>iure</span> <span class='ocrx_word' id='word_1_200' title='bbox 1093 3182 1183 3253; x_wconf 88' lang='lat' dir='ltr'>facta,</span> <span class='ocrx_word' id='word_1_201' title='bbox 1200 3187 1270 3244; x_wconf 91' lang='lat' dir='ltr'>tunc</span> <span class='ocrx_word' id='word_1_202' title='bbox 1286 3182 1324 3244; x_wconf 89' lang='lat' dir='ltr'>ab</span> <span class='ocrx_word' id='word_1_203' title='bbox 1341 3203 1379 3244; x_wconf 93' lang='lat' dir='ltr'>eo</span> <span class='ocrx_word' id='word_1_204' title='bbox 1394 3181 1458 3243; x_wconf 93' lang='lat' dir='ltr'>loco</span> 
     </span>
     <span class='ocr_line' id='line_1_24' title="bbox 272 3287 1459 3371; baseline 0 -21"><span class='ocrx_word' id='word_1_205' title='bbox 272 3308 359 3371; x_wconf 90' lang='lat' dir='ltr'>quem</span> <span class='ocrx_word' id='word_1_206' title='bbox 374 3288 526 3370; x_wconf 88' lang='lat' dir='ltr'>possidet,</span> <span class='ocrx_word' id='word_1_207' title='bbox 549 3308 616 3350; x_wconf 91' lang='lat' dir='ltr'>cum</span> <span class='ocrx_word' id='word_1_208' title='bbox 638 3288 677 3351; x_wconf 92' lang='lat' dir='ltr'>sit</span> <span class='ocrx_word' id='word_1_209' title='bbox 699 3287 789 3351; x_wconf 90' lang='lat' dir='ltr'>arbor</span> <span class='ocrx_word' id='word_1_210' title='bbox 811 3288 997 3352; x_wconf 82' lang='lat' dir='ltr'>infructuosa</span> <span class='ocrx_word' id='word_1_211' title='bbox 1020 3290 1150 3353; x_wconf 81' lang='lat' dir='ltr'>existens</span> <span class='ocrx_word' id='word_1_212' title='bbox 1167 3291 1250 3369; x_wconf 84' lang='lat' dir='ltr'>oneri</span> <span class='ocrx_word' id='word_1_213' title='bbox 1268 3311 1326 3352; x_wconf 94' lang='lat' dir='ltr'>non</span> <span class='ocrx_word' id='word_1_214' title='bbox 1342 3290 1459 3362; x_wconf 86' lang='lat' dir='ltr'>honori,</span> 
     </span>
     <span class='ocr_line' id='line_1_25' title="bbox 271 3396 1458 3483; baseline 0.001 -24"><span class='ocrx_word' id='word_1_215' title='bbox 271 3420 326 3482; x_wconf 89' lang='lat' dir='ltr'>per</span> <span class='ocrx_word' id='word_1_216' title='bbox 354 3396 549 3477; x_wconf 90' lang='lat' dir='ltr'>depositionis</span> <span class='ocrx_word' id='word_1_217' title='bbox 578 3397 757 3461; x_wconf 89' lang='lat' dir='ltr'>sententiam</span> <span class='ocrx_word' id='word_1_218' title='bbox 773 3436 774 3439; x_wconf 61' lang='lat'><em>=</em></span> <span class='ocrx_word' id='word_1_219' title='bbox 789 3398 935 3462; x_wconf 88' lang='lat' dir='ltr'>destituas</span> <span class='ocrx_word' id='word_1_220' title='bbox 964 3404 994 3462; x_wconf 93' lang='lat' dir='ltr'>et</span> <span class='ocrx_word' id='word_1_221' title='bbox 1021 3398 1149 3461; x_wconf 91' lang='lat' dir='ltr'>ecclesie</span> <span class='ocrx_word' id='word_1_222' title='bbox 1177 3398 1270 3483; x_wconf 89' lang='lat' dir='ltr'>ipsius</span> <span class='ocrx_word' id='word_1_223' title='bbox 1299 3400 1395 3463; x_wconf 88' lang='lat' dir='ltr'>facias</span> <span class='ocrx_word' id='word_1_224' title='bbox 1422 3399 1458 3461; x_wconf 89' lang='lat' dir='ltr'>de</span> 
     </span>
     <span class='ocr_line' id='line_1_26' title="bbox 271 3507 1458 3590; baseline -0.001 -21"><span class='ocrx_word' id='word_1_225' title='bbox 271 3526 401 3590; x_wconf 90' lang='lat' dir='ltr'>persona</span> <span class='ocrx_word' id='word_1_226' title='bbox 431 3507 545 3588; x_wconf 81' lang='lat' dir='ltr'>ydoneo</span> <span class='ocrx_word' id='word_1_227' title='bbox 577 3527 631 3588; x_wconf 91' lang='lat' dir='ltr'>per</span> <span class='ocrx_word' id='word_1_228' title='bbox 662 3507 839 3570; x_wconf 91' lang='lat' dir='ltr'>electionem</span> <span class='ocrx_word' id='word_1_229' title='bbox 877 3509 1052 3571; x_wconf 90' lang='lat' dir='ltr'>canonicam</span> <span class='ocrx_word' id='word_1_230' title='bbox 1088 3507 1247 3589; x_wconf 88' lang='lat' dir='ltr'>provideri.</span> <span class='ocrx_word' id='word_1_231' title='bbox 1286 3507 1458 3572; x_wconf 92' lang='lat' dir='ltr'>Huiusmodi</span> 
     </span>
     <span class='ocr_line' id='line_1_27' title="bbox 271 3614 1458 3699; baseline -0.002 -20"><span class='ocrx_word' id='word_1_232' title='bbox 271 3623 370 3679; x_wconf 90' lang='lat' dir='ltr'>autem</span> <span class='ocrx_word' id='word_1_233' title='bbox 397 3614 620 3698; x_wconf 89' lang='lat' dir='ltr'>inquisitionem</span> <span class='ocrx_word' id='word_1_234' title='bbox 647 3616 724 3678; x_wconf 87' lang='lat' dir='ltr'>inira</span> <span class='ocrx_word' id='word_1_235' title='bbox 751 3635 884 3678; x_wconf 92' lang='lat' dir='ltr'>mensem</span> <span class='ocrx_word' id='word_1_236' title='bbox 911 3623 980 3697; x_wconf 89' lang='lat' dir='ltr'>pust</span> <span class='ocrx_word' id='word_1_237' title='bbox 1006 3615 1209 3697; x_wconf 88' lang='lat' dir='ltr'>receptionem</span> <span class='ocrx_word' id='word_1_238' title='bbox 1224 3618 1408 3699; x_wconf 89' lang='lat' dir='ltr'>presentium</span> <span class='ocrx_word' id='word_1_239' title='bbox 1430 3619 1458 3677; x_wconf 88' lang='lat' dir='ltr'>et</span> 
     </span>
     <span class='ocr_line' id='line_1_28' title="bbox 270 3721 1457 3808; baseline 0 -23"><span class='ocrx_word' id='word_1_240' title='bbox 270 3725 382 3787; x_wconf 91' lang='lat' dir='ltr'>initiari</span> <span class='ocrx_word' id='word_1_241' title='bbox 420 3729 450 3787; x_wconf 91' lang='lat' dir='ltr'>et</span> <span class='ocrx_word' id='word_1_242' title='bbox 477 3721 564 3787; x_wconf 84' lang='lat' dir='ltr'>infra</span> <span class='ocrx_word' id='word_1_243' title='bbox 603 3724 677 3787; x_wconf 91' lang='lat' dir='ltr'>duos</span> <span class='ocrx_word' id='word_1_244' title='bbox 716 3725 935 3808; x_wconf 88' lang='lat' dir='ltr'>subsequentes</span> <span class='ocrx_word' id='word_1_245' title='bbox 972 3745 1092 3788; x_wconf 87' lang='lat' dir='ltr'>menses</span> <span class='ocrx_word' id='word_1_246' title='bbox 1131 3724 1288 3789; x_wconf 89' lang='lat' dir='ltr'>continuos</span> <span class='ocrx_word' id='word_1_247' title='bbox 1325 3728 1457 3791; x_wconf 85' lang='lat' dir='ltr'>volumus</span> 
     </span>
     <span class='ocr_line' id='line_1_29' title="bbox 272 3835 433 3900; baseline -0.019 -1"><span class='ocrx_word' id='word_1_248' title='bbox 272 3835 433 3900; x_wconf 84' lang='lat' dir='ltr'>observari.</span> 
     </span>
    </p>
   </div>
   <div class='ocr_carea' id='block_1_3' title="bbox 673 4034 1043 4212">
    <p class='ocr_par' dir='ltr' id='par_1_3' title="bbox 673 4034 1043 4212">
     <span class='ocr_line' id='line_1_30' title="bbox 673 4034 1043 4105; baseline -0.005 -4"><span class='ocrx_word' id='word_1_249' title='bbox 673 4038 827 4104; x_wconf 82' lang='lat' dir='ltr'>lractatus</span> <span class='ocrx_word' id='word_1_250' title='bbox 844 4040 880 4102; x_wconf 89' lang='lat' dir='ltr'>dc</span> <span class='ocrx_word' id='word_1_251' title='bbox 898 4034 1043 4105; x_wconf 76' lang='lat' dir='ltr'>formatis.</span> 
     </span>
     <span class='ocr_line' id='line_1_31' title="bbox 763 4165 957 4212; baseline 0.015 -3"><span class='ocrx_word' id='word_1_252' title='bbox 763 4165 888 4211; x_wconf 69' lang='lat' dir='ltr'>nistrneta</span> <span class='ocrx_word' id='word_1_253' title='bbox 900 4166 957 4212; x_wconf 81' lang='lat' dir='ltr'>xvi.</span> 
     </span>
    </p>
   </div>
   <div class='ocr_carea' id='block_1_4' title="bbox 270 4301 1453 4500">
    <p class='ocr_par' dir='ltr' id='par_1_4' title="bbox 270 4301 1453 4500">
     <span class='ocr_line' id='line_1_32' title="bbox 359 4301 1453 4375; baseline -0.002 -9"><span class='ocrx_word' id='word_1_254' title='bbox 359 4303 497 4366; x_wconf 84' lang='lat' dir='ltr'>Formate</span> <span class='ocrx_word' id='word_1_255' title='bbox 514 4302 601 4365; x_wconf 92' lang='lat' dir='ltr'>litere</span> <span class='ocrx_word' id='word_1_256' title='bbox 616 4302 832 4366; x_wconf 86' lang='lat' dir='ltr'>testimoniales</span> <span class='ocrx_word' id='word_1_257' title='bbox 850 4309 928 4374; x_wconf 92' lang='lat' dir='ltr'>sunt,</span> <span class='ocrx_word' id='word_1_258' title='bbox 945 4308 977 4367; x_wconf 91' lang='lat' dir='ltr'>ut</span> <span class='ocrx_word' id='word_1_259' title='bbox 993 4309 1147 4375; x_wconf 82' lang='lat' dir='ltr'>uocantur,</span> <span class='ocrx_word' id='word_1_260' title='bbox 1161 4309 1192 4366; x_wconf 93' lang='lat' dir='ltr'>et</span> <span class='ocrx_word' id='word_1_261' title='bbox 1207 4301 1238 4365; x_wconf 93' lang='lat' dir='ltr'>in</span> <span class='ocrx_word' id='word_1_262' title='bbox 1254 4321 1328 4365; x_wconf 90' lang='lat' dir='ltr'>casu</span> <span class='ocrx_word' id='word_1_263' title='bbox 1343 4309 1453 4366; x_wconf 88' lang='lat' dir='ltr'>tantum</span> 
     </span>
     <span class='ocr_line' id='line_1_33' title="bbox 270 4410 1451 4500; baseline 0 -28"><span class='ocrx_word' id='word_1_264' title='bbox 270 4411 358 4474; x_wconf 88' lang='lat' dir='ltr'>unico</span> <span class='ocrx_word' id='word_1_265' title='bbox 374 4410 471 4472; x_wconf 92' lang='lat' dir='ltr'>locum</span> <span class='ocrx_word' id='word_1_266' title='bbox 493 4410 620 4483; x_wconf 86' lang='lat' dir='ltr'>habent,</span> <span class='ocrx_word' id='word_1_267' title='bbox 643 4418 675 4475; x_wconf 94' lang='lat' dir='ltr'>ut</span> <span class='ocrx_word' id='word_1_268' title='bbox 696 4413 814 4498; x_wconf 89' lang='lat' dir='ltr'>quando</span> <span class='ocrx_word' id='word_1_269' title='bbox 837 4413 938 4475; x_wconf 90' lang='lat' dir='ltr'>clerici</span> <span class='ocrx_word' id='word_1_270' title='bbox 962 4413 1084 4476; x_wconf 86' lang='lat' dir='ltr'>aliarum</span> <span class='ocrx_word' id='word_1_271' title='bbox 1099 4411 1319 4495; x_wconf 78' lang='lat' dir='ltr'>provinciarum</span> <span class='ocrx_word' id='word_1_272' title='bbox 1333 4413 1373 4500; x_wconf 76' lang='lat'>9)</span> <span class='ocrx_word' id='word_1_273' title='bbox 1390 4411 1451 4475; x_wconf 90' lang='lat' dir='ltr'>sine</span> 
     </span>
    </p>
   </div>
   <div class='ocr_carea' id='block_1_5' title="bbox 222 4566 1450 4755">
    <p class='ocr_par' dir='ltr' id='par_1_5' title="bbox 222 4566 1450 4755">
     <span class='ocr_line' id='line_1_34' title="bbox 222 4566 1450 4679; baseline 0 -36"><span class='ocrx_word' id='word_1_274' title='bbox 222 4668 229 4679; x_wconf 41' lang='grc' dir='ltr'>Ι</span> <span class='ocrx_word' id='word_1_275' title='bbox 360 4592 393 4658; x_wconf 83' lang='grc' dir='ltr'>α)</span> <span class='ocrx_word' id='word_1_276' title='bbox 409 4592 457 4643; x_wconf 88' lang='lat' dir='ltr'>sal.</span> <span class='ocrx_word' id='word_1_277' title='bbox 471 4594 500 4645; x_wconf 90' lang='lat' dir='ltr'>et</span> <span class='ocrx_word' id='word_1_278' title='bbox 513 4609 555 4662; x_wconf 90' lang='lat' dir='ltr'>ap.</span> <span class='ocrx_word' id='word_1_279' title='bbox 568 4592 628 4645; x_wconf 87' lang='lat' dir='ltr'>ben.</span> <span class='ocrx_word' id='word_1_280' title='bbox 641 4594 668 4646; x_wconf 87' lang='lat' dir='ltr'>Z.</span> <span class='ocrx_word' id='word_1_281' title='bbox 684 4624 714 4634; x_wconf 88' lang='lat'>—</span> <span class='ocrx_word' id='word_1_282' title='bbox 730 4594 762 4662; x_wconf 86' lang='lat' dir='ltr'>b)</span> <span class='ocrx_word' id='word_1_283' title='bbox 782 4592 957 4662; x_wconf 84' lang='lat' dir='ltr'>retrogradus</span> <span class='ocrx_word' id='word_1_284' title='bbox 975 4591 1004 4646; x_wconf 81' lang='lat' dir='ltr'>v,</span> <span class='ocrx_word' id='word_1_285' title='bbox 1021 4624 1049 4633; x_wconf 92' lang='lat'><em>-</em></span> <span class='ocrx_word' id='word_1_286' title='bbox 1066 4595 1098 4663; x_wconf 74' lang='lat' dir='ltr'>a)</span> <span class='ocrx_word' id='word_1_287' title='bbox 1117 4599 1208 4647; x_wconf 83' lang='lat' dir='ltr'>nostra</span> <span class='ocrx_word' id='word_1_288' title='bbox 1225 4593 1253 4645; x_wconf 85' lang='lat' dir='ltr'>Z.</span> <span class='ocrx_word' id='word_1_289' title='bbox 1271 4623 1297 4632; x_wconf 89' lang='lat'>·-</span> <span class='ocrx_word' id='word_1_290' title='bbox 1314 4595 1350 4665; x_wconf 85' lang='lat' dir='ltr'>d)</span> <span class='ocrx_word' id='word_1_291' title='bbox 1364 4566 1450 4648; x_wconf 76' lang='lat' dir='ltr'>ebulos</span> 
     </span>
     <span class='ocr_line' id='line_1_35' title="bbox 271 4679 1449 4755; baseline 0.003 -22"><span class='ocrx_word' id='word_1_292' title='bbox 271 4682 298 4735; x_wconf 84' lang='lat' dir='ltr'>Z.</span> <span class='ocrx_word' id='word_1_293' title='bbox 309 4712 336 4725; x_wconf 77' lang='lat'><em>-</em></span> <span class='ocrx_word' id='word_1_294' title='bbox 347 4680 377 4750; x_wconf 80' lang='lat' dir='ltr'>a)</span> <span class='ocrx_word' id='word_1_295' title='bbox 391 4683 534 4737; x_wconf 83' lang='lat' dir='ltr'>moribraV.</span> <span class='ocrx_word' id='word_1_296' title='bbox 545 4714 573 4723; x_wconf 97' lang='lat'><em>-</em></span> <span class='ocrx_word' id='word_1_297' title='bbox 579 4683 611 4754; x_wconf 81' lang='lat' dir='ltr'>f)</span> <span class='ocrx_word' id='word_1_298' title='bbox 621 4682 740 4737; x_wconf 86' lang='lat' dir='ltr'>strictum</span> <span class='ocrx_word' id='word_1_299' title='bbox 747 4680 778 4737; x_wconf 77' lang='lat' dir='ltr'>z&#39;u</span> <span class='ocrx_word' id='word_1_300' title='bbox 786 4684 868 4738; x_wconf 87' lang='lat' dir='ltr'>lesen.</span> <span class='ocrx_word' id='word_1_301' title='bbox 877 4714 909 4723; x_wconf 94' lang='lat'>-</span> <span class='ocrx_word' id='word_1_302' title='bbox 916 4685 951 4755; x_wconf 76' lang='lat'>9)</span> <span class='ocrx_word' id='word_1_303' title='bbox 959 4683 1013 4739; x_wconf 84' lang='lat' dir='ltr'>sire</span> <span class='ocrx_word' id='word_1_304' title='bbox 1020 4683 1162 4754; x_wconf 85' lang='lat' dir='ltr'>dyocesani</span> <span class='ocrx_word' id='word_1_305' title='bbox 1170 4702 1183 4737; x_wconf 85' lang='lat' dir='ltr'>a</span> <span class='ocrx_word' id='word_1_306' title='bbox 1191 4681 1305 4739; x_wconf 80' lang='lat' dir='ltr'>nonanis</span> <span class='ocrx_word' id='word_1_307' title='bbox 1312 4679 1449 4753; x_wconf 78' lang='lat' dir='ltr'>episcopis.</span> 
     </span>
    </p>
   </div>
   <div class='ocr_carea' id='block_1_6' title="bbox 0 0 1610 5392">
    <p class='ocr_par' dir='ltr' id='par_1_6' title="bbox 0 0 1610 5392">
     <span class='ocr_line' id='line_1_36' title="bbox 0 0 1610 5392; baseline 0 2"><span class='ocrx_word' id='word_1_308' title='bbox 0 0 1610 5392; x_wconf 95' lang='lat' dir='ltr'> </span> 
     </span>
    </p>
   </div>
  </div>
 </body>
</html>
