<?xml version="1.0" encoding="UTF-8"?>
<!DOCTYPE html PUBLIC "-//W3C//DTD XHTML 1.0 Transitional//EN"
    "http://www.w3.org/TR/xhtml1/DTD/xhtml1-transitional.dtd">
<html xmlns="http://www.w3.org/1999/xhtml" xml:lang="en" lang="en">
 <head>
  <title>
</title>
<meta http-equiv="Content-Type" content="text/html;charset=utf-8" />
  <meta name='ocr-system' content='tesseract 3.04.00' />
  <meta name='ocr-capabilities' content='ocr_page ocr_carea ocr_par ocr_line ocrx_word'/>
</head>
<body>
  <div class='ocr_page' id='page_1' title='image "./fontesrerumaust00unkngoog_0155.png"; bbox 0 0 3209 5392; ppageno 0'>
   <div class='ocr_carea' id='block_1_1' title="bbox 299 509 374 585">
    <p class='ocr_par' dir='ltr' id='par_1_1' title="bbox 299 509 374 585">
     <span class='ocr_line' id='line_1_1' title="bbox 299 509 374 585; baseline 0.013 -2"><span class='ocrx_word' id='word_1_1' title='bbox 299 509 374 585; x_wconf 81' lang='lat'><strong>128</strong></span> 
     </span>
    </p>
   </div>
   <div class='ocr_carea' id='block_1_2' title="bbox 88 684 1581 4738">
    <p class='ocr_par' dir='ltr' id='par_1_2' title="bbox 88 684 1581 4744">
     <span class='ocr_line' id='line_1_2' title="bbox 296 684 1466 780; baseline 0.004 -27"><span class='ocrx_word' id='word_1_2' title='bbox 296 686 395 753; x_wconf 91' lang='lat' dir='ltr'><strong>divino</strong></span> <span class='ocrx_word' id='word_1_3' title='bbox 412 689 571 764; x_wconf 89' lang='lat' dir='ltr'><strong>adiutorio,</strong></span> <span class='ocrx_word' id='word_1_4' title='bbox 587 693 754 776; x_wconf 78' lang='lat' dir='ltr'><strong>profugatis</strong></span> <span class='ocrx_word' id='word_1_5' title='bbox 772 692 878 757; x_wconf 80' lang='lat' dir='ltr'>exinde</span> <span class='ocrx_word' id='word_1_6' title='bbox 895 691 965 758; x_wconf 88' lang='lat' dir='ltr'><strong>lidei</strong></span> <span class='ocrx_word' id='word_1_7' title='bbox 981 684 1132 766; x_wconf 91' lang='lat' dir='ltr'><strong>hostibus,</strong></span> <span class='ocrx_word' id='word_1_8' title='bbox 1150 692 1337 780; x_wconf 78' lang='lat' dir='ltr'><strong>conquisivit.</strong></span> <span class='ocrx_word' id='word_1_9' title='bbox 1359 694 1401 758; x_wconf 79' lang='lat' dir='ltr'><strong>lte</strong></span> <span class='ocrx_word' id='word_1_10' title='bbox 1416 713 1466 778; x_wconf 91' lang='lat' dir='ltr'><strong>quo</strong></span> 
     </span>
     <span class='ocr_line' id='line_1_3' title="bbox 295 797 1473 888; baseline 0.006 -27"><span class='ocrx_word' id='word_1_11' title='bbox 295 797 409 882; x_wconf 82' lang='lat' dir='ltr'><strong>ingenti</strong></span> <span class='ocrx_word' id='word_1_12' title='bbox 433 802 543 884; x_wconf 91' lang='lat' dir='ltr'><strong>gaudio</strong></span> <span class='ocrx_word' id='word_1_13' title='bbox 566 808 713 888; x_wconf 89' lang='lat' dir='ltr'><strong>concepto</strong></span> <span class='ocrx_word' id='word_1_14' title='bbox 730 803 761 867; x_wconf 93' lang='lat' dir='ltr'><strong>in</strong></span> <span class='ocrx_word' id='word_1_15' title='bbox 776 802 873 866; x_wconf 91' lang='lat' dir='ltr'><strong>laudis</strong></span> <span class='ocrx_word' id='word_1_16' title='bbox 889 823 1018 886; x_wconf 79' lang='lat' dir='ltr'><strong>superne</strong></span> <span class='ocrx_word' id='word_1_17' title='bbox 1042 804 1193 868; x_wconf 89' lang='lat' dir='ltr'><strong>canticum</strong></span> <span class='ocrx_word' id='word_1_18' title='bbox 1210 804 1337 869; x_wconf 83' lang='lat' dir='ltr'><strong>surrexit</strong></span> <span class='ocrx_word' id='word_1_19' title='bbox 1352 806 1473 870; x_wconf 84' lang='lat' dir='ltr'><strong>ecclesio.</strong></span> 
     </span>
     <span class='ocr_line' id='line_1_4' title="bbox 296 909 1468 998; baseline 0.005 -26"><span class='ocrx_word' id='word_1_20' title='bbox 296 914 326 974; x_wconf 92' lang='lat' dir='ltr'><strong>et</strong></span> <span class='ocrx_word' id='word_1_21' title='bbox 342 909 472 974; x_wconf 89' lang='lat' dir='ltr'><strong>universi</strong></span> <span class='ocrx_word' id='word_1_22' title='bbox 495 911 665 977; x_wconf 80' lang='lat' dir='ltr'><strong>christicole</strong></span> <span class='ocrx_word' id='word_1_23' title='bbox 689 913 775 977; x_wconf 90' lang='lat' dir='ltr'><strong>huius</strong></span> <span class='ocrx_word' id='word_1_24' title='bbox 792 912 957 977; x_wconf 90' lang='lat' dir='ltr'><strong>communis</strong></span> <span class='ocrx_word' id='word_1_25' title='bbox 978 913 1080 978; x_wconf 84' lang='lat' dir='ltr'><strong>leticie</strong></span> <span class='ocrx_word' id='word_1_26' title='bbox 1096 913 1255 998; x_wconf 89' lang='lat' dir='ltr'><strong>participio</strong></span> <span class='ocrx_word' id='word_1_27' title='bbox 1271 915 1381 998; x_wconf 89' lang='lat' dir='ltr'><strong>pariter</strong></span> <span class='ocrx_word' id='word_1_28' title='bbox 1395 914 1468 978; x_wconf 84' lang='lat' dir='ltr'><strong>exol-</strong></span> 
     </span>
     <span class='ocr_line' id='line_1_5' title="bbox 295 1009 1469 1107; baseline 0.005 -26"><span class='ocrx_word' id='word_1_29' title='bbox 295 1017 408 1092; x_wconf 86' lang='lat' dir='ltr'><strong>tabaot‚</strong></span> <span class='ocrx_word' id='word_1_30' title='bbox 425 1020 494 1104; x_wconf 91' lang='lat' dir='ltr'><strong>quia</strong></span> <span class='ocrx_word' id='word_1_31' title='bbox 512 1021 653 1105; x_wconf 87' lang='lat' dir='ltr'><strong>dragma,</strong></span> <span class='ocrx_word' id='word_1_32' title='bbox 670 1042 729 1107; x_wconf 89' lang='lat' dir='ltr'><strong>que</strong></span> <span class='ocrx_word' id='word_1_33' title='bbox 746 1009 835 1106; x_wconf 87' lang='lat' dir='ltr'><strong>longo</strong></span> <span class='ocrx_word' id='word_1_34' title='bbox 851 1023 949 1086; x_wconf 88' lang='lat' dir='ltr'><strong>fuerat</strong></span> <span class='ocrx_word' id='word_1_35' title='bbox 965 1027 1100 1106; x_wconf 90' lang='lat' dir='ltr'><strong>tempore</strong></span> <span class='ocrx_word' id='word_1_36' title='bbox 1117 1023 1246 1107; x_wconf 89' lang='lat' dir='ltr'><strong>perdita,</strong></span> <span class='ocrx_word' id='word_1_37' title='bbox 1264 1022 1367 1087; x_wconf 88' lang='lat' dir='ltr'><strong>celesti</strong></span> <span class='ocrx_word' id='word_1_38' title='bbox 1382 1024 1469 1087; x_wconf 90' lang='lat' dir='ltr'><strong>fuerat</strong></span> 
     </span>
     <span class='ocr_line' id='line_1_6' title="bbox 295 1129 1473 1217; baseline 0.004 -27"><span class='ocrx_word' id='word_1_39' title='bbox 295 1147 418 1191; x_wconf 90' lang='lat' dir='ltr'><strong>munere</strong></span> <span class='ocrx_word' id='word_1_40' title='bbox 434 1129 599 1205; x_wconf 77' lang='lat' dir='ltr'><strong>reinventa,</strong></span> <span class='ocrx_word' id='word_1_41' title='bbox 614 1137 644 1196; x_wconf 93' lang='lat' dir='ltr'><strong>et</strong></span> <span class='ocrx_word' id='word_1_42' title='bbox 660 1132 736 1205; x_wconf 91' lang='lat' dir='ltr'><strong>ovis,</strong></span> <span class='ocrx_word' id='word_1_43' title='bbox 753 1151 812 1217; x_wconf 87' lang='lat' dir='ltr'><strong>que</strong></span> <span class='ocrx_word' id='word_1_44' title='bbox 830 1130 880 1196; x_wconf 89' lang='lat' dir='ltr'><strong>diu</strong></span> <span class='ocrx_word' id='word_1_45' title='bbox 895 1150 952 1213; x_wconf 91' lang='lat' dir='ltr'><strong>per</strong></span> <span class='ocrx_word' id='word_1_46' title='bbox 967 1130 1118 1197; x_wconf 90' lang='lat' dir='ltr'><strong>desertum</strong></span> <span class='ocrx_word' id='word_1_47' title='bbox 1135 1132 1311 1215; x_wconf 82' lang='lat' dir='ltr'><strong>gentilitatis</strong></span> <span class='ocrx_word' id='word_1_48' title='bbox 1327 1137 1473 1205; x_wconf 87' lang='lat' dir='ltr'><strong>erraverat,</strong></span> 
     </span>
     <span class='ocr_line' id='line_1_7' title="bbox 295 1237 1471 1325; baseline 0.003 -24"><span class='ocrx_word' id='word_1_49' title='bbox 295 1237 333 1301; x_wconf 95' lang='lat' dir='ltr'><strong>ad</strong></span> <span class='ocrx_word' id='word_1_50' title='bbox 354 1257 478 1321; x_wconf 85' lang='lat' dir='ltr'><strong>gregem</strong></span> <span class='ocrx_word' id='word_1_51' title='bbox 500 1247 640 1306; x_wconf 90' lang='lat' dir='ltr'><strong>revocata</strong></span> <span class='ocrx_word' id='word_1_52' title='bbox 663 1241 862 1313; x_wconf 90' lang='lat' dir='ltr'><strong>dominicum,</strong></span> <span class='ocrx_word' id='word_1_53' title='bbox 889 1241 947 1305; x_wconf 89' lang='lat' dir='ltr'><strong>iam</strong></span> <span class='ocrx_word' id='word_1_54' title='bbox 972 1261 1038 1305; x_wconf 91' lang='lat' dir='ltr'><strong>cum</strong></span> <span class='ocrx_word' id='word_1_55' title='bbox 1061 1241 1127 1304; x_wconf 91' lang='lat' dir='ltr'><strong>aliis</strong></span> <span class='ocrx_word' id='word_1_56' title='bbox 1155 1242 1277 1325; x_wconf 91' lang='lat' dir='ltr'><strong>pascuis</strong></span> <span class='ocrx_word' id='word_1_57' title='bbox 1307 1241 1471 1307; x_wconf 90' lang='lat' dir='ltr'><strong>salutaribus</strong></span> 
     </span>
     <span class='ocr_line' id='line_1_8' title="bbox 297 1331 598 1430; baseline 0.013 -21"><span class='ocrx_word' id='word_1_58' title='bbox 297 1346 486 1430; x_wconf 89' lang='lat' dir='ltr'><strong>pascebatur.</strong></span> <span class='ocrx_word' id='word_1_59' title='bbox 592 1331 598 1342; x_wconf 53' lang='grc'><strong><em>’</em></strong></span> 
     </span>
     <span class='ocr_line' id='line_1_9' title="bbox 296 1457 1472 1543; baseline -0.001 -20"><span class='ocrx_word' id='word_1_60' title='bbox 296 1491 299 1502; x_wconf 89' lang='grc'><strong><em>·</em></strong></span> <span class='ocrx_word' id='word_1_61' title='bbox 387 1457 448 1523; x_wconf 88' lang='lat' dir='ltr'><strong>Sed</strong></span> <span class='ocrx_word' id='word_1_62' title='bbox 465 1457 540 1541; x_wconf 92' lang='lat' dir='ltr'><strong>proh</strong></span> <span class='ocrx_word' id='word_1_63' title='bbox 557 1458 658 1525; x_wconf 92' lang='lat' dir='ltr'><strong>dolorl</strong></span> <span class='ocrx_word' id='word_1_64' title='bbox 682 1478 760 1523; x_wconf 90' lang='lat' dir='ltr'><strong>nunc</strong></span> <span class='ocrx_word' id='word_1_65' title='bbox 789 1459 920 1524; x_wconf 89' lang='lat' dir='ltr'><strong>cessavit</strong></span> <span class='ocrx_word' id='word_1_66' title='bbox 941 1462 1056 1522; x_wconf 90' lang='lat' dir='ltr'><strong>tantum</strong></span> <span class='ocrx_word' id='word_1_67' title='bbox 1079 1459 1222 1543; x_wconf 90' lang='lat' dir='ltr'><strong>gaudium</strong></span> <span class='ocrx_word' id='word_1_68' title='bbox 1246 1466 1276 1524; x_wconf 91' lang='lat' dir='ltr'><strong>et</strong></span> <span class='ocrx_word' id='word_1_69' title='bbox 1293 1459 1324 1523; x_wconf 90' lang='lat' dir='ltr'><strong>in</strong></span> <span class='ocrx_word' id='word_1_70' title='bbox 1340 1478 1472 1523; x_wconf 86' lang='lat' dir='ltr'><strong>merorem</strong></span> 
     </span>
     <span class='ocr_line' id='line_1_10' title="bbox 294 1565 1474 1654; baseline -0.001 -22"><span class='ocrx_word' id='word_1_71' title='bbox 294 1565 419 1632; x_wconf 87' lang='lat' dir='ltr'><strong>nimium</strong></span> <span class='ocrx_word' id='word_1_72' title='bbox 450 1573 497 1631; x_wconf 90' lang='lat' dir='ltr'><strong>est</strong></span> <span class='ocrx_word' id='word_1_73' title='bbox 529 1587 723 1643; x_wconf 90' lang='lat' dir='ltr'><strong>conversum,</strong></span> <span class='ocrx_word' id='word_1_74' title='bbox 751 1567 940 1653; x_wconf 90' lang='lat' dir='ltr'><strong>ipsaquemet</strong></span> <span class='ocrx_word' id='word_1_75' title='bbox 967 1569 1089 1643; x_wconf 86' lang='lat' dir='ltr'><strong>civitas,</strong></span> <span class='ocrx_word' id='word_1_76' title='bbox 1124 1589 1183 1652; x_wconf 91' lang='lat' dir='ltr'><strong>que</strong></span> <span class='ocrx_word' id='word_1_77' title='bbox 1212 1570 1337 1654; x_wconf 87' lang='lat' dir='ltr'><strong>grandis</strong></span> <span class='ocrx_word' id='word_1_78' title='bbox 1367 1588 1474 1632; x_wconf 89' lang='lat' dir='ltr'><strong>causam</strong></span> 
     </span>
     <span class='ocr_line' id='line_1_11' title="bbox 295 1678 1476 1764; baseline 0.002 -23"><span class='ocrx_word' id='word_1_79' title='bbox 295 1678 460 1743; x_wconf 85' lang='lat' dir='ltr'><strong>alacritatis</strong></span> <span class='ocrx_word' id='word_1_80' title='bbox 477 1679 628 1752; x_wconf 86' lang='lat' dir='ltr'><strong>attulerat,</strong></span> <span class='ocrx_word' id='word_1_81' title='bbox 643 1699 752 1763; x_wconf 85' lang='lat' dir='ltr'><strong>magna</strong></span> <span class='ocrx_word' id='word_1_82' title='bbox 765 1681 847 1751; x_wconf 88' lang='lat' dir='ltr'><strong>facta</strong></span> <span class='ocrx_word' id='word_1_83' title='bbox 863 1685 911 1745; x_wconf 88' lang='lat' dir='ltr'><strong>est</strong></span> <span class='ocrx_word' id='word_1_84' title='bbox 926 1681 1051 1745; x_wconf 89' lang='lat' dir='ltr'><strong>materia</strong></span> <span class='ocrx_word' id='word_1_85' title='bbox 1067 1680 1199 1747; x_wconf 88' lang='lat' dir='ltr'><strong>lamenti.</strong></span> <span class='ocrx_word' id='word_1_86' title='bbox 1223 1681 1300 1745; x_wconf 90' lang='lat' dir='ltr'><strong>Nam</strong></span> <span class='ocrx_word' id='word_1_87' title='bbox 1319 1701 1386 1745; x_wconf 86' lang='lat' dir='ltr'><strong>oum</strong></span> <span class='ocrx_word' id='word_1_88' title='bbox 1402 1685 1476 1764; x_wconf 90' lang='lat' dir='ltr'><strong>post·</strong></span> 
     </span>
     <span class='ocr_line' id='line_1_12' title="bbox 295 1788 1476 1874; baseline 0.002 -25"><span class='ocrx_word' id='word_1_89' title='bbox 295 1788 415 1852; x_wconf 92' lang='lat' dir='ltr'><strong>modum</strong></span> <span class='ocrx_word' id='word_1_90' title='bbox 458 1789 539 1853; x_wconf 91' lang='lat' dir='ltr'><strong>idem</strong></span> <span class='ocrx_word' id='word_1_91' title='bbox 581 1809 634 1852; x_wconf 84' lang='lat' dir='ltr'><strong>rer</strong></span> <span class='ocrx_word' id='word_1_92' title='bbox 677 1794 781 1853; x_wconf 87' lang='lat' dir='ltr'><strong>contra</strong></span> <span class='ocrx_word' id='word_1_93' title='bbox 827 1788 981 1854; x_wconf 89' lang='lat' dir='ltr'><strong>soldanum</strong></span> <span class='ocrx_word' id='word_1_94' title='bbox 1019 1790 1160 1854; x_wconf 86' lang='lat' dir='ltr'><strong>Damasci</strong></span> <span class='ocrx_word' id='word_1_95' title='bbox 1201 1795 1233 1855; x_wconf 93' lang='lat' dir='ltr'><strong>et</strong></span> <span class='ocrx_word' id='word_1_96' title='bbox 1259 1793 1299 1874; x_wconf 80' lang='lat' dir='ltr'><strong>a]</strong></span> <span class='ocrx_word' id='word_1_97' title='bbox 1337 1790 1476 1855; x_wconf 90' lang='lat' dir='ltr'><strong>Babilonis</strong></span> 
     </span>
     <span class='ocr_line' id='line_1_13' title="bbox 296 1898 1477 1983; baseline 0.001 -22"><span class='ocrx_word' id='word_1_98' title='bbox 296 1917 363 1961; x_wconf 90' lang='lat' dir='ltr'><strong>cum</strong></span> <span class='ocrx_word' id='word_1_99' title='bbox 387 1919 440 1963; x_wconf 93' lang='lat' dir='ltr'><strong>suo</strong></span> <span class='ocrx_word' id='word_1_100' title='bbox 458 1899 590 1964; x_wconf 84' lang='lat' dir='ltr'><strong>exercitu</strong></span> <span class='ocrx_word' id='word_1_101' title='bbox 607 1901 773 1983; x_wconf 85' lang='lat' dir='ltr'><strong>processit,</strong></span> <span class='ocrx_word' id='word_1_102' title='bbox 801 1899 934 1974; x_wconf 88' lang='lat' dir='ltr'><strong>tandem,</strong></span> <span class='ocrx_word' id='word_1_103' title='bbox 951 1899 1032 1964; x_wconf 89' lang='lat' dir='ltr'><strong>clare</strong></span> <span class='ocrx_word' id='word_1_104' title='bbox 1048 1898 1191 1964; x_wconf 86' lang='lat' dir='ltr'><strong>memorie</strong></span> <span class='ocrx_word' id='word_1_105' title='bbox 1208 1900 1241 1965; x_wconf 80' lang='lat' dir='ltr'><strong>R.</strong></span> <span class='ocrx_word' id='word_1_106' title='bbox 1260 1900 1372 1965; x_wconf 91' lang='lat' dir='ltr'><strong>comite</strong></span> <span class='ocrx_word' id='word_1_107' title='bbox 1388 1901 1477 1963; x_wconf 86' lang='lat' dir='ltr'><strong>Attre·</strong></span> 
     </span>
     <span class='ocr_line' id='line_1_14' title="bbox 294 2008 1471 2094; baseline -0.001 -21"><span class='ocrx_word' id='word_1_108' title='bbox 294 2008 488 2082; x_wconf 82' lang='lat' dir='ltr'><strong>batensium‚¹</strong></span> <span class='ocrx_word' id='word_1_109' title='bbox 508 2029 650 2092; x_wconf 86' lang='lat' dir='ltr'><strong>germano</strong></span> <span class='ocrx_word' id='word_1_110' title='bbox 666 2009 757 2094; x_wconf 86' lang='lat' dir='ltr'><strong>Regis</strong></span> <span class='ocrx_word' id='word_1_111' title='bbox 775 2010 926 2083; x_wconf 88' lang='lat' dir='ltr'><strong>eiusdem,</strong></span> <span class='ocrx_word' id='word_1_112' title='bbox 954 2016 985 2074; x_wconf 89' lang='lat' dir='ltr'><strong>et</strong></span> <span class='ocrx_word' id='word_1_113' title='bbox 999 2010 1144 2094; x_wconf 85' lang='lat' dir='ltr'><strong>magistro</strong></span> <span class='ocrx_word' id='word_1_114' title='bbox 1163 2017 1193 2077; x_wconf 89' lang='lat' dir='ltr'><strong>et</strong></span> <span class='ocrx_word' id='word_1_115' title='bbox 1209 2011 1356 2076; x_wconf 89' lang='lat' dir='ltr'><strong>fratribus</strong></span> <span class='ocrx_word' id='word_1_116' title='bbox 1372 2012 1471 2075; x_wconf 88' lang='lat' dir='ltr'><strong>milicie</strong></span> 
     </span>
     <span class='ocr_line' id='line_1_15' title="bbox 296 2118 1476 2206; baseline -0.002 -23"><span class='ocrx_word' id='word_1_117' title='bbox 296 2119 397 2203; x_wconf 90' lang='lat' dir='ltr'><strong>templi</strong></span> <span class='ocrx_word' id='word_1_118' title='bbox 419 2140 455 2184; x_wconf 92' lang='lat' dir='ltr'><strong>ac</strong></span> <span class='ocrx_word' id='word_1_119' title='bbox 477 2119 543 2184; x_wconf 90' lang='lat' dir='ltr'><strong>aliis</strong></span> <span class='ocrx_word' id='word_1_120' title='bbox 565 2141 653 2206; x_wconf 91' lang='lat' dir='ltr'><strong>quam</strong></span> <span class='ocrx_word' id='word_1_121' title='bbox 676 2121 776 2186; x_wconf 89' lang='lat' dir='ltr'><strong>multis</strong></span> <span class='ocrx_word' id='word_1_122' title='bbox 799 2120 1051 2186; x_wconf 87' lang='lat' dir='ltr'><strong>commilitonibus</strong></span> <span class='ocrx_word' id='word_1_123' title='bbox 1074 2120 1204 2186; x_wconf 88' lang='lat' dir='ltr'><strong>validum</strong></span> <span class='ocrx_word' id='word_1_124' title='bbox 1221 2141 1289 2185; x_wconf 91' lang='lat' dir='ltr'><strong>cum</strong></span> <span class='ocrx_word' id='word_1_125' title='bbox 1309 2118 1476 2187; x_wconf 79' lang='lat' dir='ltr'><strong>sarracenis</strong></span> 
     </span>
     <span class='ocr_line' id='line_1_16' title="bbox 296 2229 1479 2313; baseline -0.002 -20"><span class='ocrx_word' id='word_1_126' title='bbox 296 2229 550 2296; x_wconf 88' lang='lat' dir='ltr'><strong>committentibus</strong></span> <span class='ocrx_word' id='word_1_127' title='bbox 563 2230 691 2305; x_wconf 88' lang='lat' dir='ltr'><strong>bellum,</strong></span> <span class='ocrx_word' id='word_1_128' title='bbox 709 2238 739 2295; x_wconf 90' lang='lat' dir='ltr'><strong>et</strong></span> <span class='ocrx_word' id='word_1_129' title='bbox 758 2238 829 2313; x_wconf 91' lang='lat' dir='ltr'><strong>post</strong></span> <span class='ocrx_word' id='word_1_130' title='bbox 844 2251 903 2295; x_wconf 93' lang='lat' dir='ltr'><strong>non</strong></span> <span class='ocrx_word' id='word_1_131' title='bbox 918 2231 1068 2296; x_wconf 91' lang='lat' dir='ltr'><strong>modicum</strong></span> <span class='ocrx_word' id='word_1_132' title='bbox 1087 2233 1326 2297; x_wconf 83' lang='lat' dir='ltr'><strong>sarracenorum</strong></span> <span class='ocrx_word' id='word_1_133' title='bbox 1344 2230 1479 2295; x_wconf 86' lang='lat' dir='ltr'><strong>excidium</strong></span> 
     </span>
     <span class='ocr_line' id='line_1_17' title="bbox 294 2339 1475 2427; baseline 0 -25"><span class='ocrx_word' id='word_1_134' title='bbox 294 2339 325 2403; x_wconf 95' lang='lat' dir='ltr'><strong>in</strong></span> <span class='ocrx_word' id='word_1_135' title='bbox 355 2339 434 2403; x_wconf 91' lang='lat' dir='ltr'><strong>bello</strong></span> <span class='ocrx_word' id='word_1_136' title='bbox 461 2341 528 2425; x_wconf 91' lang='lat' dir='ltr'><strong>ipso</strong></span> <span class='ocrx_word' id='word_1_137' title='bbox 556 2341 693 2425; x_wconf 88' lang='lat' dir='ltr'><strong>predicto</strong></span> <span class='ocrx_word' id='word_1_138' title='bbox 717 2341 893 2405; x_wconf 89' lang='lat' dir='ltr'><strong>-comite</strong></span> <span class='ocrx_word' id='word_1_139' title='bbox 925 2363 984 2406; x_wconf 93' lang='lat' dir='ltr'><strong>non</strong></span> <span class='ocrx_word' id='word_1_140' title='bbox 1013 2340 1129 2427; x_wconf 89' lang='lat' dir='ltr'><strong>absque</strong></span> <span class='ocrx_word' id='word_1_141' title='bbox 1160 2341 1300 2407; x_wconf 91' lang='lat' dir='ltr'><strong>salutaris</strong></span> <span class='ocrx_word' id='word_1_142' title='bbox 1335 2339 1475 2424; x_wconf 90' lang='lat' dir='ltr'><strong>triumpho</strong></span> 
     </span>
     <span class='ocr_line' id='line_1_18' title="bbox 294 2450 1478 2536; baseline -0.002 -22"><span class='ocrx_word' id='word_1_143' title='bbox 294 2450 430 2524; x_wconf 90' lang='lat' dir='ltr'><strong>martirii,</strong></span> <span class='ocrx_word' id='word_1_144' title='bbox 446 2452 551 2535; x_wconf 90' lang='lat' dir='ltr'><strong>paucis</strong></span> <span class='ocrx_word' id='word_1_145' title='bbox 565 2450 772 2525; x_wconf 83' lang='lat' dir='ltr'><strong>evadentibus,</strong></span> <span class='ocrx_word' id='word_1_146' title='bbox 788 2452 1163 2536; x_wconf 89' lang='lat' dir='ltr'><strong>interempto-prefatus</strong></span> <span class='ocrx_word' id='word_1_147' title='bbox 1178 2472 1231 2516; x_wconf 82' lang='lat' dir='ltr'><strong>rex</strong></span> <span class='ocrx_word' id='word_1_148' title='bbox 1244 2471 1325 2525; x_wconf 89' lang='lat' dir='ltr'><strong>cum,</strong></span> <span class='ocrx_word' id='word_1_149' title='bbox 1336 2450 1478 2516; x_wconf 91' lang='lat' dir='ltr'><strong>mediante</strong></span> 
     </span>
     <span class='ocr_line' id='line_1_19' title="bbox 297 2550 1581 2642; baseline -0.001 -20"><span class='ocrx_word' id='word_1_150' title='bbox 297 2580 352 2623; x_wconf 93' lang='lat' dir='ltr'><strong>suo</strong></span> <span class='ocrx_word' id='word_1_151' title='bbox 385 2560 534 2634; x_wconf 86' lang='lat' dir='ltr'><strong>exercitu,</strong></span> <span class='ocrx_word' id='word_1_152' title='bbox 566 2567 741 2626; x_wconf 87' lang='lat' dir='ltr'><strong>constanter</strong></span> <span class='ocrx_word' id='word_1_153' title='bbox 763 2562 936 2626; x_wconf 87' lang='lat' dir='ltr'><strong>insisteret:</strong></span> <span class='ocrx_word' id='word_1_154' title='bbox 969 2562 1102 2627; x_wconf 88' lang='lat' dir='ltr'><strong>furorem</strong></span> <span class='ocrx_word' id='word_1_155' title='bbox 1132 2561 1318 2626; x_wconf 90' lang='lat' dir='ltr'><strong>irruencium</strong></span> <span class='ocrx_word' id='word_1_156' title='bbox 1351 2550 1480 2625; x_wconf 86' lang='lat' dir='ltr'><strong>sustinuit</strong></span> <span class='ocrx_word' id='word_1_157' title='bbox 1580 2635 1581 2642; x_wconf 6' lang='grc' dir='ltr'>ἵ</span> 
     </span>
     <span class='ocr_line' id='line_1_20' title="bbox 295 2666 1477 2755; baseline -0.002 -23"><span class='ocrx_word' id='word_1_158' title='bbox 295 2689 490 2753; x_wconf 90' lang='lat' dir='ltr'><strong>paganorum,</strong></span> <span class='ocrx_word' id='word_1_159' title='bbox 507 2672 558 2755; x_wconf 93' lang='lat' dir='ltr'><strong>qui</strong></span> <span class='ocrx_word' id='word_1_160' title='bbox 575 2672 619 2736; x_wconf 91' lang='lat' dir='ltr'><strong>sic</strong></span> <span class='ocrx_word' id='word_1_161' title='bbox 635 2671 713 2737; x_wconf 91' lang='lat' dir='ltr'><strong>illico</strong></span> <span class='ocrx_word' id='word_1_162' title='bbox 729 2677 811 2737; x_wconf 88' lang='lat' dir='ltr'><strong>terre</strong></span> <span class='ocrx_word' id='word_1_163' title='bbox 827 2691 864 2736; x_wconf 89' lang='lat' dir='ltr'><strong>ac</strong></span> <span class='ocrx_word' id='word_1_164' title='bbox 880 2669 1010 2736; x_wconf 89' lang='lat' dir='ltr'><strong>fluminis</strong></span> <span class='ocrx_word' id='word_1_165' title='bbox 1026 2671 1170 2735; x_wconf 90' lang='lat' dir='ltr'><strong>transitus</strong></span> <span class='ocrx_word' id='word_1_166' title='bbox 1187 2676 1384 2744; x_wconf 87' lang='lat' dir='ltr'><strong>artaverunt,</strong></span> <span class='ocrx_word' id='word_1_167' title='bbox 1407 2666 1477 2752; x_wconf 90' lang='lat' dir='ltr'><strong>quod</strong></span> 
     </span>
     <span class='ocr_line' id='line_1_21' title="bbox 295 2778 1479 2865; baseline -0.001 -25"><span class='ocrx_word' id='word_1_168' title='bbox 295 2778 375 2844; x_wconf 90' lang='lat' dir='ltr'><strong>idem</strong></span> <span class='ocrx_word' id='word_1_169' title='bbox 404 2781 552 2846; x_wconf 88' lang='lat' dir='ltr'><strong>exercitus</strong></span> <span class='ocrx_word' id='word_1_170' title='bbox 581 2782 733 2847; x_wconf 89' lang='lat' dir='ltr'><strong>deiectum</strong></span> <span class='ocrx_word' id='word_1_171' title='bbox 760 2783 933 2847; x_wconf 89' lang='lat' dir='ltr'><strong>victualium</strong></span> <span class='ocrx_word' id='word_1_172' title='bbox 955 2780 1128 2865; x_wconf 87' lang='lat' dir='ltr'><strong>patiebatur</strong></span> <span class='ocrx_word' id='word_1_173' title='bbox 1144 2787 1320 2845; x_wconf 84' lang='lat' dir='ltr'><strong>extremum.</strong></span> <span class='ocrx_word' id='word_1_174' title='bbox 1361 2781 1479 2862; x_wconf 90' lang='lat' dir='ltr'><strong>Propter</strong></span> 
     </span>
     <span class='ocr_line' id='line_1_22' title="bbox 296 2889 1478 2976; baseline -0.002 -24"><span class='ocrx_word' id='word_1_175' title='bbox 296 2891 379 2953; x_wconf 92' lang='lat' dir='ltr'><strong>cuius</strong></span> <span class='ocrx_word' id='word_1_176' title='bbox 395 2890 620 2955; x_wconf 90' lang='lat' dir='ltr'><strong>intollerabilem</strong></span> <span class='ocrx_word' id='word_1_177' title='bbox 632 2891 837 2955; x_wconf 90' lang='lat' dir='ltr'><strong>tolleranciam</strong></span> <span class='ocrx_word' id='word_1_178' title='bbox 854 2896 885 2956; x_wconf 93' lang='lat' dir='ltr'><strong>et</strong></span> <span class='ocrx_word' id='word_1_179' title='bbox 895 2912 949 2976; x_wconf 89' lang='lat' dir='ltr'><strong>pre</strong></span> <span class='ocrx_word' id='word_1_180' title='bbox 962 2910 1083 2955; x_wconf 89' lang='lat' dir='ltr'><strong>suorum</strong></span> <span class='ocrx_word' id='word_1_181' title='bbox 1098 2890 1286 2955; x_wconf 87' lang='lat' dir='ltr'><strong>multitudine</strong></span> <span class='ocrx_word' id='word_1_182' title='bbox 1303 2889 1478 2955; x_wconf 86' lang='lat' dir='ltr'><strong>infirmomro</strong></span> 
     </span>
     <span class='ocr_line' id='line_1_23' title="bbox 294 2987 1479 3084; baseline -0.003 -23"><span class='ocrx_word' id='word_1_183' title='bbox 294 2998 488 3064; x_wconf 89' lang='lat' dir='ltr'><strong>vehementer</strong></span> <span class='ocrx_word' id='word_1_184' title='bbox 515 2999 670 3083; x_wconf 90' lang='lat' dir='ltr'><strong>obstupuit</strong></span> <span class='ocrx_word' id='word_1_185' title='bbox 696 2987 760 3063; x_wconf 60' lang='lat' dir='ltr'><strong>uec&#39;</strong></span> <span class='ocrx_word' id='word_1_186' title='bbox 781 3000 878 3083; x_wconf 93' lang='lat' dir='ltr'><strong>potuit</strong></span> <span class='ocrx_word' id='word_1_187' title='bbox 906 3021 965 3064; x_wconf 90' lang='lat' dir='ltr'><strong>non</strong></span> <span class='ocrx_word' id='word_1_188' title='bbox 992 2998 1106 3072; x_wconf 88' lang='lat' dir='ltr'><strong>vereri,</strong></span> <span class='ocrx_word' id='word_1_189' title='bbox 1134 2999 1275 3084; x_wconf 91' lang='lat' dir='ltr'><strong>quoniam</strong></span> <span class='ocrx_word' id='word_1_190' title='bbox 1308 2997 1479 3082; x_wconf 89' lang='lat' dir='ltr'><strong>urgentibus</strong></span> 
     </span>
     <span class='ocr_line' id='line_1_24' title="bbox 294 3107 1580 3202; baseline -0.002 -31"><span class='ocrx_word' id='word_1_191' title='bbox 294 3109 425 3194; x_wconf 89' lang='lat' dir='ltr'><strong>undique</strong></span> <span class='ocrx_word' id='word_1_192' title='bbox 441 3109 607 3174; x_wconf 92' lang='lat' dir='ltr'><strong>incomodis</strong></span> <span class='ocrx_word' id='word_1_193' title='bbox 624 3109 825 3194; x_wconf 88' lang='lat' dir='ltr'><strong>premebatur.</strong></span> <span class='ocrx_word' id='word_1_194' title='bbox 859 3110 993 3195; x_wconf 84' lang='lat' dir='ltr'><strong>Cumque</strong></span> <span class='ocrx_word' id='word_1_195' title='bbox 1009 3110 1193 3175; x_wconf 87' lang='lat' dir='ltr'><strong>irruentibus</strong></span> <span class='ocrx_word' id='word_1_196' title='bbox 1223 3110 1336 3174; x_wconf 90' lang='lat' dir='ltr'><strong>mutuis</strong></span> <span class='ocrx_word' id='word_1_197' title='bbox 1360 3107 1478 3202; x_wconf 89' lang='lat' dir='ltr'><strong>conflic-</strong></span> <span class='ocrx_word' id='word_1_198' title='bbox 1579 3155 1580 3178; x_wconf 47' lang='lat'>2</span> 
     </span>
     <span class='ocr_line' id='line_1_25' title="bbox 297 3203 1580 3304; baseline -0.003 -21"><span class='ocrx_word' id='word_1_199' title='bbox 297 3218 375 3283; x_wconf 92' lang='lat' dir='ltr'><strong>tibus</strong></span> <span class='ocrx_word' id='word_1_200' title='bbox 392 3218 462 3283; x_wconf 90' lang='lat' dir='ltr'><strong>hinc</strong></span> <span class='ocrx_word' id='word_1_201' title='bbox 479 3220 549 3283; x_wconf 90' lang='lat' dir='ltr'><strong>inde</strong></span> <span class='ocrx_word' id='word_1_202' title='bbox 561 3218 648 3284; x_wconf 85' lang='lat' dir='ltr'><strong>fleret</strong></span> <span class='ocrx_word' id='word_1_203' title='bbox 663 3221 748 3284; x_wconf 87' lang='lat' dir='ltr'><strong>ruina</strong></span> <span class='ocrx_word' id='word_1_204' title='bbox 765 3220 891 3284; x_wconf 82' lang='lat' dir='ltr'><strong>maxima</strong></span> <span class='ocrx_word' id='word_1_205' title='bbox 907 3239 1104 3304; x_wconf 85' lang='lat' dir='ltr'><strong>paganorum,</strong></span> <span class='ocrx_word' id='word_1_206' title='bbox 1130 3219 1239 3292; x_wconf 87' lang='lat' dir='ltr'><strong>deinde</strong></span> <span class='ocrx_word' id='word_1_207' title='bbox 1261 3216 1480 3284; x_wconf 90' lang='lat' dir='ltr'><strong>innumerabili·</strong></span> <span class='ocrx_word' id='word_1_208' title='bbox 1579 3203 1580 3214; x_wconf 39' lang='lat'>¹</span> 
     </span>
     <span class='ocr_line' id='line_1_26' title="bbox 295 3328 1477 3414; baseline -0.003 -20"><span class='ocrx_word' id='word_1_209' title='bbox 295 3335 357 3406; x_wconf 83' lang='lat' dir='ltr'><strong>tate</strong></span> <span class='ocrx_word' id='word_1_210' title='bbox 373 3328 504 3394; x_wconf 91' lang='lat' dir='ltr'><strong>hostium</strong></span> <span class='ocrx_word' id='word_1_211' title='bbox 520 3331 709 3414; x_wconf 91' lang='lat' dir='ltr'><strong>prevalente,</strong></span> <span class='ocrx_word' id='word_1_212' title='bbox 739 3330 903 3396; x_wconf 89' lang='lat' dir='ltr'><strong>christiane</strong></span> <span class='ocrx_word' id='word_1_213' title='bbox 930 3330 1041 3394; x_wconf 90' lang='lat' dir='ltr'><strong>milicie</strong></span> <span class='ocrx_word' id='word_1_214' title='bbox 1057 3332 1122 3395; x_wconf 87' lang='lat' dir='ltr'><strong>fers</strong></span> <span class='ocrx_word' id='word_1_215' title='bbox 1140 3329 1260 3414; x_wconf 90' lang='lat' dir='ltr'><strong>penitus</strong></span> <span class='ocrx_word' id='word_1_216' title='bbox 1276 3332 1399 3412; x_wconf 83' lang='lat' dir='ltr'><strong>agmina</strong></span> <span class='ocrx_word' id='word_1_217' title='bbox 1415 3348 1477 3392; x_wconf 90' lang='lat' dir='ltr'><strong>cor-</strong></span> 
     </span>
     <span class='ocr_line' id='line_1_27' title="bbox 297 3439 1580 3526; baseline 0.002 -22"><span class='ocrx_word' id='word_1_218' title='bbox 297 3447 429 3504; x_wconf 88' lang='lat' dir='ltr'><strong>rnerunt.</strong></span> <span class='ocrx_word' id='word_1_219' title='bbox 460 3441 566 3504; x_wconf 88' lang='lat' dir='ltr'><strong>Dictus</strong></span> <span class='ocrx_word' id='word_1_220' title='bbox 583 3461 655 3506; x_wconf 92' lang='lat' dir='ltr'><strong>vero</strong></span> <span class='ocrx_word' id='word_1_221' title='bbox 671 3462 723 3505; x_wconf 89' lang='lat' dir='ltr'><strong>rex</strong></span> <span class='ocrx_word' id='word_1_222' title='bbox 740 3461 808 3506; x_wconf 92' lang='lat' dir='ltr'><strong>cum</strong></span> <span class='ocrx_word' id='word_1_223' title='bbox 834 3442 911 3515; x_wconf 92' lang='lat' dir='ltr'><strong>hiis,</strong></span> <span class='ocrx_word' id='word_1_224' title='bbox 940 3444 990 3526; x_wconf 92' lang='lat' dir='ltr'><strong>qui</strong></span> <span class='ocrx_word' id='word_1_225' title='bbox 1018 3462 1122 3507; x_wconf 92' lang='lat' dir='ltr'><strong>secum</strong></span> <span class='ocrx_word' id='word_1_226' title='bbox 1145 3447 1334 3526; x_wconf 88' lang='lat' dir='ltr'><strong>supererant,</strong></span> <span class='ocrx_word' id='word_1_227' title='bbox 1357 3439 1480 3504; x_wconf 88' lang='lat' dir='ltr'><strong>hostium</strong></span> <span class='ocrx_word' id='word_1_228' title='bbox 1576 3478 1580 3507; x_wconf 65' lang='lat' dir='ltr'><strong>r</strong></span> 
     </span>
     <span class='ocr_line' id='line_1_28' title="bbox 88 3529 1579 3634; baseline -0.001 -22"><span class='ocrx_word' id='word_1_229' title='bbox 88 3588 92 3599; x_wconf 86' lang='lat'><em>-</em></span> <span class='ocrx_word' id='word_1_230' title='bbox 183 3572 287 3615; x_wconf 71' lang='lat' dir='ltr'><strong>rsus.</strong></span> <span class='ocrx_word' id='word_1_231' title='bbox 299 3549 559 3615; x_wconf 89' lang='lat' dir='ltr'><strong>circumstancium</strong></span> <span class='ocrx_word' id='word_1_232' title='bbox 575 3552 651 3615; x_wconf 89' lang='lat' dir='ltr'><strong>vallo</strong></span> <span class='ocrx_word' id='word_1_233' title='bbox 674 3552 790 3616; x_wconf 90' lang='lat' dir='ltr'><strong>cinctus</strong></span> <span class='ocrx_word' id='word_1_234' title='bbox 808 3559 839 3617; x_wconf 93' lang='lat' dir='ltr'><strong>et</strong></span> <span class='ocrx_word' id='word_1_235' title='bbox 855 3557 1069 3634; x_wconf 90' lang='lat' dir='ltr'><strong>coangustatus</strong></span> <span class='ocrx_word' id='word_1_236' title='bbox 1092 3552 1225 3624; x_wconf 91' lang='lat' dir='ltr'><strong>nimium,</strong></span> <span class='ocrx_word' id='word_1_237' title='bbox 1242 3529 1369 3616; x_wconf 83' lang='lat' dir='ltr'><strong>coactus</strong></span> <span class='ocrx_word' id='word_1_238' title='bbox 1387 3555 1433 3614; x_wconf 87' lang='lat' dir='ltr'><strong>cst</strong></span> <span class='ocrx_word' id='word_1_239' title='bbox 1446 3546 1491 3611; x_wconf 89' lang='lat' dir='ltr'><strong>ad&#39;</strong></span> <span class='ocrx_word' id='word_1_240' title='bbox 1578 3587 1579 3620; x_wconf 60' lang='lat' dir='ltr'><strong>r</strong></span> 
     </span>
     <span class='ocr_line' id='line_1_29' title="bbox 300 3658 1479 3745; baseline -0.004 -23"><span class='ocrx_word' id='word_1_241' title='bbox 300 3658 432 3725; x_wconf 90' lang='lat' dir='ltr'><strong>ultimum</strong></span> <span class='ocrx_word' id='word_1_242' title='bbox 455 3660 614 3725; x_wconf 90' lang='lat' dir='ltr'><strong>restituere</strong></span> <span class='ocrx_word' id='word_1_243' title='bbox 656 3661 864 3726; x_wconf 88' lang='lat' dir='ltr'><strong>Dammiatam.</strong></span> <span class='ocrx_word' id='word_1_244' title='bbox 908 3660 947 3725; x_wconf 85' lang='lat' dir='ltr'><strong>Et</strong></span> <span class='ocrx_word' id='word_1_245' title='bbox 968 3680 1004 3724; x_wconf 89' lang='lat' dir='ltr'><strong>eo</strong></span> <span class='ocrx_word' id='word_1_246' title='bbox 1032 3665 1138 3743; x_wconf 89' lang='lat' dir='ltr'><strong>postea</strong></span> <span class='ocrx_word' id='word_1_247' title='bbox 1160 3660 1298 3745; x_wconf 88' lang='lat' dir='ltr'><strong>ingresso</strong></span> <span class='ocrx_word' id='word_1_248' title='bbox 1321 3661 1361 3724; x_wconf 91' lang='lat' dir='ltr'><strong>ad</strong></span> <span class='ocrx_word' id='word_1_249' title='bbox 1384 3676 1479 3722; x_wconf 90' lang='lat' dir='ltr'><strong>reces-</strong></span> 
     </span>
     <span class='ocr_line' id='line_1_30' title="bbox 299 3765 1579 3854; baseline -0.005 -22"><span class='ocrx_word' id='word_1_250' title='bbox 299 3789 364 3834; x_wconf 90' lang='lat' dir='ltr'><strong>sum</strong></span> <span class='ocrx_word' id='word_1_251' title='bbox 395 3769 561 3852; x_wconf 88' lang='lat' dir='ltr'><strong>navigium,</strong></span> <span class='ocrx_word' id='word_1_252' title='bbox 592 3770 749 3834; x_wconf 87' lang='lat' dir='ltr'><strong>nonnullos</strong></span> <span class='ocrx_word' id='word_1_253' title='bbox 777 3770 816 3833; x_wconf 91' lang='lat' dir='ltr'><strong>de</strong></span> <span class='ocrx_word' id='word_1_254' title='bbox 843 3770 922 3843; x_wconf 91' lang='lat' dir='ltr'><strong>suis,</strong></span> <span class='ocrx_word' id='word_1_255' title='bbox 963 3770 1013 3854; x_wconf 93' lang='lat' dir='ltr'><strong>qui</strong></span> <span class='ocrx_word' id='word_1_256' title='bbox 1039 3770 1069 3832; x_wconf 93' lang='lat' dir='ltr'><strong>in</strong></span> <span class='ocrx_word' id='word_1_257' title='bbox 1098 3769 1220 3833; x_wconf 86' lang='lat' dir='ltr'><strong>civitate</strong></span> <span class='ocrx_word' id='word_1_258' title='bbox 1247 3770 1313 3853; x_wconf 90' lang='lat' dir='ltr'><strong>ipsa</strong></span> <span class='ocrx_word' id='word_1_259' title='bbox 1343 3770 1373 3833; x_wconf 93' lang='lat' dir='ltr'><strong>in</strong></span> <span class='ocrx_word' id='word_1_260' title='bbox 1400 3765 1478 3831; x_wconf 91' lang='lat' dir='ltr'><strong>lectis</strong></span> <span class='ocrx_word' id='word_1_261' title='bbox 1577 3767 1579 3852; x_wconf 67' lang='lat' dir='ltr'>j</span> 
     </span>
     <span class='ocr_line' id='line_1_31' title="bbox 300 3855 1578 3963; baseline -0.005 -20"><span class='ocrx_word' id='word_1_262' title='bbox 300 3880 476 3961; x_wconf 87' lang='lat' dir='ltr'><strong>egritudinis</strong></span> <span class='ocrx_word' id='word_1_263' title='bbox 499 3879 735 3952; x_wconf 89' lang='lat' dir='ltr'><strong>decumbebant,</strong></span> <span class='ocrx_word' id='word_1_264' title='bbox 764 3884 794 3943; x_wconf 88' lang='lat' dir='ltr'><strong>et</strong></span> <span class='ocrx_word' id='word_1_265' title='bbox 810 3880 885 3943; x_wconf 90' lang='lat' dir='ltr'><strong>alios</strong></span> <span class='ocrx_word' id='word_1_266' title='bbox 908 3879 1132 3953; x_wconf 81' lang='lat' dir='ltr'><strong>indifferenter,</strong></span> <span class='ocrx_word' id='word_1_267' title='bbox 1159 3880 1210 3963; x_wconf 92' lang='lat' dir='ltr'><strong>qui</strong></span> <span class='ocrx_word' id='word_1_268' title='bbox 1238 3880 1335 3944; x_wconf 88' lang='lat' dir='ltr'><strong>navali</strong></span> <span class='ocrx_word' id='word_1_269' title='bbox 1364 3895 1478 3943; x_wconf 85' lang='lat' dir='ltr'><strong>caruere</strong></span> <span class='ocrx_word' id='word_1_270' title='bbox 1577 3855 1578 3938; x_wconf 29' lang='grc' dir='ltr'>ἶ</span> 
     </span>
     <span class='ocr_line' id='line_1_32' title="bbox 299 3989 1578 4076; baseline -0.005 -22"><span class='ocrx_word' id='word_1_271' title='bbox 299 3990 443 4075; x_wconf 90' lang='lat' dir='ltr'><strong>presidio,</strong></span> <span class='ocrx_word' id='word_1_272' title='bbox 464 3989 659 4074; x_wconf 90' lang='lat' dir='ltr'><strong>perimebant.</strong></span> <span class='ocrx_word' id='word_1_273' title='bbox 689 3990 756 4055; x_wconf 91' lang='lat' dir='ltr'><strong>Non</strong></span> <span class='ocrx_word' id='word_1_274' title='bbox 778 3990 863 4055; x_wconf 84' lang='lat' dir='ltr'><strong>atinit</strong></span> <span class='ocrx_word' id='word_1_275' title='bbox 884 3989 942 4054; x_wconf 92' lang='lat' dir='ltr'><strong>illis</strong></span> <span class='ocrx_word' id='word_1_276' title='bbox 966 3990 1151 4054; x_wconf 90' lang='lat' dir='ltr'><strong>defensionis</strong></span> <span class='ocrx_word' id='word_1_277' title='bbox 1173 3989 1330 4054; x_wconf 88' lang='lat' dir='ltr'><strong>brachium</strong></span> <span class='ocrx_word' id='word_1_278' title='bbox 1353 4009 1409 4053; x_wconf 92' lang='lat' dir='ltr'><strong>nec</strong></span> <span class='ocrx_word' id='word_1_279' title='bbox 1430 4005 1478 4070; x_wconf 94' lang='lat' dir='ltr'><strong>pro</strong></span> <span class='ocrx_word' id='word_1_280' title='bbox 1572 4065 1578 4076; x_wconf 37' lang='lat'><em>‚</em></span> 
     </span>
     <span class='ocr_line' id='line_1_33' title="bbox 300 4093 1578 4182; baseline -0.005 -17"><span class='ocrx_word' id='word_1_281' title='bbox 300 4102 344 4166; x_wconf 92' lang='lat' dir='ltr'><strong>eis</strong></span> <span class='ocrx_word' id='word_1_282' title='bbox 359 4101 444 4165; x_wconf 90' lang='lat' dir='ltr'><strong>locus</strong></span> <span class='ocrx_word' id='word_1_283' title='bbox 466 4099 574 4182; x_wconf 88' lang='lat' dir='ltr'><strong>refugii</strong></span> <span class='ocrx_word' id='word_1_284' title='bbox 592 4105 639 4164; x_wconf 89' lang='lat' dir='ltr'><strong>est</strong></span> <span class='ocrx_word' id='word_1_285' title='bbox 652 4101 800 4164; x_wconf 87' lang='lat' dir='ltr'><strong>inventus.</strong></span> <span class='ocrx_word' id='word_1_286' title='bbox 819 4101 853 4174; x_wconf 85' lang='grc' dir='ltr'><strong>Α,</strong></span> <span class='ocrx_word' id='word_1_287' title='bbox 869 4101 1014 4164; x_wconf 88' lang='lat' dir='ltr'><strong>Domine!</strong></span> <span class='ocrx_word' id='word_1_288' title='bbox 1037 4099 1087 4163; x_wconf 92' lang='lat' dir='ltr'><strong>ubi</strong></span> <span class='ocrx_word' id='word_1_289' title='bbox 1105 4104 1174 4163; x_wconf 91' lang='lat' dir='ltr'><strong>sunt</strong></span> <span class='ocrx_word' id='word_1_290' title='bbox 1189 4098 1283 4162; x_wconf 88' lang='lat' dir='ltr'><strong>incliti</strong></span> <span class='ocrx_word' id='word_1_291' title='bbox 1306 4100 1416 4163; x_wconf 92' lang='lat' dir='ltr'><strong>athlete</strong></span> <span class='ocrx_word' id='word_1_292' title='bbox 1431 4093 1478 4165; x_wconf 88' lang='lat' dir='ltr'><strong>tui,</strong></span> <span class='ocrx_word' id='word_1_293' title='bbox 1577 4141 1578 4148; x_wconf 46' lang='lat'><strong>,</strong></span> 
     </span>
     <span class='ocr_line' id='line_1_34' title="bbox 298 4208 1477 4296; baseline -0.008 -21"><span class='ocrx_word' id='word_1_294' title='bbox 298 4210 348 4275; x_wconf 92' lang='lat' dir='ltr'><strong>ubi</strong></span> <span class='ocrx_word' id='word_1_295' title='bbox 375 4211 490 4276; x_wconf 91' lang='lat' dir='ltr'><strong>robusti</strong></span> <span class='ocrx_word' id='word_1_296' title='bbox 517 4211 653 4294; x_wconf 90' lang='lat' dir='ltr'><strong>pugiles,</strong></span> <span class='ocrx_word' id='word_1_297' title='bbox 682 4211 731 4275; x_wconf 94' lang='lat' dir='ltr'><strong>ubi</strong></span> <span class='ocrx_word' id='word_1_298' title='bbox 761 4217 1000 4296; x_wconf 90' lang='lat' dir='ltr'><strong>propugnatores</strong></span> <span class='ocrx_word' id='word_1_299' title='bbox 1030 4209 1135 4283; x_wconf 89' lang='lat' dir='ltr'><strong>electi,</strong></span> <span class='ocrx_word' id='word_1_300' title='bbox 1165 4209 1215 4294; x_wconf 91' lang='lat' dir='ltr'><strong>qui</strong></span> <span class='ocrx_word' id='word_1_301' title='bbox 1243 4208 1302 4274; x_wconf 91' lang='lat' dir='ltr'><strong>tide</strong></span> <span class='ocrx_word' id='word_1_302' title='bbox 1323 4209 1477 4292; x_wconf 82' lang='lat' dir='ltr'><strong>fulgentes,</strong></span> 
     </span>
     <span class='ocr_line' id='line_1_35' title="bbox 297 4301 1477 4405; baseline -0.004 -21"><span class='ocrx_word' id='word_1_303' title='bbox 297 4301 449 4386; x_wconf 84' lang='lat' dir='ltr'><strong>ferventes</strong></span> <span class='ocrx_word' id='word_1_304' title='bbox 472 4321 636 4386; x_wconf 86' lang='lat' dir='ltr'><strong>devocione</strong></span> <span class='ocrx_word' id='word_1_305' title='bbox 653 4341 689 4385; x_wconf 90' lang='lat' dir='ltr'><strong>ac</strong></span> <span class='ocrx_word' id='word_1_306' title='bbox 707 4322 896 4405; x_wconf 84' lang='lat' dir='ltr'><strong>experiencia</strong></span> <span class='ocrx_word' id='word_1_307' title='bbox 921 4320 1073 4405; x_wconf 90' lang='lat' dir='ltr'><strong>precipui,</strong></span> <span class='ocrx_word' id='word_1_308' title='bbox 1090 4320 1127 4383; x_wconf 91' lang='lat' dir='ltr'><strong>ad</strong></span> <span class='ocrx_word' id='word_1_309' title='bbox 1143 4324 1224 4383; x_wconf 91' lang='lat' dir='ltr'><strong>tuum</strong></span> <span class='ocrx_word' id='word_1_310' title='bbox 1242 4319 1368 4402; x_wconf 89' lang='lat' dir='ltr'><strong>prelium</strong></span> <span class='ocrx_word' id='word_1_311' title='bbox 1383 4322 1477 4383; x_wconf 88' lang='lat' dir='ltr'><strong>contra</strong></span> 
     </span>
     <span class='ocr_line' id='line_1_36' title="bbox 297 4411 1477 4513; baseline -0.007 -16"><span class='ocrx_word' id='word_1_312' title='bbox 297 4432 339 4497; x_wconf 90' lang='lat' dir='ltr'><strong>tui</strong></span> <span class='ocrx_word' id='word_1_313' title='bbox 356 4411 547 4513; x_wconf 88' lang='lat' dir='ltr'><strong>blasphemos</strong></span> <span class='ocrx_word' id='word_1_314' title='bbox 564 4430 692 4497; x_wconf 91' lang='lat' dir='ltr'><strong>nominis</strong></span> <span class='ocrx_word' id='word_1_315' title='bbox 709 4432 863 4496; x_wconf 79' lang='lat' dir='ltr'><strong>salutifere</strong></span> <span class='ocrx_word' id='word_1_316' title='bbox 880 4432 979 4495; x_wconf 89' lang='lat' dir='ltr'><strong>crucis</strong></span> <span class='ocrx_word' id='word_1_317' title='bbox 996 4429 1149 4513; x_wconf 84' lang='lat' dir='ltr'><strong>signiferis</strong></span> <span class='ocrx_word' id='word_1_318' title='bbox 1163 4449 1196 4492; x_wconf 90' lang='lat' dir='ltr'><strong>se</strong></span> <span class='ocrx_word' id='word_1_319' title='bbox 1210 4430 1401 4494; x_wconf 84' lang='lat' dir='ltr'><strong>accinxerant</strong></span> <span class='ocrx_word' id='word_1_320' title='bbox 1414 4447 1477 4510; x_wconf 90' lang='lat' dir='ltr'><strong>pre-</strong></span> 
     </span>
     <span class='ocr_line' id='line_1_37' title="bbox 296 4531 1577 4627; baseline -0.007 -20"><span class='ocrx_word' id='word_1_321' title='bbox 296 4543 445 4607; x_wconf 86' lang='lat' dir='ltr'><strong>liandum!</strong></span> <span class='ocrx_word' id='word_1_322' title='bbox 472 4544 510 4615; x_wconf 85' lang='grc' dir='ltr'><strong>Α,</strong></span> <span class='ocrx_word' id='word_1_323' title='bbox 528 4543 646 4606; x_wconf 93' lang='lat' dir='ltr'><strong>domine</strong></span> <span class='ocrx_word' id='word_1_324' title='bbox 661 4544 763 4607; x_wconf 88' lang='lat' dir='ltr'><strong>Deus!</strong></span> <span class='ocrx_word' id='word_1_325' title='bbox 786 4543 836 4607; x_wconf 91' lang='lat' dir='ltr'><strong>ubi</strong></span> <span class='ocrx_word' id='word_1_326' title='bbox 859 4544 986 4627; x_wconf 94' lang='lat' dir='ltr'><strong>populus</strong></span> <span class='ocrx_word' id='word_1_327' title='bbox 1010 4549 1077 4606; x_wconf 90' lang='lat' dir='ltr'><strong>tuus</strong></span> <span class='ocrx_word' id='word_1_328' title='bbox 1095 4531 1255 4625; x_wconf 88' lang='lat' dir='ltr'><strong>egregius,</strong></span> <span class='ocrx_word' id='word_1_329' title='bbox 1271 4563 1346 4625; x_wconf 89' lang='lat' dir='ltr'><strong>gens</strong></span> <span class='ocrx_word' id='word_1_330' title='bbox 1362 4537 1475 4603; x_wconf 92' lang='lat' dir='ltr'><strong>illustris</strong></span> <span class='ocrx_word' id='word_1_331' title='bbox 1576 4565 1577 4570; x_wconf 42' lang='lat'>¹</span> 
     </span>
     <span class='ocr_line' id='line_1_38' title="bbox 298 4652 1477 4738; baseline -0.007 -20"><span class='ocrx_word' id='word_1_332' title='bbox 298 4660 329 4718; x_wconf 93' lang='lat' dir='ltr'><strong>et</strong></span> <span class='ocrx_word' id='word_1_333' title='bbox 341 4658 483 4717; x_wconf 89' lang='lat' dir='ltr'><strong>strennua</strong></span> <span class='ocrx_word' id='word_1_334' title='bbox 495 4652 663 4725; x_wconf 92' lang='lat' dir='ltr'><strong>multitudo,</strong></span> <span class='ocrx_word' id='word_1_335' title='bbox 677 4654 727 4738; x_wconf 91' lang='lat' dir='ltr'><strong>qui</strong></span> <span class='ocrx_word' id='word_1_336' title='bbox 738 4672 793 4736; x_wconf 92' lang='lat' dir='ltr'><strong>pro</strong></span> <span class='ocrx_word' id='word_1_337' title='bbox 806 4660 848 4726; x_wconf 90' lang='lat' dir='ltr'><strong>te,</strong></span> <span class='ocrx_word' id='word_1_338' title='bbox 863 4653 977 4718; x_wconf 88' lang='lat' dir='ltr'><strong>relictis</strong></span> <span class='ocrx_word' id='word_1_339' title='bbox 994 4653 1144 4727; x_wconf 91' lang='lat' dir='ltr'><strong>omnibus,</strong></span> <span class='ocrx_word' id='word_1_340' title='bbox 1160 4659 1220 4717; x_wconf 90' lang='lat' dir='ltr'><strong>tam</strong></span> <span class='ocrx_word' id='word_1_341' title='bbox 1236 4653 1325 4736; x_wconf 90' lang='lat' dir='ltr'><strong>longa</strong></span> <span class='ocrx_word' id='word_1_342' title='bbox 1340 4657 1477 4715; x_wconf 90' lang='lat' dir='ltr'><strong>terrarum</strong></span> 
     </span>
    </p>
   </div>
   <div class='ocr_carea' id='block_1_3' title="bbox 392 4778 591 4846">
    <p class='ocr_par' dir='ltr' id='par_1_3' title="bbox 392 4778 591 4846">
     <span class='ocr_line' id='line_1_39' title="bbox 392 4778 591 4846; baseline -0.005 -13"><span class='ocrx_word' id='word_1_343' title='bbox 392 4778 425 4846; x_wconf 84' lang='lat' dir='ltr'><strong>a)</strong></span> <span class='ocrx_word' id='word_1_344' title='bbox 441 4781 468 4833; x_wconf 89' lang='lat' dir='ltr'><strong>at</strong></span> <span class='ocrx_word' id='word_1_345' title='bbox 481 4779 550 4833; x_wconf 84' lang='lat' dir='ltr'><strong>fehlt</strong></span> <span class='ocrx_word' id='word_1_346' title='bbox 563 4779 591 4832; x_wconf 86' lang='lat' dir='ltr'><strong>V.</strong></span> 
     </span>
    </p>
   </div>
   <div class='ocr_carea' id='block_1_4' title="bbox 0 0 1610 5392">
    <p class='ocr_par' dir='ltr' id='par_1_4' title="bbox 0 0 1610 5392">
     <span class='ocr_line' id='line_1_40' title="bbox 0 0 1610 5392; baseline 0 0"><span class='ocrx_word' id='word_1_347' title='bbox 0 0 1610 5392; x_wconf 95' lang='lat' dir='ltr'><strong> </strong></span> 
     </span>
    </p>
   </div>
  </div>
 </body>
</html>
