3209 5392
224 531 302 601 326

221 702 452 767 veneracionem
468 701 567 764 felicis
583 701 723 772 nominis,
741 699 910 764 audivimus
926 699 1094 783 pacienter,
1118 701 1277 785 ipsiusque
1299 704 1427 781 recepta

222 811 319 894 copia,
336 816 366 873 et
382 809 605 893 deliberacione
623 828 716 891 super
731 811 789 873 boo
805 807 964 892 prebebita
980 814 1107 882 matura,
1125 810 1197 893 quia
1212 829 1268 892 per
1283 808 1379 879 idem,
1397 807 1424 870 si

223 919 283 983 diei
311 918 420 990 debet,
446 917 638 1000 privilegium
670 922 736 981 tota
758 918 805 980 lex
827 917 957 979 civitatis
981 923 1012 980 et
1035 922 1138 981 nostre
1161 918 1261 1000 patrie
1278 916 1366 1000 plene
1383 920 1423 998 a)

220 1027 340 1108 penitus
363 1026 544 1090 absorbetur
566 1033 597 1089 et
620 1025 812 1088 decoloratur
836 1030 933 1088 status
958 1029 1060 1089 nostre
1077 1024 1175 1110 patrie
1192 1024 1356 1107 generalis,
1381 1024 1421 1087 ab

220 1137 351 1220 antiquis
380 1134 566 1219 temporibus
595 1155 613 1198 a
635 1133 745 1198 vestris
771 1133 848 1196 divis
863 1133 1136 1217 predecessoribus
1154 1134 1327 1207 ordinatus,
1351 1140 1422 1218 post

221 1245 340 1309 diversa
368 1244 511 1317 consilia,
538 1244 642 1307 habita
669 1261 737 1306 eum
761 1242 965 1324 sapientibus,
994 1248 1026 1306 et
1048 1242 1209 1327 colloquia,
1224 1243 1257 1306 in
1272 1243 1421 1307 communi

220 1361 323 1419 nostra
340 1353 562 1435 deliberacione
578 1351 699 1417 tandem
715 1352 846 1424 resedit,
873 1352 954 1435 quod
971 1353 1040 1435 quia
1057 1353 1123 1417 eius
1140 1359 1187 1416 est
1202 1353 1302 1435 legem
1326 1353 1423 1416 inter·

219 1465 333 1545 pretari
364 1463 411 1527 vel
444 1462 621 1533 emendare,
660 1460 746 1523 cuius
779 1465 827 1525 est
859 1459 1006 1523 condere:
1049 1461 1088 1525 ad
1120 1466 1222 1524 vestre
1253 1461 1421 1525 maiestatis

218 1571 423 1643 audientiam,
458 1589 547 1653 quam
581 1570 612 1633 in
646 1569 703 1632 bac
726 1574 812 1651 parte
836 1569 999 1634 calliditate
1023 1568 1243 1653 inpetrancium
1268 1569 1421 1635 credimus

220 1680 473 1750 circumventam,
500 1678 557 1741 sub
579 1684 664 1741 certa
685 1679 782 1742 forma
806 1676 942 1741 duximus
964 1678 1164 1742 communiter
1179 1684 1211 1741 et
1226 1679 1422 1775 solemprp‘ter

219 1788 482 1870 proclamandum,
510 1789 668 1870 sperantes
697 1790 728 1849 et
754 1785 786 1849 in
811 1785 955 1850 altissimi
983 1786 1193 1851 misericordia
1221 1786 1421 1860 confidentes,

220 1897 311 1981 quod,
336 1917 403 1960 cum
419 1896 506 1960 nobis
522 1896 695 1979 paraverint
717 1895 965 1959 inconveniencia
980 1895 1116 1989 pericula
1133 1916 1169 1959 ex
1185 1896 1237 1961 tali
1259 1896 1419 1979 privilegio

217 2011 409 2087 proventura,
425 2010 525 2069 vestra
543 2004 668 2087 provida
681 2009 712 2067 et
723 2003 862 2068 benivola
875 2004 1040 2085 sapiencia,
1057 2004 1200 2068 remediis
1213 2006 1420 2070 subiectorum

217 2111 349 2176 fidelium
367 2111 538 2194 invigilans,
563 2133 580 2175 a
600 2111 692 2175 tantis
709 2132 763 2176 nos
781 2111 1011 2176 turbacionibus
1029 2118 1060 2176 et
1075 2113 1174 2176 tocius
1193 2113 1292 2195 patrie
1309 2133 1421 2196 grava·

218 2219 347 2283 minibus
374 2219 530 2293 relevabit,
559 2226 590 2283 et
620 2220 659 2282 ad
687 2226 797 2284 statum
825 2218 985 2303 pacificum
1012 2226 1043 2283 et
1066 2220 1232 2305 antiquum,
1257 2222 1419 2305 amputatis

218 2329 313 2392 noxiis
330 2327 524 2402 novitatibus,
542 2328 704 2392 salubriter
720 2329 819 2392 omnia
835 2328 1021 2393 reformabit.

307 2472 393 2544 ll'dnig
410 2471 514 2527 undolf
526 2472 600 2525 hatte
619 2489 661 2524 am
679 2470 723 2524 10.
741 2472 901 2542 September
919 2471 991 2525 1275
1012 2472 1064 2526 den
1082 2473 1206 2526 Decanen
1225 2474 1279 2527 und
1292 2472 1419 2544 Capiteln

218 2563 267 2617 der
278 2563 393 2617 llirclren
406 2581 437 2616 zu
449 2562 558 2617 Lottteh
570 2562 644 2616 nieht
656 2562 729 2616 bloss
744 2560 786 2616 ein
799 2563 916 2633 Privileg
929 2563 1077 2617 Heinrich’s
1090 2563 1120 2618 V.
1136 2563 1279 2632 bestttipt,
1297 2565 1419 2618 sondern

217 2652 258 2707 sie
277 2639 345 2709 aucb
367 2655 435 2708 noch
452 2653 537 2708 dureb
557 2652 633 2708 einen
656 2651 806 2708 besondern
824 2653 1017 2708 urlmndlieben
1038 2652 1239 2725 Rechtssprucb
1260 2657 1419 2725 gegrnbber

217 2745 270 2799 den
300 2746 424 2800 Schdb'en
452 2744 506 2798 nod
538 2744 598 2799 dem
622 2745 837 2815 Burgermeister
862 2763 912 2799 von
937 2742 1045 2799 Ltittieb
1071 2744 1098 2798 in
1129 2745 1229 2800 Schutz
1255 2763 1417 2815 genommen

222 2836 304 2907 (fleg.
317 2836 383 2891 Rud.
396 2853 438 2891 no.
451 2835 506 2889 203
520 2833 572 2890 uod
591 2834 671 2905 204).
685 2836 721 2888 Er
733 2852 789 2891 var
801 2838 869 2890 eben
882 2836 916 2889 im
929 2836 1032 2904 Begriff
1042 2835 1110 2889 nscb
1122 2835 1261 2891 Lausanne
1274 2854 1306 2889 ru
1319 2840 1420 2906 geben,

222 2943 266 2981 nm
279 2928 338 2981 dort
351 2928 400 2981 mit
412 2926 516 2997 Gregor
529 2928 559 2980 x.
573 2942 722 2980 zusammen
734 2943 766 2980 zu
777 2927 881 2992 treffen,
894 2926 947 2980 und
961 2926 1078 2981 Gerbert
1090 2924 1108 2979 l.
1122 2942 1146 2979 e.
1161 2927 1236 2980 veist
1259 2927 1305 2983 mit
1326 2927 1418 2982 Recbt

218 3014 316 3072 darauf
331 3017 390 3081 bin,
414 3016 476 3070 dass
495 3018 525 3071 ll.
543 3014 645 3070 liudolf
658 3016 733 3081 sich,
755 3018 802 3071 mit
821 3018 970 3072 Rticksicht
989 3017 1037 3071 auf
1048 3015 1155 3088 Gregor
1167 3021 1214 3081 x.,
1238 3020 1287 3072 der
1300 3021 1415 3074 ehedem

216 3107 427 3163 Archidiaconus
446 3124 477 3160 ru
495 3106 603 3160 Lauren
624 3123 695 3170 war,
715 3125 748 3160 zu
767 3108 815 3162 der
833 3108 981 3163 besondern
1001 3107 1205 3178 Begtrnstigung
1223 3110 1271 3164 der
1289 3111 1416 3182 dortigen

218 3197 403 3253 Geistlioblreit
415 3197 484 3252 babe
502 3198 656 3251 bestimmen
676 3197 773 3253 lassen.
798 3197 886 3253 Unser
905 3199 983 3253 Brief
992 3201 1110 3264 emhilt,
1131 3201 1181 3254 wie
1200 3203 1283 3254 sebon
1298 3203 1416 3259 Gerbcrt

216 3289 269 3343 und
282 3289 413 3342 Boebmer
425 3288 587 3349 bomerken,
606 3288 650 3341 die
663 3287 841 3343 Rescbuerde
855 3289 904 3344 der
915 3290 1019 3361 Burger
1032 3292 1100 3344 siber
1114 3289 1188 3344 diese
1201 3293 1346 3361 Massregel
1365 3294 1416 3349 des

217 3379 318 3451 lldnigs
330 3380 384 3433 und
396 3378 467 3433 bitte
479 3395 523 3432 nm
537 3378 652 3433 Abbill‘e.

790 3534 853 3605 28.

571 3710 711 3793 Princeps
728 3708 760 3773 ll.
778 3708 973 3774 bononorum
988 3712 1062 3791 regi.

774 3866 856 3923 1276.

216 4013 274 4069 Der
285 4012 427 4071 Patr-iareb
445 4014 587 4082 Raymund
607 4031 657 4069 eon
669 4013 796 4085 Aquiteja
809 4013 907 4068 drttelet
918 4016 978 4070 dem
991 4014 1095 4086 Kouipe
1106 4013 1213 4086 Rudotf
1220 4013 1296 4070 reim
1306 4016 1415 4071 manue

216 4106 334 4160 durator
356 4122 414 4169 ouo,
437 4106 504 4160 duae
525 4122 555 4160 er
577 4103 623 4159 uie
643 4103 698 4160 ihm
719 4104 959 4178 wideropeaete'peu
982 4107 1096 4161 Fursteu
1115 4105 1253 4177 aaeMipen
1270 4107 1416 4162 waldcund

294 4194 445 4268 vmspriodt
455 4193 509 4252 idm
521 4193 614 4250 ocium
629 4195 758 4250 deierand
767 4212 853 4267 papea
865 4197 918 4250 dea
932 4196 1020 4268 Kduip
1035 4195 1136 4251 orator
1148 4213 1198 4252 ron
1211 4195 1340 4252 demeu.

307 4342 389 4398 Gerb.
401 4342 428 4406 2,
440 4340 484 4395 53.

306 4488 418 4570 Regios
442 4487 562 4570 apices,
590 4487 642 4570 qui
664 4506 740 4569 pure
762 4485 833 4549 fidei
857 4492 1057 4571 prompteque
1081 4486 1257 4550 devocionis
1286 4487 1413 4550 enxenia

216 4594 339 4676 exigunt
362 4599 394 4658 et
430 4594 519 4677 signa
541 4594 714 4678 requirunt,
742 4593 931 4678 suscepimus
960 4591 1196 4659 honorificentia
1219 4592 1410 4676 promptiori.

310 4720 343 4790 a)
357 4736 427 4793 pene
439 4720 468 4775 Ζ.
