3209 5392
1319 560 1365 632 21

176 730 312 812 epistola,
341 731 498 795 videlicet:
528 735 729 809 mundatum,
756 742 957 821 preceptum,
987 736 1169 812 consilium,
1193 733 1371 802 corrourio.

174 841 389 928 supplicacio,
412 844 585 908 voluntatis
601 845 766 930 capiccio,
794 846 881 926 facti
910 847 1097 921 revocaris:
1131 844 1216 907 verbi
1251 842 1371 924 gracia:

175 950 377 1013 ecclesiastici
392 952 449 1013 viri
466 951 625 1015 scribendo
648 954 711 1016 suis
727 953 936 1025 interioribus
960 954 985 1016 si
1002 960 1071 1018 sunt
1087 954 1200 1025 clerici,
1218 952 1322 1015 dicunt
1338 953 1373 1032 α)

177 1079 253 1141 „per
280 1078 439 1124 censuram
466 1061 737 1135 ecclesiasticam
755 1063 781 1124 si
808 1083 880 1126 vero
903 1068 973 1126 sunt
993 1063 1073 1135 laici,
1095 1068 1167 1126 tunc
1190 1061 1294 1124 dicunt
1316 1059 1375 1120 eis:

178 1167 335 1241 „volumus
352 1173 382 1230 et
397 1168 583 1241 mandamus,
607 1172 754 1252 quatenus
776 1171 835 1234 hoc
852 1171 899 1233 vel
921 1171 980 1233 hoc
1002 1171 1153 1234 saciatis“.
1186 1172 1376 1255 Preccptum

176 1276 293 1357 maguis
316 1277 455 1340 convenit
474 1277 560 1340 laicis
582 1279 671 1350 viris,
701 1279 751 1362 qui
773 1281 920 1360 premissa
941 1280 1118 1343 narracione
1135 1278 1288 1340 subiciunt
1308 1275 1376 1338 loco

175 1383 338 1466 peticionis
355 1384 393 1447 ad
415 1384 569 1448 subditos:
597 1388 798 1468 „precipimus
821 1388 914 1469 igitur
935 1387 1020 1450 vobis
1043 1387 1099 1451 sub
1122 1386 1245 1465 obtentu
1274 1382 1377 1466 gracie

175 1498 290 1565 nostre,
314 1499 461 1575 quatenus
493 1495 531 1557 ab
562 1495 670 1558 iniuria
701 1496 770 1559 talis
796 1497 926 1560 bominis
958 1496 1143 1559 desistatis“.
1179 1492 1378 1561 Consultorio

170 1603 297 1691 peticio
312 1603 434 1684 ponitur
449 1603 533 1665 verbi
549 1605 669 1685 gracia:
685 1606 831 1680 „consulo
846 1607 940 1687 igitur
950 1605 1016 1676 tibi,
1030 1610 1177 1688 quatenus
1189 1602 1379 1665 laudabiliter

174 1712 351 1775 inchoatum
377 1712 559 1794 principium
585 1711 644 1776 fine
673 1714 904 1778 commendabili
926 1719 956 1776 et
982 1712 1125 1777 laudabili
1152 1711 1378 1793 prosequaris“.

175 1820 259 1882 idem
276 1824 324 1882 est
340 1820 377 1882 de
394 1821 689 1887 exhortacione-
702 1822 947 1911 Supplicotorc'u
959 1823 1082 1911 peticio
1099 1826 1145 1885 est
1160 1820 1246 1883 verbi
1258 1818 1379 1901 gracia:

179 1928 338 2010 „supplico
365 1928 420 1991 tibi
447 1931 611 2013 amicorum
638 1930 814 2003 karissime,
843 1937 991 2015 quatenus
1011 1930 1171 2013 pecuniam
1193 1928 1246 1992 tibi
1263 1948 1318 2010 per
1333 1946 1380 1988 me

178 2056 358 2100 concessam
379 2037 485 2100 harum
506 2038 594 2102 latori
617 2059 677 2102 non
698 2061 829 2103 rennuas
852 2039 973 2102 exibere
991 2039 1061 2125 b)“.
1094 2037 1265 2101 Notandum
1281 2042 1382 2099 tamen

178 2146 260 2228 quod
273 2150 321 2208 est
334 2144 507 2208 differencia
523 2147 602 2210 inter
618 2149 788 2229 supplicare
806 2154 836 2212 et
850 2153 971 2231 petere:
988 2147 1150 2228 maioribus
1168 2145 1381 2228 supplicamus,

180 2254 303 2337 equales
325 2253 464 2335 petimus.
497 2254 572 2317 ltcm
593 2258 768 2322 voluntatis
796 2258 945 2343 capiccio
967 2256 1034 2320 loco
1061 2255 1220 2337 peticionis
1243 2254 1500 2337 positurus-ec

178 2363 263 2426 verbi
291 2362 411 2445 gracia:
444 2364 600 2438 „volumus
628 2365 736 2446 igitur,
765 2370 798 2428 ut
825 2370 961 2429 nostrum
993 2365 1174 2427 desiderium
1206 2381 1383 2445 processum
1449 2379 1451 2383 ’

178 2471 291 2535 habeat
313 2477 343 2534 θῖ
365 2469 525 2552 quodiam
547 2474 661 2535 tactum
684 2479 731 2536 θεῖ
752 2493 807 2555 pro
830 2479 900 2537 voto
922 2479 1025 2538 nostro
1048 2494 1084 2535 ex
1106 2493 1185 2536 nunc
1202 2478 1232 2535 et
1248 2472 1278 2534 in
1294 2476 1383 2533 antea

180 2585 300 2644 maneat
317 2579 494 2642 illibatum“.
524 2583 620 2647 Facti
634 2583 813 2655 revocacio,
830 2601 889 2665 que
906 2583 1013 2652 eciam,
1029 2588 1063 2645 ut
1085 2581 1229 2653 diximus,
1245 2580 1383 2663 quando-

182 2709 240 2772 que
259 2693 293 2772 e)
311 2689 392 2752 cadit
408 2690 439 2751 in
454 2689 554 2752 locum
569 2690 738 2772 peticionis,
756 2691 883 2752 maxime
898 2691 998 2754 locum
1013 2690 1106 2753 habet
1117 2692 1148 2752 in
1166 2691 1274 2754 litteris
1290 2709 1384 2771 papa·

182 2799 280 2871 libus:
296 2799 381 2861 verbi
394 2799 513 2880 gracia:
533 2798 739 2871 „Revocamus
752 2798 846 2880 igitur
857 2799 947 2862 talem
961 2798 1156 2871 sentenciam,
1174 2818 1262 2881 quam
1279 2807 1384 2861 contra

184 2928 330 2971 canonem
346 2909 482 2972 novimus
500 2927 568 2969 esse
583 2907 675 2970 latam
690 2906 761 2992 d).“
781 2906 1014 2971 —Notandum
1031 2907 1138 2981 eciam,
1155 2909 1236 2992 quod
1251 2909 1282 2969 iu
1305 2903 1384 2969 omni

184 3017 336 3100 peticione
352 3037 444 3078 unum
461 3016 609 3079 extribus
626 3022 673 3079 est
690 3016 960 3087 considerandum,
983 3016 1100 3079 scilicet
1115 3018 1162 3079 vel
1179 3017 1321 3081 honestas
1338 3013 1384 3074 vel

184 3125 370 3213 possibilitas
384 3129 435 3188 aut
447 3124 574 3187 utilitas:
592 3125 775 3188 honestas
792 3123 862 3188 idco
876 3125 956 3206 quod
968 3126 1066 3207 turpia
1082 3149 1142 3191 non
1159 3131 1228 3189 sunt
1244 3125 1385 3209 petenda,

185 3234 431 3320 possibilitas
449 3252 517 3296 nam
531 3233 652 3296 stultum
660 3239 706 3296 est
717 3239 822 3316 petere
835 3234 1019 3318 quodpossit
1030 3238 1095 3300 iure
1102 3236 1218 3318 negari,
1235 3236 1386 3300 utilitas

185 3346 326 3409 videlicet
358 3343 437 3427 quod
468 3341 512 3404 rei
543 3343 635 3423 petite
674 3341 830 3405 exaudicio
863 3343 944 3406 utilis
982 3365 1051 3407 esse
1083 3351 1114 3409 θῖ
1144 3367 1205 3410 non
1236 3345 1387 3427 superflua

186 3455 333 3519 rideatur.

636 3724 676 3787 Ile
694 3702 886 3789 conclusione
903 3724 951 3809 e),

268 3925 425 4011 'Sequitur
440 3923 477 3986 de
494 3922 697 3986 conclusione.
727 3924 782 3988 Est
797 3925 890 4007 igitur
906 3928 1060 3992 conclusio
1078 3948 1222 3992 summam
1240 3927 1388 3992 oracionis

190 4038 351 4121 explicans.
384 4033 555 4098 Notandum
571 4052 642 4095 vero
666 4032 746 4115 quod
769 4035 995 4099 conclusionum
1017 4039 1074 4101 alia
1090 4045 1137 4102 θεῖ
1152 4039 1389 4126 deprecatoria,

190 4148 247 4212 alia
263 4146 478 4214 mundatoria,
495 4143 552 4206 alia
568 4142 757 4213 hortatoria,
779 4144 837 4206 alia
853 4150 1078 4220 consolatoria,
1102 4149 1158 4211 alia
1182 4150 1389 4215 correctorio.

190 4256 288 4320 Prime
303 4260 367 4319 tres
383 4254 471 4316 facile
488 4256 615 4334 possunt
632 4252 793 4333 coguosoi3
811 4257 1025 4321 consolatoria
1042 4257 1086 4320 sic
1103 4256 1152 4330 fit,
1168 4258 1253 4320 verbi
1269 4258 1389 4339 gracia:

194 4384 269 4440 „nec
296 4383 351 4425 vos
379 4382 459 4426 mors
486 4359 554 4424 talis
581 4380 711 4442 persone
732 4361 904 4442 perturbet,
933 4364 1003 4447 quia
1024 4385 1180 4447 speramus
1202 4366 1300 4449 ipsum
1323 4386 1392 4430 eum

265 4630 268 4633 ,
282 4582 316 4650 a)
337 4579 495 4635 mandamus
507 4578 584 4633 vobis
597 4597 647 4649 par
661 4597 801 4642 censuram
814 4583 1034 4649 ecclesiasticam,
1049 4592 1180 4660 quatenus
1192 4592 1246 4646 hoc
1263 4594 1305 4648 vel
1320 4593 1387 4648 illud

192 4673 279 4730 statim
299 4671 364 4727 viris
381 4670 550 4742 presentibus
570 4671 685 4726 faciatis.
703 4673 862 4746 Preceptum
881 4677 911 4730 Z.
924 4708 958 4719 -
971 4679 1004 4748 b)
1026 4684 1154 4739 exhibere
1167 4683 1196 4736 Z.
1210 4712 1244 4721 -
1257 4683 1290 4750 c)
1303 4701 1390 4757 quan-

192 4765 336 4841 doquidem
350 4763 377 4819 Z.
398 4793 427 4801 -
442 4762 477 4831 d)
491 4764 622 4832 prolatam
637 4764 664 4818 Z.
678 4766 710 4834 e)
724 4765 867 4824 Distinctio
880 4772 923 4827 Xl.
