3209 5392
243 482 318 553 174

238 652 357 715 rimatis
374 648 578 713 constanciam
600 651 762 717 revocato,
783 652 818 710 ut
839 646 891 711 ubi
913 646 1098 711 habundavit
1114 649 1255 715 delictum
1276 651 1424 718 habundet

237 765 269 821 et
281 758 382 839 gracia
399 762 430 820 et
446 762 550 820 contra
561 755 715 837 predictos
729 774 818 818 casus
835 755 942 818 reddat
957 760 989 818 te
1005 756 1036 818 in
1051 757 1191 822 omnibus
1202 761 1424 848 cauciorema).

326 918 519 988 Ergtoanngen
542 931 590 969 aus
610 914 782 968 Huill.·Brdh.
801 914 848 975 lll,
864 914 1017 969 eat-226.
1040 915 1190 987 Gregorius
1204 922 1257 972 etc.
1270 919 1341 974 llrid.
1353 921 1424 974 Rom.

240 1005 393 1075 imperatori
406 1021 513 1075 semper
526 1008 640 1073 augusto
654 1007 681 1057 et
692 1002 751 1072 regi
766 1003 858 1056 Sicilie
875 1033 903 1042 —
919 1003 953 1074 α)
974 1004 1044 1071 lolgt
1057 1004 1101 1057 die
1115 1006 1186 1060 Bitte
1199 1025 1242 1060 um
1255 1009 1422 1078 l'reilassuog

237 1094 286 1148 des
300 1094 398 1149 Grafen
411 1094 529 1149 Thomas
547 1093 615 1163 (von
633 1091 748 1163 calano)
762 1093 814 1146 und
832 1092 881 1146 der
894 1092 983 1146 sonno
994 1093 1141 1162 Raynald's
1160 1112 1211 1150 von
1225 1096 1340 1150 Aversa:
1360 1096 1417 1165 quia

238 1184 332 1253 procul
346 1212 379 1224 -
392 1182 523 1238 attentari.
548 1183 607 1236 Dat.
623 1182 743 1250 Anagnia
755 1180 785 1234 V.
799 1181 857 1235 Kal.
871 1182 1021 1252 Septembr.
1033 1183 1127 1250 pontit.
1141 1201 1165 1238 a.
1178 1183 1234 1238 tva

816 1474 879 1544 37.

413 1651 492 1732 Papa
507 1670 597 1733 super
612 1647 809 1714 rarecaclene
826 1650 993 1730 apostalice
1010 1652 1090 1714 sedis
1107 1651 1199 1732 legati
1215 1646 1265 1731 a),

246 1822 581 1896 &Papatfwdcrtma't
597 1820 741 1878 macheu
758 1822 863 1876 Worten
881 1820 1091 1892 cinenbeycteu
1107 1822 1165 1892 aas,
1185 1822 1432 1879 coemam

208 1931 213 1940 ·
261 1914 333 1985 decep
345 1912 442 1968 scotica
454 1911 608 1972 cellbracbt,
620 1910 782 1982 celleunipet
793 1927 831 1963 cc
842 1912 895 1964 den
902 1910 1071 1981 papulicden
1085 1911 1140 1982 Hos
1147 1914 1247 1967 eareat
1258 1933 1291 1968 aa
1304 1913 1412 1968 haren

333 2074 464 2155 Tempus
496 2078 559 2144 est,
591 2078 624 2135 ut
651 2071 761 2133 emissa
790 2069 946 2139 columba,
976 2070 1077 2135 virens
1110 2073 1304 2137 iocunditatis
1333 2074 1435 2137 folium

241 2161 382 2251 atterens,
404 2183 572 2244 revertatur
588 2178 627 2241 ad
643 2178 775 2248 archam,
797 2182 915 2258 tempus
932 2184 991 2247 est,
1012 2183 1045 2241 ut
1060 2176 1137 2242 tilius
1159 2184 1286 2242 matrem
1309 2201 1434 2263 presens

240 2286 365 2350 letificet
387 2287 447 2349 iam
473 2284 607 2349 absentis
635 2284 717 2346 tedio
744 2285 917 2364 fatigatam,
951 2289 1069 2365 tempus
1098 2290 1146 2348 est
1168 2286 1314 2368 denique,
1344 2293 1378 2350 ut
1401 2287 1438 2350 ad

241 2392 323 2455 illum
343 2392 469 2460 redeas,
497 2390 601 2473 quite
626 2389 664 2452 ad
685 2389 820 2453 iniuncta
848 2390 1016 2453 dinoscitur
1041 2392 1255 2454 transmisisse.
1287 2393 1438 2456 Emissum

232 2489 320 2560 'enim
345 2497 403 2560 iam
432 2496 572 2560 emittens
601 2495 804 2559 desideratum
832 2501 971 2577 expectat
1000 2516 1068 2559 cum
1093 2498 1212 2579 insigne
1241 2498 1438 2562 exultacionis

249 2603 381 2684 tripudio
412 2606 631 2672 reuertentem,
666 2607 763 2666 mater
792 2622 911 2686 quoque
943 2604 1040 2667 sinum
1072 2603 1198 2669 absente
1229 2606 1288 2669 tilio
1321 2608 1439 2688 replere

253 2711 424 2781 desiderat,
457 2715 487 2773 et
519 2712 628 2773 fratres
661 2729 732 2773 suos
769 2710 869 2773 notiam
908 2710 1020 2773 solacio
1057 2713 1205 2775 renovari.
1245 2713 1321 2776 Cum
1352 2715 1442 2794 igitur

249 2823 390 2899 suscepte
422 2818 586 2899 legacionis
625 2816 756 2884 officium
794 2817 894 2880 debita
930 2817 1088 2881 laudabilis
1120 2819 1332 2883 sollicitudinis
1366 2821 1441 2901 vigi·

251 2924 350 2987 lancia
373 2924 411 3009 b)
443 2926 536 2989 fueris
577 2931 720 2991 executus
760 2930 791 2988 et
835 2924 1102 2989 subcrescentibus
1140 2927 1272 2990 Romane
1311 2927 1440 2990 ecclesie

246 3031 382 3113 negociis
398 3037 449 3094 tua
467 3033 626 3113 presencia
648 3031 736 3095 nobis
758 3031 798 3094 sit
821 3052 880 3095 non
901 3032 1051 3095 modicum
1074 3038 1236 3113 oportuna:
1264 3034 1440 3096 mandamus

229 3145 391 3220 ⁴quatenus
410 3139 510 3203 statim
533 3138 606 3202 visis
626 3138 722 3202 literis
744 3138 867 3202 studeas
889 3139 929 3201 ad
952 3138 1055 3202 sedem
1078 3140 1275 3221 apostolicam
1290 3145 1324 3203 te
1340 3145 1438 3205 trans·

248 3246 338 3309 serre.

819 3451 881 3558 aa.

668 3644 746 3725 Papa
761 3644 847 3707 latr·
863 3643 901 3707 da
916 3641 1024 3708 lincis.

725 3798 807 3853 1242.
820 3799 926 3869 August
938 3817 962 3855 c.

246 3960 611 4018 &coordinationem
626 3961 724 4013 Petrae
745 3959 780 4013 de
804 3959 902 4019 Vincis,
924 3957 989 4013 heim
1013 3958 1111 4015 Kaa‘eer
1129 3962 1302 4035 Fdraprccbe
1320 3984 1353 4019 zu
1377 3966 1438 4021 aas

497 4066 587 4120 noegeo
599 4047 775 4119 Freilmecap
787 4048 838 4102 der
848 4048 1017 4119 pefecqencn
1031 4049 1184 4104 Cardindle.
1441 4047 1443 4050 ’

336 4195 467 4258 'l'cciens
483 4194 538 4259 tibi
556 4195 707 4255 incassum
724 4190 884 4255 scribimus
901 4197 933 4255 et
947 4191 979 4253 in
993 4198 1115 4257 ventum
1131 4194 1169 4278 c]
1185 4215 1293 4277 preces
1311 4198 1437 4262 effundi-

247 4322 314 4365 mus
326 4321 380 4383 pro
391 4301 557 4365 karissimis
569 4298 713 4362 tratribus
726 4297 837 4362 nostris
851 4303 882 4361 et
893 4298 971 4372 aliis,
984 4299 1145 4382 quiadhuc
1159 4320 1284 4367 carcere
1294 4306 1436 4387 principis

338 4514 372 4582 a)
383 4514 423 4568 dis
433 4514 512 4582 legati
524 4513 591 4568 fehlt
605 4513 633 4567 V.
650 4478 728 4578 -⁴d)
741 4509 882 4581 vigilancia
895 4526 935 4566 am
947 4512 1038 4567 ltande
1051 4513 1081 4567 V.
1094 4543 1131 4556 --
1140 4516 1173 4583 c)
1187 4532 1228 4571 am
1241 4516 1342 4578 Raude,
1355 4517 1435 4572 alius:

245 4621 272 4658 on
286 4620 387 4658 vanum.
562 4627 564 4630 ·
1257 4639 1260 4642 -
