3209 5392
1323 446 1399 518 215

209 621 392 693 Ferentinis,
406 619 487 699 etad
500 628 634 683 nostrum
647 620 869 704 beneplacitum
883 627 914 684 et
925 620 1097 685 mandatum
1113 618 1144 682 ln
1159 638 1265 683 manus
1282 625 1401 682 nostras

210 730 362 792 civitatem
379 727 599 791 subicientibus
617 733 648 790 et
663 748 827 809 personas,
855 729 990 810 prestitis
1013 727 1100 791 nobis
1116 727 1267 790 fidelitatis
1287 725 1402 789 debitis

209 836 383 898 iuramentis
415 840 446 897 et
478 833 591 898 illicitis
626 834 811 916 quibuslibet
837 854 895 917 que
924 836 1061 897 fecerant
1088 833 1252 903 abieratis,
1281 853 1333 896 eos
1361 831 1401 896 ad

213 943 375 1005 dominium
403 946 538 1004 nostrum
567 946 597 1003 et
624 941 758 1021 grumam
780 942 967 1023 recepimus,
996 941 1133 1004 omnibus
1157 960 1260 1003 eorum
1277 939 1400 1003 offensis

211 1055 344 1114 nostram
360 1048 598 1111 misericordiam
620 1054 842 1129 preponentes,
871 1068 939 1111 cum
961 1048 1124 1129 gloriosum
1146 1048 1279 1111 vindicte
1302 1067 1398 1128 genus

210 1174 372 1238 pensemus
395 1155 555 1236 ignoscere
584 1154 696 1225 noxiis,
725 1174 793 1217 oum
815 1154 1000 1235 potuerimus
1022 1155 1209 1225 vindicasse,
1238 1174 1274 1217 ac
1296 1153 1403 1217 felices

211 1263 339 1326 victorie
361 1269 463 1326 nostre
492 1263 603 1344 tytulos
626 1261 813 1324 ascribamus
835 1263 997 1325 restituere
1020 1263 1109 1326 saluti
1126 1260 1262 1324 subditos
1280 1267 1310 1324 et
1324 1262 1403 1324 bene

214 1370 334 1433 vivendi
360 1368 502 1432 benifieio
531 1369 780 1449 condempnatos,
803 1374 838 1431 ut
861 1369 900 1431 nil
923 1369 1045 1431 suavius
1068 1370 1107 1430 nil
1129 1369 1288 1433 iocundius
1312 1375 1404 1451 atque
1428 1382 1430 1386 ’

214 1479 323 1543 iustius
351 1479 507 1552 estiment,
536 1498 625 1561 quam
650 1477 706 1540 sub
730 1477 802 1559 iugo
825 1477 944 1558 imperii
969 1477 1006 1539 de
1024 1483 1125 1540 cetero
1143 1479 1303 1559 respirare.
1337 1479 1405 1541 Non

217 1586 296 1649 enim
313 1591 361 1648 est
376 1585 504 1647 amicum
522 1585 617 1657 cedis,
634 1604 690 1647 nec
707 1585 745 1646 ad
762 1584 939 1651 allusionem
955 1585 1111 1666 sanguinis
1134 1586 1312 1648 noceneium
1327 1584 1403 1649 sub·

213 1694 342 1756 ditorum
358 1712 478 1755 sacrum
500 1691 615 1773 aspirat
641 1691 819 1772 imperium,
847 1712 883 1755 eo
905 1693 985 1774 quod
1009 1692 1108 1754 divina
1124 1694 1265 1774 potencia
1280 1697 1317 1774 a)
1337 1694 1402 1755 eius

212 1803 341 1865 illustret
357 1801 464 1887 solium
481 1806 511 1863 et
526 1801 734 1864 misericordia
750 1807 781 1864 et
797 1802 836 1886 o)
852 1803 963 1865 veritas
981 1801 1132 1872 ambiunt,
1149 1822 1206 1883 pax
1229 1808 1259 1863 et
1275 1800 1404 1865 'iusticia

213 1910 464 1990 complectuntur.
497 1909 530 1970 ln
546 1908 684 1971 ubertate
701 1908 851 1991 siquidem
867 1909 1106 1973 mansuetudinis
1122 1915 1225 1972 nostre
1241 1928 1278 1972 ac
1294 1907 1406 1989 patulis

213 2015 400 2098 amplexibus
428 2014 550 2095 pietatis
579 2014 725 2078 immense
752 2016 965 2097 procedimus,
993 2015 1221 2079 conversionem
1249 2015 1406 2079 rebellium

211 2128 426 2205 attemptantes
455 2127 486 2185 et
512 2121 552 2185 ad
580 2142 683 2185 eornm
709 2123 908 2204 pertinaciam
939 2123 1136 2186 edomandam
1168 2127 1343 2185 constanter
1371 2143 1407 2185 ex
1464 2145 1465 2148 ¹

212 2230 312 2294 animo
329 2228 522 2300 insistentes,
549 2233 584 2291 ut
599 2230 639 2314 e)
655 2230 795 2310 potencie
813 2234 915 2292 nostre
936 2248 1060 2300 manus,
1089 2229 1114 2289 si
1138 2228 1189 2311 qui
1211 2228 1361 2292 voluerint
1374 2230 1408 2291 in

211 2357 269 2401 sua
284 2336 452 2419 pertinacia
467 2355 678 2416 perseverare,
693 2337 898 2417 profunditate
914 2337 1058 2399 vallorum
1080 2342 1111 2399 et
1131 2355 1286 2400 murorum
1302 2335 1407 2400 altitu-

212 2446 284 2509 dine
308 2452 413 2508 contra
434 2444 618 2507 fortitudinis
641 2449 743 2508 nostre
765 2445 937 2527 potenciam
960 2446 1088 2509 evadere
1110 2467 1170 2510 non
1190 2445 1342 2509 confidant
1357 2450 1408 2527 d),

213 2574 271 2617 uec
288 2552 436 2624 diffidant,
453 2552 504 2635 qui
521 2552 610 2615 facile
627 2558 853 2623 convertuntur,
869 2554 949 2634 apud
965 2553 1086 2634 augusti
1099 2554 1197 2617 throni
1213 2554 1408 2617 clemenciam

215 2661 423 2724 misericordie
440 2660 575 2740 graciam
590 2660 734 2723 invenire.
753 2659 839 2723 ¹'l'ibi
861 2660 970 2742 igitur,
993 2679 1083 2743 quem
1104 2661 1208 2723 intime
1229 2661 1312 2723 zelus
1336 2660 1409 2723 fidei
1472 2707 1476 2713 .

213 2769 307 2833 nostri
339 2768 413 2831 fecit
446 2765 559 2830 laboris
598 2772 628 2831 et
665 2767 788 2830 honoris
821 2788 882 2830 non
914 2773 1069 2849 expertem
1090 2765 1145 2848 a),
1179 2767 1408 2831 conversionem

210 2875 361 2938 Favencie
390 2876 428 2938 ad
456 2874 626 2937 universale
652 2875 794 2955 gaudium
822 2875 994 2956 intimamus
1009 2876 1065 2960 f),
1081 2875 1132 2957 qui
1153 2895 1209 2956 per
1236 2875 1407 2938 indefessas

214 2983 295 3046 vires
311 2988 341 3046 et
357 2982 476 3045 virtutis
492 2988 543 3045 tue
561 2983 766 3045 constanciam
781 2981 869 3052 nobis
886 2982 1012 3045 victorie
1028 2982 1155 3063 tytulum
1170 2983 1348 3047 vendicasti.

305 3179 339 3248 a)
359 3178 410 3231 div.
427 3180 483 3248 pot
503 3178 572 3231 leblt
591 3177 620 3232 V.
643 3207 673 3217 -
693 3169 726 3249 d)
746 3177 804 3231 mis.
825 3181 853 3232 et
870 3177 939 3231 fehlt
956 3178 987 3233 V.
1009 3209 1039 3219 -
1062 3176 1092 3245 c)
1113 3177 1156 3231 die
1170 3176 1298 3250 fulgendo
1310 3178 1406 3241 Stella,

214 3268 273 3321 bier
287 3268 403 3320 offeobar
416 3266 585 3336 corrumpat,
595 3268 680 3319 lautet
691 3267 734 3320 bei
747 3266 920 3321 uuirt-Bran
934 3267 963 3329 V,
978 3265 1063 3321 1114:
1076 3269 1106 3319 ut
1119 3265 1303 3338 qui'potencie
1315 3272 1407 3321 nostre
1435 3282 1436 3286 ¹

214 3373 305 3410 manus
324 3356 403 3427 sequi
414 3355 545 3409 noluerint
559 3360 586 3408 et
604 3356 630 3409 iu
649 3356 797 3426 pertinacia
817 3356 996 3426 perdurarint,
1015 3373 1066 3426 per
1084 3374 1219 3411 murorum
1238 3357 1405 3411 altitudinem

216 3448 267 3499 etc·
283 3475 313 3485 -
330 3448 366 3514 d)
381 3446 552 3500 considerant
564 3446 592 3500 V.
610 3446 690 3512 -e)
710 3444 756 3516 qui
774 3462 825 3516 pro
851 3451 1001 3501 nostrorum
1024 3447 1165 3501 rebellium
1193 3446 1351 3502 confusione
1378 3450 1407 3501 et

214 3533 318 3587 iusticie
345 3552 377 3588 ac
402 3534 586 3605 recuperande
609 3536 684 3605 pacis
708 3542 853 3606 augmento
879 3538 1016 3592 uobiscum
1036 3536 1142 3607 pondus
1162 3536 1218 3589 diei
1236 3539 1264 3598 et
1283 3539 1358 3589 estus
1376 3535 1404 3587 in

218 3624 305 3678 multis
325 3623 471 3694 sumptibus
491 3628 518 3678 et
537 3624 662 3694 periculis
681 3641 797 3695 persone
816 3629 971 3697 comportas
992 3625 1192 3680 conversionem
1212 3627 1264 3678 etc.
1277 3623 1403 3678 rr.·ssroo.

217 3743 250 3752 —
263 3712 295 3783 f)
308 3717 337 3766 ut
350 3713 521 3783 congaudeas
536 3713 627 3768 victori
641 3713 766 3769 n-erou.
