3209 5392
1310 496 1387 566 285

196 659 256 721 lille
273 665 375 723 nostre
393 678 536 744 sponsum
553 661 655 740 fragor
672 659 792 722 horride
809 663 999 746 tempestatis
1017 664 1184 735 invexerat,
1214 666 1277 729 eius
1295 667 1388 730 inter-

192 768 289 850 posita
321 768 497 837 clemencia,
529 766 580 849 qui
599 759 680 850 'post
711 767 846 831 nubilum
879 770 931 832 dat
963 792 1115 842 serenum,
1148 773 1245 835 eidem
1277 775 1313 836 N.
1344 776 1388 837 sic
1431 820 1433 824 -

192 875 279 938 stetis
295 876 394 939 votive
410 875 670 938 reconciliacionis
687 875 716 936 in
734 877 836 939 osculo
855 882 884 938 et
899 878 1033 941 fraterna
1050 879 1207 943 dulcedine
1224 882 1388 953 coniuncti,

192 983 273 1064 quod
294 983 416 1065 utique,
445 981 524 1045 sicut
552 982 636 1044 vobis
664 982 703 1044 ad
729 984 873 1063 gloriam,
902 984 1048 1048 subiectis
1076 985 1214 1051 fidelibus
1237 990 1326 1051 cedet
1347 991 1387 1052 ad

192 1095 293 1172 optate
311 1090 420 1172 quietis
445 1094 649 1170 augmentum.
683 1091 793 1157 Verum
818 1112 905 1153 exeo
924 1093 1136 1158 admit-arionis
1153 1116 1245 1160 causa
1261 1069 1386 1180 precor-

193 1198 250 1260 diis
267 1198 378 1260 nostris
402 1196 584 1267 infunditur,
612 1197 692 1279 quod
716 1198 817 1259 nuncii
840 1198 951 1269 nostri,
981 1200 1019 1262 ad
1042 1206 1174 1266 vestram
1197 1202 1257 1266 iam
1274 1205 1387 1268 dudum

192 1305 362 1368 transmissi
384 1305 573 1386 presenciam
595 1325 687 1388 super
702 1305 892 1367 matrimonio
909 1309 1161 1380 consummando,
1184 1315 1245 1373 tam
1269 1313 1386 1394 largam

191 1420 219 1477 et
243 1414 388 1476 diutinam
411 1432 525 1476 moram
548 1412 578 1474 in
600 1419 702 1476 vestra
725 1413 809 1475 ouria
833 1420 1061 1484 contraxerunt,
1091 1436 1167 1499 quos
1196 1415 1235 1502 a)
1265 1420 1386 1502 quidem

190 1521 319 1584 finaliter
339 1520 469 1605 petimus
492 1519 634 1604 expediri.
674 1520 712 1581 Et
735 1520 807 1603 quia
829 1521 923 1582 nostri
946 1520 1050 1584 tideles
1073 1523 1103 1584 in
1125 1525 1245 1588 dustria
1270 1532 1304 1609 b)
1329 1528 1385 1589 diri

190 1629 380 1694 adversantis
403 1627 491 1690 emuli
504 1628 530 1714 ¹)
555 1627 736 1710 quaciuntur
753 1627 912 1690 insultibus
936 1633 965 1690 et
989 1628 1061 1692 diris
1078 1630 1115 1713 e)
1137 1634 1385 1715 persecucionum

188 1739 310 1802 malleis
325 1740 526 1821 impetuntur:
564 1735 769 1798 sinceritatem
791 1735 833 1820 d)
854 1741 986 1798 vestram
1014 1741 1127 1799 attente
1150 1740 1330 1821 requirimus
1355 1748 1385 1805 et

187 1866 347 1928 rogamus,
375 1849 523 1928 quatenus
546 1843 700 1925 invasores
724 1862 826 1904 eorum
849 1862 867 1905 a
889 1844 985 1907 latere
1006 1844 1056 1906 illo
1073 1850 1134 1907 tam
1150 1846 1276 1909 viriliter
1293 1868 1383 1931 quam

186 1961 324 2039 potenter
347 1952 490 2015 invadere
506 1950 662 2031 satagatis.
696 1951 759 2012 Nos
790 1951 869 2012 enim
903 1951 934 2012 in
967 1951 1064 2032 digito
1097 1954 1152 2015 Dei
1181 1956 1298 2025 contisi,
1331 1958 1383 2038 qui
1498 1989 1503 2003 ·

184 2083 276 2126 cause
304 2065 406 2123 nostre
433 2059 584 2121 iusticiam
601 2058 762 2121 comitatur
782 2079 819 2124 ac
848 2058 966 2140 dirigit,
996 2060 1118 2122 eosdem
1140 2062 1244 2125 hostes
1267 2062 1306 2125 ab
1331 2064 1380 2126 illo

182 2173 278 2234 latere
293 2169 394 2232 taliter
410 2168 577 2250 inpugnare
595 2165 773 2228 conabimur
789 2166 818 2228 in
835 2166 945 2229 virtute
963 2167 1135 2231 Germanici
1151 2175 1326 2252 potentatus
1338 2171 1378 2257 θ),

184 2279 265 2363 quod
296 2279 451 2341 invasores
482 2274 627 2359 predicti,
660 2273 750 2356 positi
781 2274 860 2336 inter
890 2275 1030 2337 malleum
1062 2280 1091 2336 et
1123 2276 1279 2348 incudem,
1311 2300 1380 2342 sera

186 2387 335 2450 ducentur
361 2382 537 2467 penitudine
564 2387 768 2465 peccatorum.
803 2382 857 2445 Sic
885 2387 986 2444 autem
1014 2401 1073 2443 non
1101 2384 1197 2445 solum
1226 2384 1382 2469 ademptos

184 2495 270 2559 vobis
287 2492 324 2579 e]
340 2511 521 2574 recuperare
553 2489 690 2573 poteritis
721 2490 876 2561 terminos,
908 2489 962 2552 sed
993 2490 1032 2552 ad
1061 2491 1205 2573 ampliora
1232 2493 1382 2557 funiculos

193 2602 368 2667 extendetis.

281 2797 420 2853 Ladislaus
447 2796 579 2849 Cumanus
605 2812 659 2848 war
683 2794 780 2848 eeiuem
811 2794 889 2847 Vater
915 2794 1036 2864 Stephon
1050 2795 1092 2847 lV.
1119 2812 1158 2847 am
1187 2794 1209 2848 l.
1235 2795 1288 2848 Juli
1315 2795 1386 2871 1272

191 2892 238 2946 aui
258 2890 318 2944 dem
340 2885 515 2958 ungarischen
528 2885 618 2939 Theon
638 2884 750 2955 gesolgt.
778 2884 842 2936 Sein
856 2883 987 2953 jdugerer
999 2883 1100 2936 Bruder
1113 2884 1234 2938 Andreas
1248 2902 1302 2939 war
1315 2887 1385 2939 noch

191 2981 233 3036 hei
257 2979 398 3034 Lebzeiten
423 2978 555 3048 Stephano
581 2993 632 3029 von
657 2976 714 3028 dem
739 2975 840 3027 Grafeu
862 2974 981 3027 Joaohim
1003 2973 1109 3027 Pectari
1131 2976 1245 3040 geraubt
1267 2975 1384 3037 worden,

191 3070 239 3123 der
266 3071 334 3122 daun
359 3067 427 3120 auch
453 3068 500 3118 auf
521 3064 659 3120 Ladislaus
686 3066 763 3117 einen
789 3062 900 3116 Einduss
926 3079 1053 3132 gewann,
1084 3063 1142 3117 sich
1172 3065 1220 3116 auf
1241 3064 1283 3116 die
1310 3063 1384 3117 Seite

191 3160 223 3213 K.
236 3160 357 3213 Rudoll's
371 3156 463 3210 stellte
475 3153 529 3209 und
543 3155 585 3207 die
598 3153 752 3222 Verlobung
765 3154 852 3206 seinos
865 3152 1037 3222 Schiitzlings
1057 3152 1176 3205 Andreas
1199 3152 1245 3206 mit
1259 3153 1385 3206 Rudolf's

190 3250 308 3304 Tochter
330 3246 474 3302 Clementia
496 3244 631 3299 bewirlrte.
658 3245 686 3296 S.
708 3244 823 3312 Palaeky
846 3244 944 3296 Geseh.
968 3261 991 3297 v.
1014 3243 1130 3296 Bdhmen
1154 3244 1184 3296 ll.
1211 3242 1236 3297 1.
1257 3244 1311 3297 223
1330 3245 1383 3296 und

193 3340 314 3394 Dolliner
328 3337 419 3392 Codex
433 3336 586 3406 epistolaris
599 3333 718 3388 Ottoeari
732 3335 763 3392 ll,
776 3350 802 3401 p.
816 3332 934 3387 35-38.

286 3536 320 3605 a)
344 3553 391 3588 vos
413 3536 432 3587 Z
455 3535 507 3588 und
530 3535 559 3588 V.
580 3562 611 3572 -
628 3531 665 3600 d)
688 3532 721 3583 m
743 3531 783 3583 bis
807 3529 859 3584 diri
881 3547 922 3584 am
945 3530 1037 3584 Raude
1060 3532 1138 3584 V.-
1153 3533 1184 3598 c)
1208 3530 1282 3584 duris
1306 3532 1332 3584 Z.
1349 3560 1382 3569 -

193 3627 227 3696 d)
242 3627 412 3679 serenitatem
426 3625 453 3677 Z.
469 3653 504 3663 —
518 3623 549 3692 e)
564 3623 638 3677 vobis
653 3624 700 3675 auf
712 3622 797 3673 liaeur
810 3621 839 3674 V.

216 3917 226 3948 1
253 3915 347 3959 etaim.

215 3913 240 4054 ’ζ
254 3996 339 4040 [lentot
354 3992 514 4046 ruretenent,
527 3995 551 4036 in
564 3992 667 4037 welcher
678 3992 767 4036 liudolf
776 3992 857 4036 oeineu
870 3989 1070 4036 enteeheldenden
1083 3989 1187 4048 Feldzug
1198 4001 1276 4049 gagen
1290 3989 1379 4033 (ltaliae

255 4076 424 4122 verbereitete.
