3209 5392
428 773 438 821 1
490 806 647 867 lractatus
664 803 701 866 de
717 805 942 885 procuratoriis.

633 946 762 991 Distinctio
780 948 817 991 lV.

214 1098 362 1179 Quoniam
384 1100 468 1164 citati
485 1096 529 1164 'ad
551 1100 692 1163 indicium
721 1100 900 1183 quandoque
928 1122 983 1183 per
1011 1124 1043 1165 se
1067 1102 1246 1185 quandoque
1268 1122 1324 1185 per

117 1215 349 1288 procuratorem
379 1231 553 1293 comparere
583 1211 695 1283 solent,
726 1211 880 1274 sciendum
909 1213 988 1295 quod
1014 1218 1193 1296 procurator
1223 1212 1323 1276 multis

115 1317 217 1379 modis
235 1317 407 1382 instituitur.
437 1321 493 1383 Est
509 1320 587 1382 enirn
604 1319 710 1403 aliquis
726 1328 905 1401 procurator
920 1323 951 1384 in
967 1322 1093 1385 solidum
1108 1322 1154 1385 vel
1172 1323 1202 1385 in
1217 1329 1323 1395 totum,

114 1426 195 1489 alius
212 1429 250 1490 ad
266 1428 429 1511 petendum
446 1428 600 1501 inducias,
622 1429 696 1492 alius
714 1430 752 1492 ad
774 1429 964 1511 allegandum
980 1432 1167 1513 inpotencias
1184 1432 1322 1495 veniendi

112 1537 161 1599 vel
204 1539 242 1600 ad
280 1538 507 1620 proponendum
546 1540 758 1620 exceptionem
792 1541 959 1603 dilatoriam
1000 1547 1104 1604 contra
1144 1542 1323 1603 citacionem

111 1638 353 1729 peremptoriam
385 1647 509 1711 racione
541 1648 685 1709 messium
717 1649 763 1710 vel
788 1649 1013 1712 vindemiarum.
1048 1651 1196 1714 Statuitur
1228 1649 1323 1711 eciam

112 1763 297 1838 procurator
312 1758 350 1818 ad
366 1756 594 1838 impetrandum,
612 1757 649 1818 ad
667 1757 943 1829 contradicendum,
960 1760 997 1820 ad
1015 1759 1222 1841 appellandum
1239 1759 1322 1821 etad

111 1867 235 1929 iudices
253 1867 418 1948 eligendos.
451 1850 560 1937 Ultimo
585 1868 680 1930 eciam
700 1867 841 1930 statuitur
861 1875 1039 1949 procurator
1055 1870 1259 1933 uniuersitatis
1276 1869 1321 1930 vel
1333 1889 1376 1928 ru.
1388 1890 1437 1928 ιιι,

114 1974 243 2058 collegii
260 1976 398 2047 alicuius,
416 1983 593 2048 conventus
611 1977 661 2059 qui
678 1976 708 2039 in
725 1977 789 2039 iure
807 1978 940 2041 sindicus
957 1979 997 2064 a)
1013 1979 1187 2061 appellatur.

210 2085 287 2149 Sunt
301 2085 397 2148 eciam
414 2086 541 2168 quedam
553 2106 695 2169 persone,
713 2107 770 2170 que
788 2088 853 2150 sine
866 2089 1005 2152 mandato
1016 2088 1182 2174 aliquorum
1195 2096 1321 2171 possunt

109 2196 244 2277 negocia
259 2215 423 2277 procurare
440 2202 471 2259 et
486 2201 631 2258 vocantur
643 2196 672 2257 in
685 2196 749 2258 iure
766 2186 935 2265 coniuncte
946 2223 1096 2288 persone,
1110 2206 1142 2265 ut
1153 2206 1240 2283 pater
1254 2198 1317 2271 filii,

109 2305 192 2368 lilius
215 2305 321 2387 patris,
340 2311 370 2368 et
386 2305 451 2367 sine
474 2305 569 2368 literis
591 2305 795 2368 admittuntur.
839 2307 878 2371 Et
901 2310 1065 2373 secundum
1088 2311 1166 2373 hanc
1189 2310 1316 2373 diversi-

112 2423 210 2481 tatem
247 2422 479 2498 procuratorum
518 2417 605 2481 litere
646 2419 852 2497 procuratorie
891 2439 958 2481 cnm
983 2419 1021 2505 b)
1054 2421 1215 2503 diligencia
1247 2427 1316 2484 sunt

110 2527 281 2591 lomnande.
320 2529 517 2592 Procurator
559 2528 592 2590 in
623 2528 757 2590 solidum
790 2535 837 2591 est
862 2530 905 2601 is,
938 2550 1026 2613 quem
1058 2530 1165 2612 aliquis
1197 2533 1227 2594 in
1258 2551 1315 2593 una

111 2657 205 2700 causa
223 2637 261 2722 e)
293 2637 499 2718 procuratoris
531 2634 707 2716 litigandum
740 2637 912 2709 eonstituit3
952 2639 1009 2701 hoc
1041 2640 1165 2702 verbum
1195 2640 1315 2722 litigare

110 2754 207 2812 totum
240 2747 382 2828 importat
413 2750 443 2807 et
473 2743 540 2806 talis
568 2751 748 2825 procurator
776 2746 867 2808 dehet
893 2768 948 2829 per
976 2751 1073 2813 omnia
1102 2755 1182 2812 stare
1215 2770 1317 2812 coram

112 2856 283 2926 iudicibus,
312 2855 386 2917 alias
416 2874 474 2916 non
503 2853 669 2916 admittitur
696 2875 752 2916 nee
776 2857 902 2920 auditur.
932 2859 1012 2921 ldem
1031 2860 1123 2922 debet
1139 2881 1247 2923 cavere
1264 2881 1319 2942 per

115 2965 328 3047 omnia,'quod
345 2969 405 3026 stet
421 2963 532 3025 iudicio
551 2983 671 3033 eorum,
689 2963 719 3026 id
737 2970 783 3027 est
803 2973 921 3047 oportet
939 2990 1005 3032 eum
1021 2977 1159 3053 prestare
1177 2978 1318 3035 constan-

114 3077 191 3140 ciam
225 3073 325 3137 standi
357 3073 387 3134 in
418 3071 539 3134 iudicio.
574 3072 695 3135 Summa
727 3079 828 3136 autem
859 3077 976 3140 cautela
1008 3078 1177 3144 adhihenda
1210 3086 1257 3143 est
1288 3082 1319 3143 in

112 3182 340 3268 procuratoriis.
375 3182 448 3243 ltem
465 3180 490 3240 si
508 3179 617 3243 citatus
634 3201 693 3242 non
709 3200 764 3262 per
786 3201 820 3244 se
837 3184 891 3245 sed
907 3205 963 3266 ρει·
978 3194 1204 3267 procuratorem
1220 3193 1318 3254 minus

116 3291 338 3357 sufficientibus
369 3290 465 3354 literis
499 3291 636 3352 inventus
670 3290 759 3353 fuerit
781 3292 823 3375 d)
852 3294 897 3355 vel
932 3298 1118 3376 apparuerit,
1158 3306 1316 3363 contumax

114 3405 284 3471 iudicatur;
310 3398 395 3461 verbi
413 3399 532 3479 gracia:

158 3622 400 3688 Procuratorlnm
418 3620 455 3682 ed
471 3619 630 3701 petendum
648 3620 784 3684 luduelas
802 3624 851 3686 vel
868 3627 1050 3704 probandum
1068 3630 1278 3711 inpotenciam

637 3732 789 3794 replendi.

202 3911 432 3977 venerabilibus
456 3909 583 3972 dominis
607 3915 637 3972 et
659 3910 690 3972 in
713 3911 832 3977 Christo
858 3915 977 3979 dilectis
999 3920 1032 3980 Α.
1051 3925 1081 3980 et
1096 3919 1132 3980 D.
1158 3919 1260 3982 taliirm
1278 3920 1315 4004 e)

116 4026 311 4090 ecclesiarum
335 4020 498 4103 episcopio,
520 4010 671 4081 iudicibus
695 4040 711 4083 a
734 4021 808 4085 sede
830 4024 997 4106 apostolica
1025 4027 1175 4108 delegatis
1195 4027 1222 4114 1)
1238 4029 1266 4092 J.
1286 4035 1315 4091 et

159 4275 162 4281 .
183 4244 221 4311 a)
242 4240 364 4293 funditus
383 4236 412 4290 V.
434 4265 468 4275 -
487 4236 520 4304 d)
541 4239 639 4290 tautum
659 4237 688 4291 V.
709 4268 744 4277 -
762 4240 792 4306 e)
815 4242 923 4294 curav.
937 4272 971 4282 -
986 4244 1021 4313 d)
1036 4245 1149 4298 munitus
1164 4248 1307 4302 reuerilZ.
1378 4218 1401 4239 A·

116 4340 144 4408 e)
159 4336 256 4391 talibus
269 4334 300 4386 V.

1298 4416 1304 4441 l

117 4503 438 4521 .....—----—-

144 4627 216 4686 ¹)llie
244 4625 332 4670 Erzbb.
352 4635 398 4668 von
421 4622 566 4681 Magdeburg
586 4627 632 4671 uird
647 4628 719 4683 Gdln3
740 4630 879 4685 vergleiche
903 4629 940 4673 die
967 4631 1163 4688 rorhergelreude
1183 4631 1311 4679 citatione-

178 4708 270 4754 formel.
