<?xml version="1.0" encoding="UTF-8"?>
<!DOCTYPE html PUBLIC "-//W3C//DTD XHTML 1.0 Transitional//EN"
    "http://www.w3.org/TR/xhtml1/DTD/xhtml1-transitional.dtd">
<html xmlns="http://www.w3.org/1999/xhtml" xml:lang="en" lang="en">
 <head>
  <title>
</title>
<meta http-equiv="Content-Type" content="text/html;charset=utf-8" />
  <meta name='ocr-system' content='tesseract 3.04.00' />
  <meta name='ocr-capabilities' content='ocr_page ocr_carea ocr_par ocr_line ocrx_word'/>
</head>
<body>
  <div class='ocr_page' id='page_1' title='image "./fontesrerumaust00unkngoog_0226.png"; bbox 0 0 3209 5392; ppageno 0'>
   <div class='ocr_carea' id='block_1_1' title="bbox 1315 437 1390 509">
    <p class='ocr_par' dir='ltr' id='par_1_1' title="bbox 1315 437 1390 509">
     <span class='ocr_line' id='line_1_1' title="bbox 1315 437 1390 509; baseline 0 -2"><span class='ocrx_word' id='word_1_1' title='bbox 1315 437 1390 509; x_wconf 85' lang='grc'>199</span> 
     </span>
    </p>
   </div>
   <div class='ocr_carea' id='block_1_2' title="bbox 191 603 1434 4119">
    <p class='ocr_par' dir='ltr' id='par_1_2' title="bbox 191 603 1434 4119">
     <span class='ocr_line' id='line_1_2' title="bbox 198 603 1390 692; baseline -0.001 -22"><span class='ocrx_word' id='word_1_2' title='bbox 198 625 272 677; x_wconf 88' lang='lat' dir='ltr'>suo,</span> <span class='ocrx_word' id='word_1_3' title='bbox 304 607 395 670; x_wconf 83' lang='lat' dir='ltr'>veluti</span> <span class='ocrx_word' id='word_1_4' title='bbox 423 626 517 689; x_wconf 89' lang='lat' dir='ltr'>grana</span> <span class='ocrx_word' id='word_1_5' title='bbox 546 628 613 672; x_wconf 91' lang='lat' dir='ltr'>cum</span> <span class='ocrx_word' id='word_1_6' title='bbox 640 610 753 692; x_wconf 87' lang='lat' dir='ltr'>paleis,</span> <span class='ocrx_word' id='word_1_7' title='bbox 786 608 933 673; x_wconf 89' lang='lat' dir='ltr'>bonorum</span> <span class='ocrx_word' id='word_1_8' title='bbox 965 608 1030 670; x_wconf 88' lang='lat' dir='ltr'>dies</span> <span class='ocrx_word' id='word_1_9' title='bbox 1062 603 1093 671; x_wconf 88' lang='lat' dir='ltr'>in</span> <span class='ocrx_word' id='word_1_10' title='bbox 1124 608 1316 672; x_wconf 88' lang='lat' dir='ltr'>distinctione</span> <span class='ocrx_word' id='word_1_11' title='bbox 1349 603 1390 685; x_wconf 85' lang='lat' dir='ltr'>a)</span> 
     </span>
     <span class='ocr_line' id='line_1_3' title="bbox 196 711 1434 799; baseline -0.001 -22"><span class='ocrx_word' id='word_1_12' title='bbox 196 721 413 796; x_wconf 70' lang='lat' dir='ltr'>compegerat,</span> <span class='ocrx_word' id='word_1_13' title='bbox 439 716 472 778; x_wconf 87' lang='lat' dir='ltr'>in</span> <span class='ocrx_word' id='word_1_14' title='bbox 494 717 579 779; x_wconf 91' lang='lat' dir='ltr'>euius</span> <span class='ocrx_word' id='word_1_15' title='bbox 599 717 758 799; x_wconf 86' lang='lat' dir='ltr'>tranquillo</span> <span class='ocrx_word' id='word_1_16' title='bbox 784 717 886 799; x_wconf 88' lang='lat' dir='ltr'>quieta</span> <span class='ocrx_word' id='word_1_17' title='bbox 901 725 958 798; x_wconf 87' lang='lat' dir='ltr'>per</span> <span class='ocrx_word' id='word_1_18' title='bbox 972 711 1074 778; x_wconf 90' lang='lat' dir='ltr'>mundi</span> <span class='ocrx_word' id='word_1_19' title='bbox 1092 735 1204 798; x_wconf 90' lang='lat' dir='ltr'>equora</span> <span class='ocrx_word' id='word_1_20' title='bbox 1220 714 1387 785; x_wconf 80' lang='lat' dir='ltr'>ferebatur,</span> <span class='ocrx_word' id='word_1_21' title='bbox 1431 747 1434 750; x_wconf 93' lang='lat'>·</span> 
     </span>
     <span class='ocr_line' id='line_1_4' title="bbox 197 820 1391 895; baseline -0.002 -11"><span class='ocrx_word' id='word_1_22' title='bbox 197 822 343 884; x_wconf 90' lang='lat' dir='ltr'>malorum</span> <span class='ocrx_word' id='word_1_23' title='bbox 361 822 534 886; x_wconf 77' lang='lat' dir='ltr'>declarante</span> <span class='ocrx_word' id='word_1_24' title='bbox 549 823 680 895; x_wconf 91' lang='lat' dir='ltr'>turbine,</span> <span class='ocrx_word' id='word_1_25' title='bbox 697 843 775 885; x_wconf 91' lang='lat' dir='ltr'>nunc</span> <span class='ocrx_word' id='word_1_26' title='bbox 792 822 938 885; x_wconf 89' lang='lat' dir='ltr'>discernit</span> <span class='ocrx_word' id='word_1_27' title='bbox 948 828 982 885; x_wconf 61' lang='lat' dir='ltr'>’et</span> <span class='ocrx_word' id='word_1_28' title='bbox 993 822 1052 884; x_wconf 90' lang='lat' dir='ltr'>iam</span> <span class='ocrx_word' id='word_1_29' title='bbox 1068 839 1128 884; x_wconf 90' lang='lat' dir='ltr'>non</span> <span class='ocrx_word' id='word_1_30' title='bbox 1144 841 1271 884; x_wconf 88' lang='lat' dir='ltr'>erronea</span> <span class='ocrx_word' id='word_1_31' title='bbox 1286 820 1391 883; x_wconf 90' lang='lat' dir='ltr'>matris</span> 
     </span>
     <span class='ocr_line' id='line_1_5' title="bbox 193 926 1390 1010; baseline 0 -21"><span class='ocrx_word' id='word_1_32' title='bbox 193 927 349 991; x_wconf 79' lang='lat' dir='ltr'><strong>discrecio</strong></span> <span class='ocrx_word' id='word_1_33' title='bbox 378 934 542 1010; x_wconf 89' lang='lat' dir='ltr'>utrosque,</span> <span class='ocrx_word' id='word_1_34' title='bbox 574 948 662 991; x_wconf 91' lang='lat' dir='ltr'>veros</span> <span class='ocrx_word' id='word_1_35' title='bbox 691 934 722 991; x_wconf 88' lang='lat' dir='ltr'>et</span> <span class='ocrx_word' id='word_1_36' title='bbox 748 928 835 990; x_wconf 85' lang='lat' dir='ltr'>lietos</span> <span class='ocrx_word' id='word_1_37' title='bbox 863 927 1022 996; x_wconf 90' lang='lat' dir='ltr'>videlieet,</span> <span class='ocrx_word' id='word_1_38' title='bbox 1049 928 1261 1008; x_wconf 76' lang='lat' dir='ltr'>recognoscit,</span> <span class='ocrx_word' id='word_1_39' title='bbox 1293 932 1326 990; x_wconf 90' lang='lat' dir='ltr'>ut</span> <span class='ocrx_word' id='word_1_40' title='bbox 1358 926 1390 989; x_wconf 93' lang='lat' dir='ltr'>in</span> 
     </span>
     <span class='ocr_line' id='line_1_6' title="bbox 196 1035 1390 1118; baseline 0 -21"><span class='ocrx_word' id='word_1_41' title='bbox 196 1035 367 1098; x_wconf 86' lang='lat' dir='ltr'>reiectione</span> <span class='ocrx_word' id='word_1_42' title='bbox 394 1049 465 1105; x_wconf 86' lang='lat' dir='ltr'>sua,</span> <span class='ocrx_word' id='word_1_43' title='bbox 493 1055 551 1117; x_wconf 87' lang='lat' dir='ltr'>qua</span> <span class='ocrx_word' id='word_1_44' title='bbox 577 1036 769 1118; x_wconf 76' lang='lat' dir='ltr'>gratitudinis</span> <span class='ocrx_word' id='word_1_45' title='bbox 797 1035 889 1097; x_wconf 87' lang='lat' dir='ltr'>filios.</span> <span class='ocrx_word' id='word_1_46' title='bbox 905 1035 1110 1104; x_wconf 77' lang='lat' dir='ltr'>commendat,</span> <span class='ocrx_word' id='word_1_47' title='bbox 1141 1035 1306 1098; x_wconf 86' lang='lat' dir='ltr'>dulcedinis</span> <span class='ocrx_word' id='word_1_48' title='bbox 1336 1049 1390 1097; x_wconf 86' lang='lat' dir='ltr'>sue</span> 
     </span>
     <span class='ocr_line' id='line_1_7' title="bbox 200 1142 1390 1229; baseline -0.001 -24"><span class='ocrx_word' id='word_1_49' title='bbox 200 1155 326 1206; x_wconf 87' lang='lat' dir='ltr'>mannas</span> <span class='ocrx_word' id='word_1_50' title='bbox 344 1144 384 1229; x_wconf 79' lang='lat' dir='ltr'>t)</span> <span class='ocrx_word' id='word_1_51' title='bbox 399 1143 534 1207; x_wconf 88' lang='lat' dir='ltr'>retrahat</span> <span class='ocrx_word' id='word_1_52' title='bbox 550 1145 588 1206; x_wconf 89' lang='lat' dir='ltr'>ab</span> <span class='ocrx_word' id='word_1_53' title='bbox 604 1144 743 1225; x_wconf 87' lang='lat' dir='ltr'>ingratis,</span> <span class='ocrx_word' id='word_1_54' title='bbox 761 1163 797 1207; x_wconf 91' lang='lat' dir='ltr'>eo</span> <span class='ocrx_word' id='word_1_55' title='bbox 815 1144 894 1227; x_wconf 90' lang='lat' dir='ltr'>quod</span> <span class='ocrx_word' id='word_1_56' title='bbox 910 1165 970 1206; x_wconf 92' lang='lat' dir='ltr'>non</span> <span class='ocrx_word' id='word_1_57' title='bbox 993 1143 1033 1205; x_wconf 89' lang='lat' dir='ltr'>sit</span> <span class='ocrx_word' id='word_1_58' title='bbox 1054 1143 1166 1206; x_wconf 90' lang='lat' dir='ltr'>bonum</span> <span class='ocrx_word' id='word_1_59' title='bbox 1183 1143 1247 1206; x_wconf 92' lang='lat' dir='ltr'>dari</span> <span class='ocrx_word' id='word_1_60' title='bbox 1264 1142 1390 1206; x_wconf 83' lang='lat' dir='ltr'>canibus</span> 
     </span>
     <span class='ocr_line' id='line_1_8' title="bbox 201 1250 1391 1334; baseline -0.001 -20"><span class='ocrx_word' id='word_1_61' title='bbox 201 1250 346 1333; x_wconf 88' lang='lat' dir='ltr'>pabulum</span> <span class='ocrx_word' id='word_1_62' title='bbox 367 1250 503 1314; x_wconf 83' lang='lat' dir='ltr'>illiorum.</span> <span class='ocrx_word' id='word_1_63' title='bbox 539 1253 573 1316; x_wconf 90' lang='lat' dir='ltr'>Si</span> <span class='ocrx_word' id='word_1_64' title='bbox 602 1253 680 1314; x_wconf 91' lang='lat' dir='ltr'>enim</span> <span class='ocrx_word' id='word_1_65' title='bbox 706 1258 832 1334; x_wconf 88' lang='lat' dir='ltr'>paterne</span> <span class='ocrx_word' id='word_1_66' title='bbox 854 1250 1033 1333; x_wconf 86' lang='lat' dir='ltr'>provisionis</span> <span class='ocrx_word' id='word_1_67' title='bbox 1054 1250 1223 1313; x_wconf 90' lang='lat' dir='ltr'>humanitas</span> <span class='ocrx_word' id='word_1_68' title='bbox 1246 1250 1391 1332; x_wconf 90' lang='lat' dir='ltr'>inprobos</span> 
     </span>
     <span class='ocr_line' id='line_1_9' title="bbox 200 1356 1391 1440; baseline -0.001 -21"><span class='ocrx_word' id='word_1_69' title='bbox 200 1357 317 1439; x_wconf 90' lang='lat' dir='ltr'>passim</span> <span class='ocrx_word' id='word_1_70' title='bbox 334 1358 527 1421; x_wconf 82' lang='lat' dir='ltr'>comitaretur</span> <span class='ocrx_word' id='word_1_71' title='bbox 543 1364 574 1421; x_wconf 94' lang='lat' dir='ltr'>et</span> <span class='ocrx_word' id='word_1_72' title='bbox 594 1358 718 1440; x_wconf 91' lang='lat' dir='ltr'>probos,</span> <span class='ocrx_word' id='word_1_73' title='bbox 750 1358 1018 1440; x_wconf 85' lang='lat' dir='ltr'>parvipenderetur</span> <span class='ocrx_word' id='word_1_74' title='bbox 1034 1356 1171 1421; x_wconf 87' lang='lat' dir='ltr'>condicio</span> <span class='ocrx_word' id='word_1_75' title='bbox 1196 1362 1391 1439; x_wconf 86' lang='lat' dir='ltr'>utrorumque</span> 
     </span>
     <span class='ocr_line' id='line_1_10' title="bbox 203 1463 1392 1546; baseline 0.001 -20"><span class='ocrx_word' id='word_1_76' title='bbox 203 1471 235 1527; x_wconf 86' lang='lat' dir='ltr'>et</span> <span class='ocrx_word' id='word_1_77' title='bbox 261 1465 356 1527; x_wconf 89' lang='lat' dir='ltr'>virtus</span> <span class='ocrx_word' id='word_1_78' title='bbox 383 1464 415 1526; x_wconf 90' lang='lat' dir='ltr'>in</span> <span class='ocrx_word' id='word_1_79' title='bbox 436 1466 558 1546; x_wconf 89' lang='lat' dir='ltr'>proprio</span> <span class='ocrx_word' id='word_1_80' title='bbox 582 1465 771 1538; x_wconf 89' lang='lat' dir='ltr'>subiaceret,</span> <span class='ocrx_word' id='word_1_81' title='bbox 801 1466 828 1526; x_wconf 91' lang='lat' dir='ltr'>si</span> <span class='ocrx_word' id='word_1_82' title='bbox 856 1466 974 1545; x_wconf 89' lang='lat' dir='ltr'>culpam</span> <span class='ocrx_word' id='word_1_83' title='bbox 997 1463 1164 1544; x_wconf 86' lang='lat' dir='ltr'>inpunitate</span> <span class='ocrx_word' id='word_1_84' title='bbox 1188 1471 1218 1526; x_wconf 92' lang='lat' dir='ltr'>et</span> <span class='ocrx_word' id='word_1_85' title='bbox 1232 1470 1392 1546; x_wconf 88' lang='lat' dir='ltr'>peceatum</span> 
     </span>
     <span class='ocr_line' id='line_1_11' title="bbox 199 1571 1392 1654; baseline 0.001 -21"><span class='ocrx_word' id='word_1_86' title='bbox 199 1571 400 1634; x_wconf 88' lang='lat' dir='ltr'>benificencia</span> <span class='ocrx_word' id='word_1_87' title='bbox 417 1572 608 1653; x_wconf 87' lang='lat' dir='ltr'>contingeret</span> <span class='ocrx_word' id='word_1_88' title='bbox 623 1573 773 1653; x_wconf 88' lang='lat' dir='ltr'>premiari.</span> <span class='ocrx_word' id='word_1_89' title='bbox 791 1574 919 1653; x_wconf 86' lang='lat' dir='ltr'>Propter</span> <span class='ocrx_word' id='word_1_90' title='bbox 935 1572 1016 1653; x_wconf 90' lang='lat' dir='ltr'>quod</span> <span class='ocrx_word' id='word_1_91' title='bbox 1031 1572 1175 1634; x_wconf 87' lang='lat' dir='ltr'>malorum</span> <span class='ocrx_word' id='word_1_92' title='bbox 1190 1573 1284 1634; x_wconf 88' lang='lat' dir='ltr'>lacius</span> <span class='ocrx_word' id='word_1_93' title='bbox 1302 1589 1392 1654; x_wconf 84' lang='lat' dir='ltr'>quarn</span> 
     </span>
     <span class='ocr_line' id='line_1_12' title="bbox 202 1655 1389 1760; baseline 0.001 -21"><span class='ocrx_word' id='word_1_94' title='bbox 202 1655 352 1742; x_wconf 78' lang='lat' dir='ltr'>bonorum</span> <span class='ocrx_word' id='word_1_95' title='bbox 373 1680 508 1759; x_wconf 84' lang='lat' dir='ltr'>exempla</span> <span class='ocrx_word' id='word_1_96' title='bbox 530 1679 562 1740; x_wconf 91' lang='lat' dir='ltr'>in</span> <span class='ocrx_word' id='word_1_97' title='bbox 589 1678 754 1760; x_wconf 90' lang='lat' dir='ltr'>perniciem</span> <span class='ocrx_word' id='word_1_98' title='bbox 774 1678 925 1760; x_wconf 85' lang='lat' dir='ltr'>publicam</span> <span class='ocrx_word' id='word_1_99' title='bbox 941 1682 1123 1740; x_wconf 78' lang='lat' dir='ltr'>tenerentur.</span> <span class='ocrx_word' id='word_1_100' title='bbox 1157 1678 1298 1741; x_wconf 87' lang='lat' dir='ltr'>Miramur</span> <span class='ocrx_word' id='word_1_101' title='bbox 1316 1698 1389 1741; x_wconf 89' lang='lat' dir='ltr'>sane</span> 
     </span>
     <span class='ocr_line' id='line_1_13' title="bbox 198 1783 1391 1867; baseline -0.002 -19"><span class='ocrx_word' id='word_1_102' title='bbox 198 1786 336 1848; x_wconf 89' lang='lat' dir='ltr'>dolentes</span> <span class='ocrx_word' id='word_1_103' title='bbox 352 1803 489 1867; x_wconf 86' lang='lat' dir='ltr'>quosque</span> <span class='ocrx_word' id='word_1_104' title='bbox 504 1783 622 1854; x_wconf 87' lang='lat' dir='ltr'>fideles,</span> <span class='ocrx_word' id='word_1_105' title='bbox 638 1786 689 1867; x_wconf 89' lang='lat' dir='ltr'>qui</span> <span class='ocrx_word' id='word_1_106' title='bbox 706 1804 775 1848; x_wconf 91' lang='lat' dir='ltr'>oum</span> <span class='ocrx_word' id='word_1_107' title='bbox 790 1784 850 1847; x_wconf 86' lang='lat' dir='ltr'>tilio</span> <span class='ocrx_word' id='word_1_108' title='bbox 867 1784 994 1865; x_wconf 91' lang='lat' dir='ltr'>prodigo</span> <span class='ocrx_word' id='word_1_109' title='bbox 1010 1784 1073 1853; x_wconf 73' lang='lat' dir='ltr'>ur,</span> <span class='ocrx_word' id='word_1_110' title='bbox 1095 1786 1245 1866; x_wconf 87' lang='lat' dir='ltr'>quondam</span> <span class='ocrx_word' id='word_1_111' title='bbox 1261 1786 1391 1866; x_wconf 89' lang='lat' dir='ltr'>impera-</span> 
     </span>
     <span class='ocr_line' id='line_1_14' title="bbox 200 1881 1390 1977; baseline -0.003 -22"><span class='ocrx_word' id='word_1_112' title='bbox 200 1899 286 1963; x_wconf 89' lang='lat' dir='ltr'>tore,</span> <span class='ocrx_word' id='word_1_113' title='bbox 303 1894 333 1954; x_wconf 91' lang='lat' dir='ltr'>in</span> <span class='ocrx_word' id='word_1_114' title='bbox 348 1893 505 1973; x_wconf 88' lang='lat' dir='ltr'>regionem</span> <span class='ocrx_word' id='word_1_115' title='bbox 522 1891 605 1954; x_wconf 85' lang='lat' dir='ltr'>abire</span> <span class='ocrx_word' id='word_1_116' title='bbox 622 1892 660 1977; x_wconf 82' lang='lat' dir='ltr'>e)</span> <span class='ocrx_word' id='word_1_117' title='bbox 675 1892 888 1974; x_wconf 86' lang='lat' dir='ltr'>longinquam,</span> <span class='ocrx_word' id='word_1_118' title='bbox 916 1892 1096 1954; x_wconf 83' lang='lat' dir='ltr'>adherentes</span> <span class='ocrx_word' id='word_1_119' title='bbox 1121 1892 1239 1954; x_wconf 89' lang='lat' dir='ltr'>domino</span> <span class='ocrx_word' id='word_1_120' title='bbox 1256 1881 1390 1971; x_wconf 81' lang='lat' dir='ltr'>regionis</span> 
     </span>
     <span class='ocr_line' id='line_1_15' title="bbox 199 1991 1389 2086; baseline -0.003 -23"><span class='ocrx_word' id='word_1_121' title='bbox 199 2000 336 2063; x_wconf 89' lang='lat' dir='ltr'>eiusdem</span> <span class='ocrx_word' id='word_1_122' title='bbox 357 2000 395 2086; x_wconf 85' lang='lat'>¹),</span> <span class='ocrx_word' id='word_1_123' title='bbox 412 2020 471 2082; x_wconf 90' lang='lat' dir='ltr'>quo</span> <span class='ocrx_word' id='word_1_124' title='bbox 489 2001 641 2063; x_wconf 87' lang='lat' dir='ltr'>detractos</span> <span class='ocrx_word' id='word_1_125' title='bbox 658 2021 676 2062; x_wconf 88' lang='lat' dir='ltr'>a</span> <span class='ocrx_word' id='word_1_126' title='bbox 693 2002 780 2063; x_wconf 90' lang='lat' dir='ltr'>domo</span> <span class='ocrx_word' id='word_1_127' title='bbox 796 2000 928 2081; x_wconf 91' lang='lat' dir='ltr'>propria,</span> <span class='ocrx_word' id='word_1_128' title='bbox 945 1998 1087 2062; x_wconf 90' lang='lat' dir='ltr'>videlieet</span> <span class='ocrx_word' id='word_1_129' title='bbox 1103 1999 1233 2062; x_wconf 87' lang='lat' dir='ltr'>ecclesia</span> <span class='ocrx_word' id='word_1_130' title='bbox 1245 1991 1302 2061; x_wconf 87' lang='lat' dir='ltr'>Dei</span> <span class='ocrx_word' id='word_1_131' title='bbox 1318 1999 1389 2071; x_wconf 90' lang='lat' dir='ltr'>vivi,</span> 
     </span>
     <span class='ocr_line' id='line_1_16' title="bbox 198 2101 1391 2188; baseline -0.002 -17"><span class='ocrx_word' id='word_1_132' title='bbox 198 2114 231 2171; x_wconf 90' lang='lat' dir='ltr'>et</span> <span class='ocrx_word' id='word_1_133' title='bbox 258 2107 337 2170; x_wconf 92' lang='lat' dir='ltr'>omni</span> <span class='ocrx_word' id='word_1_134' title='bbox 359 2107 439 2170; x_wconf 94' lang='lat' dir='ltr'>bono</span> <span class='ocrx_word' id='word_1_135' title='bbox 462 2106 583 2170; x_wconf 88' lang='lat' dir='ltr'>celestis</span> <span class='ocrx_word' id='word_1_136' title='bbox 606 2108 709 2188; x_wconf 89' lang='lat' dir='ltr'>gracie</span> <span class='ocrx_word' id='word_1_137' title='bbox 739 2107 924 2177; x_wconf 90' lang='lat' dir='ltr'>denudatos,</span> <span class='ocrx_word' id='word_1_138' title='bbox 952 2101 1087 2167; x_wconf 82' lang='lat' dir='ltr'>funditus</span> <span class='ocrx_word' id='word_1_139' title='bbox 1117 2105 1258 2187; x_wconf 88' lang='lat' dir='ltr'>inmergit</span> <span class='ocrx_word' id='word_1_140' title='bbox 1279 2123 1391 2187; x_wconf 88' lang='lat' dir='ltr'>pecca-</span> 
     </span>
     <span class='ocr_line' id='line_1_17' title="bbox 195 2211 1391 2299; baseline -0.002 -20"><span class='ocrx_word' id='word_1_141' title='bbox 195 2222 296 2279; x_wconf 87' lang='lat' dir='ltr'>torum</span> <span class='ocrx_word' id='word_1_142' title='bbox 312 2215 448 2296; x_wconf 88' lang='lat' dir='ltr'>voluptas</span> <span class='ocrx_word' id='word_1_143' title='bbox 456 2214 508 2299; x_wconf 85' lang='lat' dir='ltr'>d),</span> <span class='ocrx_word' id='word_1_144' title='bbox 517 2215 592 2278; x_wconf 87' lang='lat' dir='ltr'>adeo</span> <span class='ocrx_word' id='word_1_145' title='bbox 610 2216 689 2298; x_wconf 89' lang='lat' dir='ltr'>quod</span> <span class='ocrx_word' id='word_1_146' title='bbox 705 2235 764 2277; x_wconf 92' lang='lat' dir='ltr'>non</span> <span class='ocrx_word' id='word_1_147' title='bbox 780 2214 870 2276; x_wconf 82' lang='lat' dir='ltr'>facile</span> <span class='ocrx_word' id='word_1_148' title='bbox 883 2213 1035 2277; x_wconf 79' lang='lat' dir='ltr'>addiciunt</span> <span class='ocrx_word' id='word_1_149' title='bbox 1047 2215 1125 2299; x_wconf 67' lang='lat' dir='ltr'>eJut</span> <span class='ocrx_word' id='word_1_150' title='bbox 1139 2218 1308 2294; x_wconf 87' lang='lat' dir='ltr'>resurgant.</span> <span class='ocrx_word' id='word_1_151' title='bbox 1328 2211 1391 2279; x_wconf 89' lang='lat' dir='ltr'>Sed</span> 
     </span>
     <span class='ocr_line' id='line_1_18' title="bbox 196 2319 1390 2404; baseline -0.003 -18"><span class='ocrx_word' id='word_1_152' title='bbox 196 2319 563 2386; x_wconf 77' lang='lat' dir='ltr'>vehementiusmiramur</span> <span class='ocrx_word' id='word_1_153' title='bbox 573 2324 763 2385; x_wconf 84' lang='lat' dir='ltr'>aversionem</span> <span class='ocrx_word' id='word_1_154' title='bbox 770 2341 886 2391; x_wconf 91' lang='lat' dir='ltr'>eorum,</span> <span class='ocrx_word' id='word_1_155' title='bbox 899 2322 950 2404; x_wconf 90' lang='lat' dir='ltr'>qui</span> <span class='ocrx_word' id='word_1_156' title='bbox 963 2323 1061 2386; x_wconf 91' lang='lat' dir='ltr'>sortiti</span> <span class='ocrx_word' id='word_1_157' title='bbox 1073 2324 1191 2385; x_wconf 83' lang='lat' dir='ltr'>fuerant</span> <span class='ocrx_word' id='word_1_158' title='bbox 1204 2322 1390 2394; x_wconf 87' lang='lat' dir='ltr'>clericatum,</span> 
     </span>
     <span class='ocr_line' id='line_1_19' title="bbox 195 2427 1391 2509; baseline -0.003 -16"><span class='ocrx_word' id='word_1_159' title='bbox 195 2435 284 2494; x_wconf 89' lang='lat' dir='ltr'>tanto</span> <span class='ocrx_word' id='word_1_160' title='bbox 301 2429 339 2491; x_wconf 88' lang='lat' dir='ltr'>ab</span> <span class='ocrx_word' id='word_1_161' title='bbox 368 2428 499 2491; x_wconf 89' lang='lat' dir='ltr'>ecclesia</span> <span class='ocrx_word' id='word_1_162' title='bbox 521 2430 624 2491; x_wconf 82' lang='lat' dir='ltr'>lavore</span> <span class='ocrx_word' id='word_1_163' title='bbox 647 2427 800 2508; x_wconf 88' lang='lat' dir='ltr'>provecti,</span> <span class='ocrx_word' id='word_1_164' title='bbox 828 2433 911 2491; x_wconf 86' lang='lat' dir='ltr'>tanta</span> <span class='ocrx_word' id='word_1_165' title='bbox 932 2428 1118 2509; x_wconf 86' lang='lat' dir='ltr'>benignitate</span> <span class='ocrx_word' id='word_1_166' title='bbox 1141 2428 1276 2499; x_wconf 86' lang='lat' dir='ltr'>collecti,</span> <span class='ocrx_word' id='word_1_167' title='bbox 1303 2431 1337 2490; x_wconf 90' lang='lat' dir='ltr'>ut</span> <span class='ocrx_word' id='word_1_168' title='bbox 1360 2428 1391 2490; x_wconf 93' lang='lat' dir='ltr'>in</span> 
     </span>
     <span class='ocr_line' id='line_1_20' title="bbox 196 2530 1391 2616; baseline -0.004 -17"><span class='ocrx_word' id='word_1_169' title='bbox 196 2537 357 2599; x_wconf 87' lang='lat' dir='ltr'>multorum</span> <span class='ocrx_word' id='word_1_170' title='bbox 383 2530 525 2598; x_wconf 80' lang='lat' dir='ltr'>invidiam</span> <span class='ocrx_word' id='word_1_171' title='bbox 552 2555 587 2596; x_wconf 90' lang='lat' dir='ltr'>se</span> <span class='ocrx_word' id='word_1_172' title='bbox 609 2534 824 2598; x_wconf 89' lang='lat' dir='ltr'>beneficiorum</span> <span class='ocrx_word' id='word_1_173' title='bbox 844 2535 1003 2616; x_wconf 88' lang='lat' dir='ltr'>prodigam</span> <span class='ocrx_word' id='word_1_174' title='bbox 1025 2534 1193 2598; x_wconf 85' lang='lat' dir='ltr'>exhibuerit</span> <span class='ocrx_word' id='word_1_175' title='bbox 1216 2545 1290 2615; x_wconf 82' lang='lat' dir='ltr'>erga</span> <span class='ocrx_word' id='word_1_176' title='bbox 1311 2531 1391 2605; x_wconf 88' lang='lat' dir='ltr'>illos,</span> 
     </span>
     <span class='ocr_line' id='line_1_21' title="bbox 197 2632 1390 2725; baseline -0.003 -19"><span class='ocrx_word' id='word_1_177' title='bbox 197 2643 358 2725; x_wconf 87' lang='lat' dir='ltr'>dignitatis</span> <span class='ocrx_word' id='word_1_178' title='bbox 390 2663 443 2705; x_wconf 89' lang='lat' dir='ltr'>eos</span> <span class='ocrx_word' id='word_1_179' title='bbox 475 2642 643 2705; x_wconf 84' lang='lat' dir='ltr'>extollendo</span> <span class='ocrx_word' id='word_1_180' title='bbox 676 2641 855 2705; x_wconf 89' lang='lat' dir='ltr'>culminibus</span> <span class='ocrx_word' id='word_1_181' title='bbox 888 2647 918 2705; x_wconf 89' lang='lat' dir='ltr'>et</span> <span class='ocrx_word' id='word_1_182' title='bbox 945 2647 1086 2724; x_wconf 87' lang='lat' dir='ltr'>tanquam</span> <span class='ocrx_word' id='word_1_183' title='bbox 1113 2632 1281 2723; x_wconf 85' lang='lat' dir='ltr'>peculiares</span> <span class='ocrx_word' id='word_1_184' title='bbox 1313 2639 1390 2704; x_wconf 86' lang='lat' dir='ltr'>filios</span> 
     </span>
     <span class='ocr_line' id='line_1_22' title="bbox 196 2747 1388 2834; baseline -0.002 -20"><span class='ocrx_word' id='word_1_185' title='bbox 196 2749 416 2814; x_wconf 86' lang='lat' dir='ltr'>beneficiorum</span> <span class='ocrx_word' id='word_1_186' title='bbox 431 2747 574 2811; x_wconf 89' lang='lat' dir='ltr'>uberibus</span> <span class='ocrx_word' id='word_1_187' title='bbox 599 2748 772 2812; x_wconf 87' lang='lat' dir='ltr'>deliciosius</span> <span class='ocrx_word' id='word_1_188' title='bbox 796 2749 961 2811; x_wconf 87' lang='lat' dir='ltr'>educando.</span> <span class='ocrx_word' id='word_1_189' title='bbox 990 2750 1051 2830; x_wconf 90' lang='lat' dir='ltr'>Ipsi</span> <span class='ocrx_word' id='word_1_190' title='bbox 1066 2768 1138 2812; x_wconf 90' lang='lat' dir='ltr'>vero</span> <span class='ocrx_word' id='word_1_191' title='bbox 1154 2768 1208 2830; x_wconf 92' lang='lat' dir='ltr'>pro</span> <span class='ocrx_word' id='word_1_192' title='bbox 1226 2748 1388 2834; x_wconf 86' lang='lat' dir='ltr'>dilectione</span> 
     </span>
     <span class='ocr_line' id='line_1_23' title="bbox 197 2854 1390 2938; baseline -0.001 -18"><span class='ocrx_word' id='word_1_193' title='bbox 197 2859 300 2921; x_wconf 90' lang='lat' dir='ltr'>odium</span> <span class='ocrx_word' id='word_1_194' title='bbox 317 2862 347 2920; x_wconf 93' lang='lat' dir='ltr'>et</span> <span class='ocrx_word' id='word_1_195' title='bbox 362 2856 501 2919; x_wconf 87' lang='lat' dir='ltr'>iniuriam</span> <span class='ocrx_word' id='word_1_196' title='bbox 516 2876 570 2937; x_wconf 93' lang='lat' dir='ltr'>pro</span> <span class='ocrx_word' id='word_1_197' title='bbox 587 2855 691 2938; x_wconf 87' lang='lat' dir='ltr'>gracia</span> <span class='ocrx_word' id='word_1_198' title='bbox 712 2855 909 2926; x_wconf 73' lang='lat' dir='ltr'>reiterentes,</span> <span class='ocrx_word' id='word_1_199' title='bbox 937 2856 1007 2918; x_wconf 93' lang='lat' dir='ltr'>dum</span> <span class='ocrx_word' id='word_1_200' title='bbox 1029 2857 1061 2917; x_wconf 91' lang='lat' dir='ltr'>in</span> <span class='ocrx_word' id='word_1_201' title='bbox 1084 2854 1132 2917; x_wconf 92' lang='lat' dir='ltr'>die</span> <span class='ocrx_word' id='word_1_202' title='bbox 1149 2854 1220 2919; x_wconf 90' lang='lat' dir='ltr'>belli</span> <span class='ocrx_word' id='word_1_203' title='bbox 1236 2861 1318 2918; x_wconf 88' lang='lat' dir='ltr'>stare</span> <span class='ocrx_word' id='word_1_204' title='bbox 1334 2864 1390 2937; x_wconf 89' lang='lat' dir='ltr'>pro</span> 
     </span>
     <span class='ocr_line' id='line_1_24' title="bbox 196 2962 1390 3043; baseline -0.003 -16"><span class='ocrx_word' id='word_1_205' title='bbox 196 2966 286 3027; x_wconf 92' lang='lat' dir='ltr'>domo</span> <span class='ocrx_word' id='word_1_206' title='bbox 314 2964 433 3027; x_wconf 89' lang='lat' dir='ltr'>Domini</span> <span class='ocrx_word' id='word_1_207' title='bbox 466 2969 571 3027; x_wconf 87' lang='lat' dir='ltr'>eontra</span> <span class='ocrx_word' id='word_1_208' title='bbox 601 2964 797 3026; x_wconf 89' lang='lat' dir='ltr'>violentorum</span> <span class='ocrx_word' id='word_1_209' title='bbox 828 2963 947 3043; x_wconf 87' lang='lat' dir='ltr'>inpetus</span> <span class='ocrx_word' id='word_1_210' title='bbox 980 2963 1192 3033; x_wconf 84' lang='lat' dir='ltr'>crederentur,</span> <span class='ocrx_word' id='word_1_211' title='bbox 1225 2962 1255 3023; x_wconf 92' lang='lat' dir='ltr'>in</span> <span class='ocrx_word' id='word_1_212' title='bbox 1286 2975 1390 3025; x_wconf 87' lang='lat' dir='ltr'>arcum</span> 
     </span>
     <span class='ocr_line' id='line_1_25' title="bbox 195 3067 1387 3152; baseline -0.002 -19"><span class='ocrx_word' id='word_1_213' title='bbox 195 3071 374 3152; x_wconf 89' lang='lat' dir='ltr'>pestilenoie</span> <span class='ocrx_word' id='word_1_214' title='bbox 391 3075 461 3132; x_wconf 88' lang='lat' dir='ltr'>sunt</span> <span class='ocrx_word' id='word_1_215' title='bbox 478 3070 616 3131; x_wconf 90' lang='lat' dir='ltr'>conversi</span> <span class='ocrx_word' id='word_1_216' title='bbox 639 3074 754 3132; x_wconf 89' lang='lat' dir='ltr'>etcum</span> <span class='ocrx_word' id='word_1_217' title='bbox 777 3068 940 3132; x_wconf 86' lang='lat' dir='ltr'>assistendi</span> <span class='ocrx_word' id='word_1_218' title='bbox 960 3088 994 3130; x_wconf 90' lang='lat' dir='ltr'>se</span> <span class='ocrx_word' id='word_1_219' title='bbox 1011 3070 1196 3149; x_wconf 85' lang='lat' dir='ltr'>oportunitas</span> <span class='ocrx_word' id='word_1_220' title='bbox 1215 3067 1387 3142; x_wconf 86' lang='lat' dir='ltr'>obtulisset,</span> 
     </span>
     <span class='ocr_line' id='line_1_26' title="bbox 196 3173 1390 3263; baseline -0.003 -22"><span class='ocrx_word' id='word_1_221' title='bbox 196 3178 393 3247; x_wconf 82' lang='lat' dir='ltr'>obstiterunt,</span> <span class='ocrx_word' id='word_1_222' title='bbox 408 3179 468 3240; x_wconf 91' lang='lat' dir='ltr'>imo</span> <span class='ocrx_word' id='word_1_223' title='bbox 483 3177 521 3263; x_wconf 79' lang='lat' dir='ltr'>f)</span> <span class='ocrx_word' id='word_1_224' title='bbox 537 3178 642 3258; x_wconf 88' lang='lat' dir='ltr'>pocius</span> <span class='ocrx_word' id='word_1_225' title='bbox 659 3182 841 3245; x_wconf 89' lang='lat' dir='ltr'>nocuerunt,</span> <span class='ocrx_word' id='word_1_226' title='bbox 857 3175 1025 3238; x_wconf 90' lang='lat' dir='ltr'>roborando</span> <span class='ocrx_word' id='word_1_227' title='bbox 1041 3173 1156 3238; x_wconf 90' lang='lat' dir='ltr'>viribus</span> <span class='ocrx_word' id='word_1_228' title='bbox 1180 3175 1242 3238; x_wconf 90' lang='lat' dir='ltr'>suis</span> <span class='ocrx_word' id='word_1_229' title='bbox 1265 3191 1390 3239; x_wconf 87' lang='lat' dir='ltr'>nervum</span> 
     </span>
     <span class='ocr_line' id='line_1_27' title="bbox 195 3281 1390 3368; baseline -0.002 -21"><span class='ocrx_word' id='word_1_230' title='bbox 195 3288 403 3368; x_wconf 88' lang='lat' dir='ltr'>persecutoris</span> <span class='ocrx_word' id='word_1_231' title='bbox 420 3284 526 3366; x_wconf 88' lang='lat' dir='ltr'>perfidi</span> <span class='ocrx_word' id='word_1_232' title='bbox 544 3289 648 3347; x_wconf 87' lang='lat' dir='ltr'>contra</span> <span class='ocrx_word' id='word_1_233' title='bbox 663 3291 798 3346; x_wconf 86' lang='lat' dir='ltr'>matrem.</span> <span class='ocrx_word' id='word_1_234' title='bbox 831 3284 908 3347; x_wconf 87' lang='lat' dir='ltr'>Nam</span> <span class='ocrx_word' id='word_1_235' title='bbox 925 3288 954 3346; x_wconf 90' lang='lat' dir='ltr'>et</span> <span class='ocrx_word' id='word_1_236' title='bbox 971 3282 1168 3346; x_wconf 86' lang='lat' dir='ltr'>devocionem</span> <span class='ocrx_word' id='word_1_237' title='bbox 1185 3288 1216 3345; x_wconf 92' lang='lat' dir='ltr'>et</span> <span class='ocrx_word' id='word_1_238' title='bbox 1232 3281 1339 3352; x_wconf 88' lang='lat' dir='ltr'>iidem,</span> <span class='ocrx_word' id='word_1_239' title='bbox 1364 3284 1390 3346; x_wconf 88' lang='lat' dir='ltr'>si</span> 
     </span>
     <span class='ocr_line' id='line_1_28' title="bbox 195 3390 1390 3475; baseline -0.003 -20"><span class='ocrx_word' id='word_1_240' title='bbox 195 3413 256 3475; x_wconf 87' lang='lat' dir='ltr'>qua</span> <span class='ocrx_word' id='word_1_241' title='bbox 271 3391 394 3473; x_wconf 81' lang='lat' dir='ltr'>rigebat</span> <span class='ocrx_word' id='word_1_242' title='bbox 409 3393 440 3453; x_wconf 92' lang='lat' dir='ltr'>in</span> <span class='ocrx_word' id='word_1_243' title='bbox 455 3391 592 3472; x_wconf 87' lang='lat' dir='ltr'>reliquis,</span> <span class='ocrx_word' id='word_1_244' title='bbox 608 3410 664 3471; x_wconf 89' lang='lat' dir='ltr'>per</span> <span class='ocrx_word' id='word_1_245' title='bbox 681 3392 808 3471; x_wconf 88' lang='lat' dir='ltr'>dampna</span> <span class='ocrx_word' id='word_1_246' title='bbox 823 3410 924 3452; x_wconf 90' lang='lat' dir='ltr'>rerum</span> <span class='ocrx_word' id='word_1_247' title='bbox 941 3394 972 3452; x_wconf 91' lang='lat' dir='ltr'>et</span> <span class='ocrx_word' id='word_1_248' title='bbox 986 3409 1199 3471; x_wconf 90' lang='lat' dir='ltr'>personarum,</span> <span class='ocrx_word' id='word_1_249' title='bbox 1217 3390 1341 3452; x_wconf 88' lang='lat' dir='ltr'>iniurias</span> <span class='ocrx_word' id='word_1_250' title='bbox 1359 3393 1390 3453; x_wconf 90' lang='lat' dir='ltr'>et</span> 
     </span>
     <span class='ocr_line' id='line_1_29' title="bbox 194 3489 1390 3579; baseline -0.003 -17"><span class='ocrx_word' id='word_1_251' title='bbox 194 3505 329 3562; x_wconf 87' lang='lat' dir='ltr'>terrores</span> <span class='ocrx_word' id='word_1_252' title='bbox 342 3498 523 3579; x_wconf 91' lang='lat' dir='ltr'>multiplices</span> <span class='ocrx_word' id='word_1_253' title='bbox 540 3496 755 3570; x_wconf 84' lang='lat' dir='ltr'>exstinxerunt,</span> <span class='ocrx_word' id='word_1_254' title='bbox 770 3518 853 3561; x_wconf 92' lang='lat' dir='ltr'>more</span> <span class='ocrx_word' id='word_1_255' title='bbox 869 3498 1014 3567; x_wconf 75' lang='lat' dir='ltr'>vindicte,</span> <span class='ocrx_word' id='word_1_256' title='bbox 1031 3516 1089 3579; x_wconf 90' lang='lat' dir='ltr'>que</span> <span class='ocrx_word' id='word_1_257' title='bbox 1106 3517 1166 3559; x_wconf 92' lang='lat' dir='ltr'>non</span> <span class='ocrx_word' id='word_1_258' title='bbox 1183 3493 1321 3559; x_wconf 86' lang='lat' dir='ltr'>excessui</span> <span class='ocrx_word' id='word_1_259' title='bbox 1335 3489 1390 3559; x_wconf 90' lang='lat' dir='ltr'>sed</span> 
     </span>
     <span class='ocr_line' id='line_1_30' title="bbox 195 3604 1388 3704; baseline -0.003 -36"><span class='ocrx_word' id='word_1_260' title='bbox 195 3607 368 3690; x_wconf 89' lang='lat' dir='ltr'>penitencie</span> <span class='ocrx_word' id='word_1_261' title='bbox 395 3607 495 3704; x_wconf 61' lang='lat' dir='ltr'>locum</span> <span class='ocrx_word' id='word_1_262' title='bbox 520 3612 624 3688; x_wconf 88' lang='lat' dir='ltr'>parat,</span> <span class='ocrx_word' id='word_1_263' title='bbox 651 3606 788 3668; x_wconf 89' lang='lat' dir='ltr'>seviendi</span> <span class='ocrx_word' id='word_1_264' title='bbox 811 3612 963 3669; x_wconf 89' lang='lat' dir='ltr'>sumentes</span> <span class='ocrx_word' id='word_1_265' title='bbox 986 3604 1142 3668; x_wconf 83' lang='lat' dir='ltr'>audaciam</span> <span class='ocrx_word' id='word_1_266' title='bbox 1164 3605 1195 3666; x_wconf 91' lang='lat' dir='ltr'>in</span> <span class='ocrx_word' id='word_1_267' title='bbox 1224 3623 1388 3666; x_wconf 89' lang='lat' dir='ltr'>conversos</span> 
     </span>
     <span class='ocr_line' id='line_1_31' title="bbox 194 3710 1388 3796; baseline -0.004 -19"><span class='ocrx_word' id='word_1_268' title='bbox 194 3715 292 3796; x_wconf 88' lang='lat' dir='ltr'>procb</span> <span class='ocrx_word' id='word_1_269' title='bbox 314 3714 415 3778; x_wconf 80' lang='lat' dir='ltr'>dolor!</span> <span class='ocrx_word' id='word_1_270' title='bbox 441 3715 507 3794; x_wconf 83' lang='lat' dir='ltr'>Qua</span> <span class='ocrx_word' id='word_1_271' title='bbox 527 3713 651 3776; x_wconf 89' lang='lat' dir='ltr'>racione</span> <span class='ocrx_word' id='word_1_272' title='bbox 674 3733 758 3776; x_wconf 88' lang='lat' dir='ltr'>suam</span> <span class='ocrx_word' id='word_1_273' title='bbox 779 3718 945 3794; x_wconf 89' lang='lat' dir='ltr'>posuerunt</span> <span class='ocrx_word' id='word_1_274' title='bbox 973 3733 1009 3774; x_wconf 85' lang='lat' dir='ltr'>ex</span> <span class='ocrx_word' id='word_1_275' title='bbox 1037 3712 1174 3793; x_wconf 89' lang='lat' dir='ltr'>opposito</span> <span class='ocrx_word' id='word_1_276' title='bbox 1202 3710 1388 3791; x_wconf 89' lang='lat' dir='ltr'>porcionem,</span> 
     </span>
     <span class='ocr_line' id='line_1_32' title="bbox 195 3815 1389 3904; baseline -0.003 -19"><span class='ocrx_word' id='word_1_277' title='bbox 195 3841 272 3904; x_wconf 91' lang='lat' dir='ltr'>quos</span> <span class='ocrx_word' id='word_1_278' title='bbox 300 3823 331 3883; x_wconf 90' lang='lat' dir='ltr'>in</span> <span class='ocrx_word' id='word_1_279' title='bbox 359 3822 437 3884; x_wconf 91' lang='lat' dir='ltr'>omni</span> <span class='ocrx_word' id='word_1_280' title='bbox 465 3821 591 3885; x_wconf 88' lang='lat' dir='ltr'>articulo</span> <span class='ocrx_word' id='word_1_281' title='bbox 618 3821 699 3884; x_wconf 82' lang='lat' dir='ltr'>iuxta</span> <span class='ocrx_word' id='word_1_282' title='bbox 726 3820 847 3884; x_wconf 91' lang='lat' dir='ltr'>modum</span> <span class='ocrx_word' id='word_1_283' title='bbox 873 3818 1084 3901; x_wconf 90' lang='lat' dir='ltr'>possibilitatis</span> <span class='ocrx_word' id='word_1_284' title='bbox 1113 3837 1217 3880; x_wconf 90' lang='lat' dir='ltr'>eorum</span> <span class='ocrx_word' id='word_1_285' title='bbox 1245 3815 1389 3898; x_wconf 88' lang='lat' dir='ltr'>sperabat</span> 
     </span>
     <span class='ocr_line' id='line_1_33' title="bbox 191 3926 1389 4010; baseline -0.004 -18"><span class='ocrx_word' id='word_1_286' title='bbox 191 3927 313 3992; x_wconf 85' lang='lat' dir='ltr'>habere</span> <span class='ocrx_word' id='word_1_287' title='bbox 332 3927 464 3991; x_wconf 86' lang='lat' dir='ltr'>ecelesia</span> <span class='ocrx_word' id='word_1_288' title='bbox 487 3947 608 4010; x_wconf 91' lang='lat' dir='ltr'>semper</span> <span class='ocrx_word' id='word_1_289' title='bbox 629 3933 794 4010; x_wconf 88' lang='lat' dir='ltr'>promptos.</span> <span class='ocrx_word' id='word_1_290' title='bbox 835 3926 951 3991; x_wconf 91' lang='lat' dir='ltr'>ludicet</span> <span class='ocrx_word' id='word_1_291' title='bbox 974 3927 1144 4009; x_wconf 87' lang='lat' dir='ltr'>quicunque</span> <span class='ocrx_word' id='word_1_292' title='bbox 1167 3926 1247 3987; x_wconf 91' lang='lat' dir='ltr'>inter</span> <span class='ocrx_word' id='word_1_293' title='bbox 1273 3945 1329 3986; x_wconf 91' lang='lat' dir='ltr'>nos</span> <span class='ocrx_word' id='word_1_294' title='bbox 1358 3928 1389 3987; x_wconf 87' lang='lat' dir='ltr'>et</span> 
     </span>
     <span class='ocr_line' id='line_1_34' title="bbox 193 4031 1387 4119; baseline -0.001 -24"><span class='ocrx_word' id='word_1_295' title='bbox 193 4036 296 4118; x_wconf 89' lang='lat' dir='ltr'>ipsos,</span> <span class='ocrx_word' id='word_1_296' title='bbox 325 4037 465 4119; x_wconf 88' lang='lat' dir='ltr'>quoniam</span> <span class='ocrx_word' id='word_1_297' title='bbox 493 4037 524 4099; x_wconf 91' lang='lat' dir='ltr'>in</span> <span class='ocrx_word' id='word_1_298' title='bbox 552 4037 674 4118; x_wconf 89' lang='lat' dir='ltr'>querele</span> <span class='ocrx_word' id='word_1_299' title='bbox 702 4041 806 4099; x_wconf 89' lang='lat' dir='ltr'>nostre</span> <span class='ocrx_word' id='word_1_300' title='bbox 834 4036 954 4098; x_wconf 89' lang='lat' dir='ltr'>iusticia</span> <span class='ocrx_word' id='word_1_301' title='bbox 984 4034 1160 4116; x_wconf 86' lang='lat' dir='ltr'>cuiusquam</span> <span class='ocrx_word' id='word_1_302' title='bbox 1182 4033 1247 4095; x_wconf 86' lang='lat' dir='ltr'>sani</span> <span class='ocrx_word' id='word_1_303' title='bbox 1276 4031 1387 4115; x_wconf 88' lang='lat' dir='ltr'>capitis</span> 
     </span>
    </p>
   </div>
   <div class='ocr_carea' id='block_1_3' title="bbox 192 4158 1392 4396">
    <p class='ocr_par' dir='ltr' id='par_1_3' title="bbox 192 4158 1392 4396">
     <span class='ocr_line' id='line_1_35' title="bbox 290 4158 1389 4229; baseline -0.005 -15"><span class='ocrx_word' id='word_1_304' title='bbox 290 4161 324 4229; x_wconf 85' lang='lat' dir='ltr'>a)</span> <span class='ocrx_word' id='word_1_305' title='bbox 351 4160 519 4215; x_wconf 84' lang='lat' dir='ltr'>distinctione</span> <span class='ocrx_word' id='word_1_306' title='bbox 534 4161 675 4216; x_wconf 78' lang='lat' dir='ltr'>suillasur</span> <span class='ocrx_word' id='word_1_307' title='bbox 688 4163 718 4216; x_wconf 81' lang='lat' dir='ltr'>V.</span> <span class='ocrx_word' id='word_1_308' title='bbox 734 4191 766 4200; x_wconf 95' lang='lat'>-</span> <span class='ocrx_word' id='word_1_309' title='bbox 792 4161 824 4229; x_wconf 81' lang='grc'>1)</span> <span class='ocrx_word' id='word_1_310' title='bbox 848 4177 941 4215; x_wconf 84' lang='lat' dir='ltr'>manna</span> <span class='ocrx_word' id='word_1_311' title='bbox 966 4162 1031 4214; x_wconf 89' lang='lat' dir='ltr'>oder</span> <span class='ocrx_word' id='word_1_312' title='bbox 1052 4175 1177 4213; x_wconf 83' lang='lat' dir='ltr'>mammas</span> <span class='ocrx_word' id='word_1_313' title='bbox 1200 4176 1232 4211; x_wconf 81' lang='lat' dir='ltr'>zu</span> <span class='ocrx_word' id='word_1_314' title='bbox 1255 4158 1338 4210; x_wconf 87' lang='lat' dir='ltr'>lesen.</span> <span class='ocrx_word' id='word_1_315' title='bbox 1353 4185 1389 4197; x_wconf 91' lang='lat'>-·</span> 
     </span>
     <span class='ocr_line' id='line_1_36' title="bbox 194 4247 1392 4320; baseline -0.003 -17"><span class='ocrx_word' id='word_1_316' title='bbox 194 4252 227 4320; x_wconf 87' lang='lat' dir='ltr'>e)</span> <span class='ocrx_word' id='word_1_317' title='bbox 240 4251 364 4304; x_wconf 85' lang='lat' dir='ltr'>abierunt</span> <span class='ocrx_word' id='word_1_318' title='bbox 381 4268 413 4304; x_wconf 84' lang='lat' dir='ltr'>nu</span> <span class='ocrx_word' id='word_1_319' title='bbox 431 4250 515 4304; x_wconf 88' lang='lat' dir='ltr'>lesen.</span> <span class='ocrx_word' id='word_1_320' title='bbox 536 4280 566 4289; x_wconf 90' lang='lat'><em>-</em></span> <span class='ocrx_word' id='word_1_321' title='bbox 587 4251 622 4317; x_wconf 82' lang='lat' dir='ltr'>d)</span> <span class='ocrx_word' id='word_1_322' title='bbox 643 4251 843 4320; x_wconf 81' lang='lat' dir='ltr'>voluptatibus?</span> <span class='ocrx_word' id='word_1_323' title='bbox 861 4281 894 4289; x_wconf 90' lang='lat'>—</span> <span class='ocrx_word' id='word_1_324' title='bbox 909 4253 940 4317; x_wconf 88' lang='lat' dir='ltr'>e)</span> <span class='ocrx_word' id='word_1_325' title='bbox 961 4249 1148 4303; x_wconf 85' lang='lat' dir='ltr'>adducantur?</span> <span class='ocrx_word' id='word_1_326' title='bbox 1167 4279 1202 4286; x_wconf 98' lang='lat'><em>-</em></span> <span class='ocrx_word' id='word_1_327' title='bbox 1220 4247 1252 4317; x_wconf 79' lang='lat' dir='ltr'>f)</span> <span class='ocrx_word' id='word_1_328' title='bbox 1272 4247 1323 4300; x_wconf 93' lang='lat' dir='ltr'>imo</span> <span class='ocrx_word' id='word_1_329' title='bbox 1344 4247 1392 4300; x_wconf 87' lang='lat' dir='ltr'>aui</span> 
     </span>
     <span class='ocr_line' id='line_1_37' title="bbox 192 4343 290 4396; baseline -0.02 -1"><span class='ocrx_word' id='word_1_330' title='bbox 192 4343 290 4396; x_wconf 79' lang='lat' dir='ltr'>Rosos.</span> 
     </span>
    </p>
   </div>
   <div class='ocr_carea' id='block_1_4' title="bbox 192 4515 521 4525">
    <p class='ocr_par' dir='ltr' id='par_1_4' title="bbox 192 4515 521 4525">
     <span class='ocr_line' id='line_1_38' title="bbox 192 4515 521 4525; baseline 0 -3"><span class='ocrx_word' id='word_1_331' title='bbox 192 4515 521 4525; x_wconf 53' lang='grc' dir='ltr'>...Ἣ</span> 
     </span>
    </p>
   </div>
   <div class='ocr_carea' id='block_1_5' title="bbox 223 4627 509 4685">
    <p class='ocr_par' dir='ltr' id='par_1_5' title="bbox 223 4627 509 4685">
     <span class='ocr_line' id='line_1_39' title="bbox 223 4627 509 4685; baseline 0.003 -16"><span class='ocrx_word' id='word_1_332' title='bbox 223 4628 245 4685; x_wconf 80' lang='lat'>¹)</span> <span class='ocrx_word' id='word_1_333' title='bbox 265 4628 340 4670; x_wconf 69' lang='lat' dir='ltr'>urucas</span> <span class='ocrx_word' id='word_1_334' title='bbox 359 4628 396 4679; x_wconf 78' lang='lat'>15,</span> <span class='ocrx_word' id='word_1_335' title='bbox 416 4629 452 4670; x_wconf 83' lang='grc'>13.</span> <span class='ocrx_word' id='word_1_336' title='bbox 473 4627 509 4671; x_wconf 78' lang='grc'>15.</span> 
     </span>
    </p>
   </div>
   <div class='ocr_carea' id='block_1_6' title="bbox 0 0 1610 5392">
    <p class='ocr_par' dir='ltr' id='par_1_6' title="bbox 0 0 1610 5392">
     <span class='ocr_line' id='line_1_40' title="bbox 0 0 1610 5392; baseline 0 0"><span class='ocrx_word' id='word_1_337' title='bbox 0 0 1610 5392; x_wconf 95' lang='lat' dir='ltr'> </span> 
     </span>
    </p>
   </div>
  </div>
 </body>
</html>
