3209 5392
291 475 341 546 30

291 654 322 713 ut
351 657 525 734 suspectum
551 651 665 716 babere
688 652 786 715 valeat
810 651 940 715 iudicem
963 652 1143 733 delegatum.
1177 649 1297 714 Valebit
1319 654 1421 713 autem
1438 649 1499 714 bec

290 760 456 842 appellacio
489 762 515 823 si
539 782 609 824 reus
641 760 837 843 appellaverit
861 781 896 822 ex
919 758 1069 824 brevitate
1097 759 1257 822 citacionis
1286 759 1428 821 senciens
1462 780 1495 823 se

289 874 455 949 gravatum.
472 869 546 933 ltem
561 870 586 931 si
599 873 665 952 ipsa
683 868 793 933 citacio
811 869 876 932 sine
894 888 986 932 causa
999 867 1176 952 raciopabili
1189 866 1394 950 protrahatur,
1411 874 1498 933 actor

290 997 348 1040 non
364 978 512 1042 immerito
530 985 701 1061 suspectum
724 978 838 1042 habere
859 979 972 1061 poterit
992 978 1122 1041 iudicem
1140 977 1320 1058 delegatum.
1338 1016 1383 1026 -
1401 978 1494 1042 Ordi-

289 1086 439 1149 nariorum
461 1094 560 1151 autem
582 1088 714 1151 iudicum
731 1087 896 1151 citaciones
919 1087 977 1150 alie
1000 1093 1069 1150 sunt
1090 1088 1277 1158 arbitrario,
1304 1087 1363 1150 alie
1390 1109 1490 1173 cyno·

289 1194 440 1279 dolosa).
464 1198 750 1269 arbitraremur,
773 1216 832 1279 que
864 1196 901 1259 ad
933 1195 1112 1260 arbitrorum
1144 1195 1325 1259 voluntatem
1356 1195 1490 1261 breviari

286 1308 428 1384 poterunt
456 1310 487 1367 et
514 1306 653 1378 extendi,
680 1307 852 1389 synodales
867 1311 946 1377 sunt,
974 1325 1032 1388 que
1055 1305 1093 1368 ad
1115 1305 1261 1387 synodum
1278 1306 1489 1371 extenduntur.

288 1410 402 1475 Citacio
419 1413 551 1476 iudicum
568 1414 774 1495 delegatorum
791 1421 905 1477 certam
922 1414 1014 1478 debet
1030 1414 1144 1477 habere
1160 1413 1331 1486 racionem,
1354 1416 1492 1497 regulam

290 1526 380 1604 atque
397 1522 533 1594 formam,
551 1542 638 1605 quam
657 1523 804 1585 excedere
822 1545 880 1586 non
897 1523 1018 1594 licebit;
1043 1524 1187 1586 inseritur
1203 1524 1281 1585 enim
1303 1525 1491 1588 autenticum

239 1643 241 1648 '
293 1630 330 1693 de
346 1631 438 1695 verbo
455 1632 644 1704 adverbum,
661 1632 819 1697 subiuncto
835 1634 1025 1715 postmodum
1042 1634 1182 1697 mandato
1199 1633 1330 1696 iudicum
1353 1636 1491 1717 ipsorum

287 1741 316 1802 in
333 1760 391 1824 quo
407 1743 492 1806 locus
511 1750 541 1805 et
558 1743 622 1805 dies
639 1743 830 1825 apertissime
852 1744 1006 1815 videatur;
1031 1743 1089 1807 hoc
1113 1748 1213 1806 tamen
1235 1763 1357 1826 semper
1379 1752 1490 1810 caveto

286 1857 328 1923 ut,
346 1850 371 1911 si
388 1852 428 1914 sit
443 1854 645 1934 peremptoria
662 1852 782 1923 altario,
799 1852 975 1916 vocabulum
991 1851 1187 1935 peremptorii
1204 1852 1371 1914 nullatenus
1389 1855 1489 1935 negli-

284 1965 383 2040 gatur,
400 1960 474 2023 alias
492 1982 551 2025 non
566 1963 663 2044 possit
686 1960 722 2044 b)
739 1961 865 2024 iudicari
881 1963 1084 2043 peremptoria
1102 1967 1362 2045 quantumcunque
1378 1962 1487 2045 longas

232 2144 235 2150 Ι
282 2068 419 2132 inducias
437 2073 605 2134 contineret
612 2092 621 2142 ;
646 2070 769 2133 aliarum
786 2077 885 2134 autem
904 2071 1085 2134 citacionum
1102 2070 1207 2133 modus
1225 2070 1351 2152 simplex
1368 2077 1426 2134 est.

410 2312 582 2392 Exemplum
598 2310 755 2374 elteelorls
771 2311 973 2391 peremptorle
990 2259 1347 2394 treton-'delegatorum

372 2486 530 2551 Nobilibus
549 2508 584 2551 ac
606 2487 770 2552 illustribus
787 2489 973 2573 principibus
990 2489 1017 2552 J.
1037 2494 1067 2551 et
1083 2488 1118 2552 0.
1136 2489 1192 2550 Dei
1210 2489 1314 2570 gracia
1330 2489 1483 2551 marchio-

276 2595 364 2657 nibus
380 2596 722 2678 Brandenburgensibus
739 2599 774 2663 0.
794 2607 825 2663 et
841 2600 873 2662 C.
893 2599 998 2661 eadem
1015 2598 1070 2660 Dei
1089 2599 1192 2678 gracia
1208 2598 1480 2679 Magdeburgensis

277 2710 307 2767 et
324 2704 511 2768 Coloniensis
530 2705 726 2769 ecclesiarum
751 2707 904 2790 episcopi,
933 2707 1049 2769 iudices
1072 2727 1090 2768 a
1115 2706 1188 2768 sede
1211 2707 1378 2789 apostolica
1396 2709 1480 2771 dele-

276 2813 357 2893 gati,
396 2814 553 2876 oraciones
586 2820 615 2877 et
647 2814 823 2898 obsequium
861 2817 1054 2878 indefessum.
1103 2816 1223 2877 literas
1258 2816 1370 2878 domini
1402 2836 1479 2899 pape

277 2925 445 3006 recepimus
457 2945 513 3007 per
526 2926 623 2988 omnia
637 2927 666 2987 in
678 2926 735 2988 bec
749 2925 840 2989 verba
849 2949 856 2988 :
865 2927 900 2988 G.
916 2924 953 3009 θ)
968 2925 1127 3007 episcopus
1141 2945 1246 2987 servus
1260 2946 1414 2988 servorum
1423 2927 1480 2989 Dei

276 3039 334 3096 etc.
367 3034 410 3095 Ex
437 3039 524 3115 parte
551 3034 731 3097 venerabilis
760 3037 862 3098 fratris
890 3037 984 3097 nostri
1006 3035 1247 3115 Magantinensis
1271 3036 1408 3117 episcopi
1425 3037 1480 3101 fuit

274 3142 459 3224 propositum
476 3162 577 3205 coram
594 3142 692 3214 nobis,
709 3144 789 3225 quod
804 3144 833 3207 J.
851 3150 881 3207 et
899 3144 935 3206 0.
955 3149 1025 3214 etc,
1040 3148 1071 3205 et
1082 3143 1124 3206 ita
1136 3143 1174 3206 de
1190 3144 1282 3206 verbo
1299 3145 1478 3208 adverbum

273 3257 368 3316 totum
390 3253 572 3315 autenticum
595 3251 712 3313 inseras
732 3252 776 3338 1);
799 3260 907 3332 postea
928 3253 1086 3316 inseritur:
1112 3252 1258 3334 Quoniam
1279 3253 1372 3335 igitur
1392 3275 1479 3318 man·

272 3360 373 3422 datum
391 3359 588 3441 apostolicum
613 3379 684 3422 aure
710 3361 798 3422 surda
823 3380 880 3423 nec
902 3360 1036 3421 volumus
1057 3380 1115 3423 nec
1136 3380 1296 3442 possumus
1313 3364 1474 3444 preterire,

273 3468 321 3530 cui
338 3469 368 3530 in
385 3468 521 3530 omnibus
539 3473 569 3530 et
585 3487 640 3549 per
657 3468 754 3530 omnia
772 3460 896 3531 obedire
913 3475 1065 3541 tenemur,
1082 3472 1262 3535 auctoritate
1287 3492 1345 3554 qua
1373 3473 1477 3554 fungi-

165 3626 168 3631 .
272 3597 348 3649 mur,
365 3578 395 3638 in
412 3576 513 3657 vigilia
530 3576 610 3639 Petri
628 3584 658 3639 et
674 3578 755 3640 Pauli
772 3578 974 3659 apostolorum
997 3578 1130 3659 proxima
1146 3584 1271 3644 ventura
1287 3582 1325 3643 ad
1341 3590 1475 3646 nostram

271 3687 460 3769 presenciam
482 3687 513 3747 in
529 3686 567 3747 M.
593 3686 633 3770 d)
666 3706 719 3749 vos
751 3688 896 3758 citamus,
932 3688 1031 3751 locum
1067 3688 1153 3751 vobis
1185 3689 1297 3752 ibidem
1328 3691 1474 3754 maiorem

271 3795 432 3859 ecclesiam
449 3800 479 3858 et
494 3794 662 3875 predictam
679 3795 757 3857 diem
773 3798 1007 3878 peremptoriam
1024 3798 1225 3880 assignantes.
1243 3799 1310 3862 Dat.
1330 3806 1389 3863 ete.

370 3977 405 4045 a)
419 3977 468 4029 Die
482 3976 625 4047 folgenden
639 3938 732 4030 Worle
746 3977 887 4030 arbitrario
908 3988 981 4043 sunl,
996 3998 1048 4051 que
1069 3979 1107 4033 bis
1126 3981 1232 4034 extendi
1257 3944 1344 4036 lehleu
1368 3985 1398 4039 V.
1425 3954 1472 4039 Eia

270 4068 419 4121 offenbarcs
432 4068 565 4122 Verseben
584 4069 631 4121 des
646 4069 846 4122 dbscbreibers.
872 4099 904 4107 -
927 4071 959 4138 b)
974 4073 1068 4140 posset
1082 4073 1109 4124 Z.
1123 4102 1157 4111 -
1171 4073 1203 4142 c)
1218 4073 1365 4143 Gregorius
1380 4078 1407 4132 Z.
1436 4110 1464 4119 -

272 4159 307 4225 d)
319 4159 467 4230 Maydurch
486 4160 513 4211 Z.

275 4276 601 4288 ι-------.-.......

289 4357 310 4414 ¹)
332 4360 438 4404 Gemeint
451 4361 481 4403 tet
493 4360 533 4405 das
545 4361 607 4405 oben
619 4362 644 4406 S.
655 4362 687 4406 26
699 4364 854 4423 mitgetbeilte
865 4365 996 4421 pilpstllcbe
1007 4367 1144 4411 Sebreiben.
