3209 5392
1268 461 1342 551 ns

158 656 343 727 detinentur,
366 655 478 717 utinam
502 674 580 716 nunc
603 653 700 716 saltim
716 654 803 717 uobis
821 653 1023 717 eraudicionis
1039 653 1127 716 ianua
1143 651 1343 734 panderetur!

155 762 281 844 Rogavit
308 762 387 824 enim
414 760 527 842 pluries
561 759 717 823 nobiscum
744 760 923 823 universitas
953 758 1164 831 cardinalium,
1196 763 1229 822 ut
1255 760 1343 821 matri

155 868 284 933 ecclesie
300 868 352 932 lilii
367 868 578 937 redderentur,
598 867 745 949 flagitarit
769 887 901 951 quoque,
918 872 952 930 ut
966 871 1168 930 tractarentur
1182 865 1344 948 benignius

155 982 184 1039 et
212 977 357 1058 precipue
389 974 526 1039 dominus
558 974 751 1038 Prenestinus
783 975 839 1060 a),
879 982 949 1044 tue,
986 980 1019 1038 ut
1050 975 1175 1046 dicitur,
1207 975 1344 1038 custodie

156 1083 324 1165 deputatus.
357 1083 444 1148 Nunc
461 1088 571 1154 autem,
593 1086 627 1144 ut
642 1081 761 1153 dicitur,
777 1082 858 1145 idem
875 1087 989 1146 artatur
1003 1082 1068 1163 plus
1086 1083 1184 1153 solito,
1207 1082 1344 1147 strictius

156 1190 315 1263 clauditur,
337 1196 484 1254 tractatur
501 1188 602 1252 durius
620 1194 650 1252 et
666 1189 802 1270 asperius
819 1209 837 1251 a
854 1189 1068 1252 collocucionis
1083 1189 1213 1252 humane
1230 1190 1344 1252 solacio

152 1304 321 1362 removetur
343 1298 397 1380 b),
425 1317 494 1360 nam
521 1297 651 1378 propriis
674 1297 791 1360 famulis
815 1302 846 1359 et
868 1297 960 1360 sociis
983 1297 1160 1368 destitutus,
1200 1297 1345 1377 affligitur

155 1406 359 1469 vehementer.
392 1405 484 1468 Porro
513 1406 578 1486 quis
601 1406 687 1467 lavor
703 1425 739 1466 ex
755 1404 814 1466 boc
831 1405 950 1467 accedit
975 1403 1124 1485 principi?
1153 1406 1198 1467 An
1220 1411 1344 1487 propter

149 1509 206 1573 hoc
233 1493 316 1573 fama
344 1510 492 1573 celebrior
520 1511 557 1573 de
586 1531 640 1574 sua
667 1510 832 1573 clemencia
860 1512 1014 1592 spargitur
1035 1510 1142 1573 votivis
1163 1531 1218 1593 per
1239 1510 1343 1574 orbem

150 1618 271 1699 gaudiis
281 1616 481 1680 celebranda?
495 1617 638 1679 Ecceviri
646 1617 792 1698 religiosi,
805 1617 931 1680 ministri
939 1617 1051 1680 Christi
1064 1619 1095 1680 in
1107 1618 1171 1680 eius
1185 1623 1297 1680 sortem
1304 1613 1345 1702 c]

147 1726 313 1807 assumpti,
350 1743 405 1786 nec
437 1744 496 1786 non
529 1728 560 1786 et
597 1723 754 1805 pontifices
791 1744 880 1787 sacro
912 1724 1052 1787 crismate
1085 1724 1228 1793 delibuti,
1263 1726 1343 1788 fame

148 1832 341 1902 cruciantur,
373 1831 596 1894 confunduntur
612 1830 771 1912 obprobrio
804 1831 967 1902 nuditatis,
998 1832 1144 1913 protracti
1177 1832 1293 1895 diucius
1325 1850 1343 1896 a

150 1939 299 2003 carcerali
315 1937 397 2003 tedio
414 1937 535 1999 nimium
552 1936 593 2023 d)
609 1937 783 2019 affliguntur
805 1942 836 2000 et
856 1937 1041 2019 longioribus
1064 1938 1183 2022 quidem
1205 1939 1342 2004 distracti
1354 1948 1458 1993 ⁸⁰1³&-

147 2046 297 2129 angustiis
325 2065 402 2128 pene
437 2044 579 2108 deliciunt
606 2049 637 2132 et
664 2029 815 2108 continuis
848 2045 958 2126 pulsati
991 2044 1143 2108 doloribus
1175 2045 1345 2136 subsanna·

146 2154 287 2218 cionibus
315 2158 345 2216 et
372 2151 540 2235 obprobriis
568 2152 703 2215 lacessiti
730 2171 828 2234 usque
851 2153 889 2215 ad
911 2153 1088 2215 sacietatem
1115 2151 1240 2215 visionis
1263 2155 1343 2216 omni

146 2263 229 2325 carni
253 2266 288 2324 et
308 2261 425 2344 populis
447 2260 611 2329 universis,
633 2260 692 2322 iarn
707 2279 762 2342 pro
784 2259 918 2321 remedio
940 2258 1125 2323 cruciatuum
1147 2260 1237 2324 vitam
1253 2261 1343 2325 fasti-

144 2369 278 2433 diunt‘et
295 2368 469 2430 desiderare
482 2367 586 2430 mortis
600 2366 778 2449 compendia
794 2366 1020 2448 compelluntur.
1037 2365 1096 2433 Ubi
1113 2372 1160 2431 est
1174 2367 1351 2433 humanitas·

143 2477 216 2541 tanti
232 2474 383 2558 principis
405 2483 436 2538 et
458 2474 509 2538 ubi
531 2474 696 2537 clemencia
718 2475 908 2556 imperatoris
925 2473 980 2538 sub
1003 2475 1068 2538 celo
1090 2481 1151 2538 tam
1173 2474 1343 2542 hominibus

144 2604 231 2668 quam
247 2582 413 2646 iumentis?
428 2581 579 2665 Numquid
594 2583 719 2645 virtutes
735 2582 926 2664 multiplices,
944 2601 1018 2665 quas
1035 2583 1135 2646 divina
1150 2585 1254 2666 gracia
1270 2604 1345 2649 con·

145 2693 241 2754 cessit
257 2691 294 2755 in
310 2709 345 2753 eo
363 2694 394 2753 et
409 2688 517 2773 quibus
533 2688 705 2770 fulgencius
721 2688 880 2751 illustravit
895 2689 1063 2770 principem
1077 2691 1269 2772 singularem,
1286 2693 1344 2758 sub

145 2799 270 2862 duricic
288 2799 426 2888 claustro
436 2797 624 2865 claudentur,
639 2795 695 2859 sub
709 2798 803 2868 clave,
823 2797 903 2879 quod
918 2797 1007 2870 absit,
1018 2798 1208 2893 crudelitatis
1226 2801 1343 2867 foribus

146 2903 437 2970 obseratistNonne
449 2903 573 2967 intrabit
583 2903 693 2985 pietas,
701 2923 759 2986 que
773 2904 882 2966 clamat
894 2904 933 2966 ad
944 2903 1062 2968 ianuam
1076 2912 1106 2969 et
1118 2911 1152 2969 ut
1163 2907 1343 2973 misereatur

143 3019 246 3076 mutus
274 3012 417 3096 princeps
438 3010 574 3074 ululantis
600 3010 722 3073 miserie
737 3010 921 3072 miserorum
940 3031 999 3073 non
1023 3011 1133 3076 desinit
1151 3015 1344 3095 supplicare?

145 3123 243 3185 Tuam
262 3120 357 3202 igitur
374 3118 569 3200 prudenciam
587 3119 736 3181 attencius
755 3115 963 3188 exhortamur,
984 3126 1130 3202 quatenus
1153 3123 1247 3187 instes
1264 3126 1344 3207 apud

146 3229 329 3310 principem,
341 3230 374 3288 ut
383 3225 522 3287 restituat
533 3223 675 3287 fratribus
688 3224 797 3285 fratres
810 3242 890 3286 suos.
900 3224 939 3311 α)
948 3225 1028 3288 Sane
1039 3227 1192 3307 permittat
1203 3234 1344 3295 setantus

146 3334 339 3418 princepsad
351 3334 445 3396 instar
453 3331 616 3396 salvatoris
629 3350 647 3393 a
659 3331 771 3412 pietate
784 3330 948 3394 clemencie
961 3334 1108 3414 superari,
1120 3339 1153 3398 ut
1164 3339 1245 3401 iuxta
1258 3339 1345 3403 Sale·

146 3463 269 3507 monem
290 3441 424 3505 firmetur
446 3440 612 3502 clemencia
627 3439 752 3502 thronus
775 3440 849 3502 eius.
881 3439 981 3502 Nicbil
998 3441 1076 3504 enim
1091 3442 1123 3504 in
1138 3443 1245 3507 throno
1261 3445 1344 3527 regis

147 3549 406 3615 honorificencius
423 3547 603 3616 dominatur,
619 3546 711 3609 nichil
727 3551 787 3609 mm
803 3547 901 3628 ampla
924 3549 1130 3630 magnitudine
1148 3553 1275 3633 imperat
1298 3553 1345 3615 di·

147 3661 252 3743 gnius,
264 3657 357 3721 nichil
373 3655 511 3738 splendet
518 3654 555 3741 e)
572 3656 603 3716 iu
619 3654 796 3716 celsitudine
814 3654 913 3717 cordis
930 3655 992 3725 alti,
1009 3656 1099 3719 nichil
1116 3659 1344 3740 triumphalibus

147 3768 253 3849 tytulis
282 3765 380 3845 fulget
405 3762 580 3825 luminosius
608 3761 708 3824 aureis
735 3761 830 3823 literis
854 3760 1123 3833 conscribendum,
1151 3785 1239 3848 quam
1261 3766 1344 3851 sti

148 3872 319 3938 clemencia
335 3869 490 3951 regnatis
506 3875 630 3950 pectore
645 3868 790 3950 principis
819 3872 850 3930 et
871 3867 978 3931 solium
999 3871 1101 3933 teneat
1116 3890 1343 3956 usquequaque.
1388 3884 1391 3892 '

149 3983 213 4044 lloc
231 3985 335 4042 autem
345 3977 389 4064 p)
401 3996 455 4058 pro
468 3980 552 4038 certo
564 3975 630 4038 lieri
642 3977 784 4038 censetur
796 3974 915 4057 quarmo
927 3975 1117 4039 victoriosius
1129 3997 1147 4040 a
1163 3978 1268 4043 celesti
1278 3980 1345 4063 pie·

148 4093 211 4150 tate
228 4085 361 4148 vincitur
377 4088 408 4146 et
423 4086 575 4164 sceptrum
590 4081 696 4163 regni,
710 4081 897 4163 palmamque
913 4082 1038 4144 victorie
1059 4084 1150 4146 tradit
1165 4085 1215 4148 illi.
1246 4087 1345 4169 Super

150 4195 274 4258 afflictis
290 4210 418 4275 namque
433 4191 483 4272 pia
499 4194 621 4271 gestans
637 4189 777 4272 princeps
787 4190 916 4259 viscera,
931 4191 1075 4254 famosius
1091 4192 1203 4276 ubique
1213 4195 1345 4259 elemen-

245 4446 279 4511 α)
294 4463 334 4499 am
348 4444 439 4496 Raude
458 4443 491 4496 al.
511 4441 692 4496 Penestrinoe.
707 4472 743 4483 -
756 4442 788 4514 l)
803 4442 851 4495 sol.
871 4459 936 4496 rem.
956 4443 1006 4496 auf
1021 4443 1116 4498 Rasur.
1140 4475 1168 4485 -
1190 4446 1222 4514 e)
1237 4446 1345 4510 fortem,

151 4554 192 4590 am
211 4536 307 4589 Raude
325 4534 405 4588 alius:
426 4535 534 4586 sortem.
551 4561 580 4570 —-
597 4532 632 4601 d)
646 4531 768 4586 nimirum
782 4533 863 4586 ll·Br.
878 4548 932 4586 was
946 4532 1040 4587 hainen
1059 4534 1169 4589 rechten
1183 4535 1248 4588 Sino
1262 4536 1343 4603 gicht.

152 4655 182 4669 —
199 4624 233 4691 e)
250 4623 372 4677 subtilius
386 4622 499 4676 u-Brtc.
523 4648 557 4661 --
579 4620 609 4691 O
632 4624 757 4692 wantum
778 4621 950 4675 unilt-areu.
977 4652 1006 4663 -
1031 4624 1066 4693 p)
1086 4627 1172 4678 autem
1192 4642 1232 4677 am
1245 4625 1344 4680 Raude.
