3209 5392
1597 430 1603 457 l

275 681 342 744 talis
359 681 530 745 monasterii
547 683 662 746 noviter
684 684 882 765 complantata
904 682 1003 764 dignis
1024 684 1232 766 frequentetur
1252 682 1417 746 honoribus
1435 688 1465 745 et

275 791 486 873 temporalibus
503 791 710 855 nichilominus
725 791 863 873 proficiat
884 792 1094 864 incrementis,
1127 791 1262 854 omnibus
1283 811 1356 854 vere
1378 792 1467 873 peni·

275 901 405 963 tentibus
413 921 449 963 ac
457 901 662 984 contritisqui
675 902 713 964 ad
725 901 1034 973 idemmonasterium‚
1043 901 1129 964 cuius
1141 900 1231 963 beata
1237 901 1322 982 virgo
1329 906 1465 965 matrona

275 1008 374 1072 existit
390 1009 440 1096 a),
456 1009 486 1072 in
503 1015 630 1092 quatuor
644 1010 785 1093 precipue
801 1009 1013 1073 festivitatibus
1036 1009 1170 1073 eiusdem
1186 1008 1310 1090 virginis
1333 1009 1467 1090 gloriose

275 1116 439 1180 devotionis
457 1138 547 1180 causa
564 1118 758 1181 confluxerint
784 1124 815 1181 et
831 1118 1022 1181 elemosinam
1043 1137 1127 1180 suam
1148 1116 1260 1179 ibidem
1274 1117 1467 1201 reliquerint,

274 1246 328 1308 pro
357 1227 489 1310 qualibet
514 1227 580 1289 vna
607 1228 658 1290 xo
686 1227 750 1288 ares
780 1227 975 1290 ariminium
1003 1202 1274 1289 cerlianensi
1301 1224 1470 1308 penitentia

275 1335 509 1399 misericorditer
535 1336 700 1398 relaxamus
716 1336 906 1418 presentibus
934 1335 973 1397 ad
1000 1333 1179 1397 decennium
1202 1333 1240 1420 b)
1267 1333 1414 1396 valituris.

633 1505 786 1566 tractatus
805 1503 841 1564 de
857 1501 1106 1585 exemptionibus.
1176 1594 1178 1599 ,

771 1608 897 1653 oisonem
914 1608 973 1653 xor.

364 1708 517 1789 Exemptio
530 1708 649 1790 proprie
663 1713 709 1770 est
721 1708 770 1770 ubi
782 1707 880 1790 aliqua
893 1706 1022 1770 ecclesia
1036 1704 1239 1769 conventualis
1256 1703 1472 1782 canonicorum

261 1816 458 1906 nregularium
473 1816 520 1877 vel
536 1816 725 1887 secularium,
737 1815 951 1878 monachorum
964 1814 1010 1876 vel
1023 1814 1236 1893 monacharum
1252 1812 1424 1875 immediate
1433 1811 1472 1894 ο)
1582 1825 1586 1833 ·

275 1924 379 1987 subest
393 1944 480 2006 pape,
497 1923 538 1985 ita
553 1924 694 1986 videlicet
709 1930 741 1986 ut
757 1924 783 1985 si
798 1923 876 1986 inira
892 1924 1080 2005 metropolim
1096 1922 1220 1985 alicuius
1246 1920 1473 2010 archiepiscopi

275 2029 323 2093 vel
351 2029 512 2111 dyocesani
536 2028 670 2110 episcopi
697 2027 738 2091 sit
753 2027 794 2115 d)
811 2028 885 2100 sita,
914 2028 1122 2091 nichilominus
1149 2028 1396 2113 metropolitanus
1424 2026 1474 2091 vel

275 2138 462 2220 dyocesanus
480 2138 638 2221 episeopus
655 2136 748 2200 nichil
764 2137 838 2200 iuris
854 2137 965 2200 habeat
979 2137 1010 2200 in
1027 2138 1151 2208 eisdem,
1169 2136 1224 2198 sed
1240 2137 1338 2201 omnia
1355 2137 1474 2200 directe

276 2251 307 2308 et
321 2245 492 2308 immediate
508 2236 658 2328 pertinent
674 2246 712 2307 ad
728 2257 845 2327 papam.

364 2352 579 2434 Exceptionum
601 2353 658 2415 alia
679 2355 885 2424 universatis,
914 2353 970 2415 alia
994 2356 1218 2441 particularis.
1270 2355 1470 2421 Univeroolis

276 2467 338 2533 est,
379 2481 436 2543 que
464 2460 658 2524 universitate
686 2461 760 2524 iuris
794 2461 925 2542 pertinet
950 2462 989 2524 ad
1016 2462 1166 2525 dominum
1188 2464 1371 2546 papamsita
1394 2461 1477 2546 quod

275 2570 503 2652 metropolitano
521 2571 560 2655 e)
582 2571 629 2633 vel
658 2571 828 2652 dyocesano
845 2569 884 2655 f)
907 2571 998 2634 nichil
1025 2571 1098 2633 iuris
1125 2577 1281 2634 remaneat
1307 2572 1338 2635 in
1355 2572 1476 2640 eadem,

271 2680 486 2757 particularis
503 2685 560 2750 est,
588 2700 646 2762 que
672 2700 727 2763 pro
755 2686 841 2763 parte
870 2685 901 2743 et
927 2680 1072 2744 incertis
1098 2681 1219 2744 casibus
1249 2681 1287 2743 ab
1311 2679 1479 2744 eorundem

274 2785 481 2853 iurisdictione
499 2786 634 2850 eximitur
651 2794 681 2851 et
697 2789 754 2851 alia
769 2795 855 2872 parte
870 2789 1002 2871 pertinet
1029 2790 1067 2851 ad
1096 2790 1227 2852 eosdem.
1251 2788 1344 2853 Verbi
1359 2789 1477 2870 gratia:

275 2896 301 2957 si
328 2895 426 2977 aliqua
454 2894 583 2957 ecclesia
616 2901 757 2978 quantum
779 2897 896 2961 adhoc
919 2904 966 2961 est
987 2903 1146 2979 exempta,¹
1171 2897 1250 2979 quod
1271 2898 1302 2960 in
1323 2917 1360 2961 ea
1376 2897 1477 2960 nullus

274 3005 435 3086 episcopus
451 3004 496 3066 vel
514 3004 758 3087 archiepiscopus
775 3006 871 3087 possit
893 3006 992 3069 divina
1014 3007 1218 3089 suspendere,
1240 3011 1340 3069 tamen
1358 3005 1430 3089 quia
1446 3006 1478 3067 in

276 3132 329 3176 sua
343 3113 383 3196 9)
400 3110 522 3193 dyocesi
539 3117 586 3176 est
601 3113 669 3185 sita,
687 3114 827 3178 exhibeat
843 3114 870 3177 ei
885 3115 1085 3178 reverentiam
1102 3098 1303 3178 et'honorem.

362 3223 435 3283 ltcm
451 3223 675 3308 ecceptionum
691 3225 758 3288 alio
771 3226 966 3311 personalis,
984 3226 1052 3290 olio
1068 3225 1191 3289 bootis.
1206 3225 1395 3289 Persepolis
1411 3227 1470 3293 est,

275 3330 326 3393 ubi
342 3329 588 3412 archiepiscopus
600 3332 648 3393 vel
661 3331 821 3413 episcopus
839 3333 985 3405 eximitur,
998 3338 1059 3396 uta
1071 3332 1163 3404 nullo,
1175 3353 1233 3395 nec
1249 3332 1339 3395 etiam
1356 3351 1374 3393 a
1391 3331 1475 3394 sedis

258 3438 441 3523 apostolice
463 3439 582 3520 legatis,
599 3459 656 3502 nec
678 3440 769 3503 etiam
791 3461 809 3503 a
830 3441 977 3504 iudicibus
995 3442 1141 3522 delegatis
1158 3440 1410 3521 excommunicari
1425 3440 1472 3502 vel

275 3548 414 3612 interdici
441 3548 554 3611 valeat.
565 3547 612 3610 vel
640 3550 799 3630 suspendi,
817 3555 848 3612 et
868 3550 943 3612 talis
959 3551 1095 3632 exceptio
1112 3549 1278 3634 personalis
1295 3548 1417 3630 quidem
1442 3553 1473 3609 et

275 3657 466 3740 particularis
494 3662 594 3739 potest
622 3657 699 3729 dici,
727 3658 796 3739 quia
815 3659 1031 3721 nichilominus
1054 3660 1131 3723 forte
1153 3659 1184 3721 in
1207 3657 1385 3740 quibusdam
1407 3656 1474 3718 aliis

249 3800 253 3805 ·
277 3768 465 3848 dyocesanus
487 3770 608 3827 tenetur
627 3767 749 3848 proprio
772 3767 1018 3849 metropolitano,
1040 3767 1112 3830 licet
1132 3767 1163 3829 in
1185 3767 1278 3829 certis
1295 3764 1418 3829 casibus
1436 3765 1475 3827 sit

278 3880 440 3955 exemptus.
472 3873 582 3938 Verum
610 3875 636 3936 si
664 3876 852 3957 dyocesanus
881 3877 1089 3949 siceximitur‚
1117 3875 1201 3939 utin
1225 3896 1261 3939 eo
1284 3875 1376 3938 nichil
1399 3874 1474 3937 iuris

275 3988 428 4046 remaneat
442 3983 681 4065 metropolitano,
698 3985 874 4048 universalis
892 3985 951 4048 diei
974 3991 1077 4069 potest
1093 3985 1161 4048 talis
1178 3985 1314 4067 exceptio
1337 3990 1368 4046 et
1385 3984 1474 4047 etiam

277 4091 531 4175 personalis,quia
543 4093 587 4155 sie
601 4113 668 4156 cum
680 4094 819 4157 universo
832 4096 896 4157 iure
910 4095 1046 4158 eximitur
1056 4114 1195 4177 persona.
1210 4094 1337 4158 Locola’s
1351 4098 1409 4163 est,
1418 4112 1474 4174 que

270 4201 366 4263 alicui
378 4200 456 4271 loco,
472 4201 530 4263 hoc
544 4207 590 4263 est
603 4202 731 4265 ecclesie
749 4203 844 4266 datur.
862 4203 1053 4266 Prohemium
1065 4202 1157 4284 igitur
1168 4200 1369 4282 exempcionis
1384 4193 1475 4264 debet

279 4330 347 4373 esse
364 4309 400 4371 de
417 4309 599 4391 plenitudine
611 4312 769 4392 potestatis
783 4312 865 4375 sedis
878 4313 1042 4395 apostolice
1056 4312 1135 4374 etde
1148 4310 1303 4373 favorabili
1316 4309 1473 4392 privilegio

204 4482 207 4489 ,
277 4418 436 4490 libertatis,
474 4419 516 4481 ita'
553 4421 631 4502 quod
646 4419 686 4506 h)
715 4407 899 4504 exceptionis
932 4422 1054 4485 verbum
1077 4392 1251 4497 nullatenus
1284 4419 1470 4482 obmittatur.

279 4528 396 4591 Dicitur
412 4532 510 4590 autem
537 4527 568 4590 in
594 4528 651 4591 fine
677 4531 876 4604 „auctoritate
892 4531 949 4594 Dei
973 4529 1182 4611 omnipotentis
1212 4534 1242 4591 et
1270 4528 1473 4610 apostolorum

374 4657 407 4725 a)
422 4655 543 4710 consistit
556 4657 583 4708 Z.
601 4658 669 4727 -b)
684 4661 725 4711 fiir
738 4659 772 4712 ad
786 4658 811 4713 d.
825 4662 955 4728 perpetuo
963 4658 989 4711 Z.
1003 4687 1039 4695 —
1051 4657 1083 4726 e)
1096 4655 1274 4709 immedietate
1293 4658 1322 4710 V.
1346 4687 1374 4696 -
1395 4657 1431 4725 d)
1450 4654 1473 4706 si

282 4752 369 4801 tamen
384 4750 459 4801 metr.
471 4747 542 4803 V.-
551 4749 581 4815 e)
593 4748 801 4819 metropolitano
814 4751 844 4804 V.
854 4749 1090 4819 -ffldp'oecsacio
1104 4749 1133 4802 V.
1145 4776 1172 4786 -
1179 4746 1263 4817 p)sui
1278 4748 1306 4801 V.
1315 4747 1390 4817 -Ιι)
1403 4753 1432 4802 ut
1444 4749 1470 4802 Z.

159 2081 203 2121 Fol.
214 2078 239 2118 td
246 2096 265 2125 ρ.
