3209 5392
1274 539 1348 616 125

156 706 367 784 propugnator
384 696 514 765 ecclesie
532 701 651 765 inclitus
664 702 773 775 factus,
791 721 912 784 semper
925 702 1064 783 prefulsit
1080 700 1246 774 sublimius,
1263 719 1348 763 suum

158 811 284 875 celebre
301 831 337 874 ac
353 812 546 876 memorabile
563 831 670 875 nomen
687 812 726 874 ad
750 813 871 895 superni
894 813 976 895 regis
1002 813 1137 884 laudem,
1165 812 1290 894 gloriam
1319 818 1350 876 ct

156 927 352 1007 augmentum
360 923 529 988 Christiane
544 923 615 988 fidei
633 925 800 991 diffundens
818 933 850 991 et
865 926 1021 990 notificans
1037 926 1148 1010 ubique
1163 945 1219 1008 per
1235 925 1348 1000 orbem,

155 1058 194 1101 ac
212 1038 250 1101 de
267 1037 334 1120 ipso
349 1037 534 1121 principibus
552 1039 617 1102 aliis
635 1040 778 1106 exhibens
795 1042 929 1124 exempla
945 1038 1058 1103 salutis.
1083 1038 1139 1100 Hic
1155 1038 1256 1110 etiam,
1273 1042 1303 1102 et
1318 1036 1348 1101 in

155 1149 334 1213 fulcimento
363 1148 433 1212 fidei
457 1156 487 1214 ct
510 1150 640 1214 ecclesie
662 1152 845 1217 munimento
872 1148 1077 1234 preambulum
1100 1147 1296 1211 ministerium
1319 1153 1349 1213 et

156 1258 314 1341 speculum
332 1258 471 1331 aliorum,
501 1279 555 1321 suc
571 1258 734 1326 iuventutis
756 1282 849 1325 annos
874 1260 1017 1324 dedicans
1036 1257 1188 1340 obsequiis
1206 1256 1349 1331 crucifixi,

157 1367 293 1433 salvifice
309 1370 410 1434 crucis
428 1376 580 1454 assumpto
604 1372 779 1455 signaculo,
806 1375 945 1455 potenter
966 1371 996 1433 in
1019 1375 1100 1433 terre
1123 1373 1227 1433 sancte
1249 1368 1349 1432 subsi-

156 1479 241 1544 dium
258 1481 473 1546 transfretavit.
498 1482 555 1547 Pro
569 1483 654 1546 cuius
666 1488 747 1546 terre
761 1482 936 1546 defensione
949 1500 1037 1566 quam
1049 1486 1190 1544 strennue
1206 1480 1349 1563 preliatus

156 1598 206 1655 est
221 1592 316 1674 prelia
332 1591 450 1657 Domini
468 1598 573 1656 contra
587 1592 780 1676 blasphemos
798 1592 929 1657 nominis
944 1591 1104 1657 Christiani
1118 1595 1148 1654 et
1161 1610 1247 1674 quam
1264 1591 1348 1672 large

155 1706 187 1765 ct
219 1701 362 1785 copiose,
395 1689 543 1786 quamque
573 1701 739 1782 liberaliter
769 1701 881 1766 ibidem
912 1721 967 1784 pro
998 1700 1184 1764 incremento
1216 1698 1285 1763 fidei
1319 1704 1349 1764 et

154 1813 367 1897 redemptione
386 1812 622 1878 Christianorum
636 1821 807 1897 magnatum
822 1821 852 1879 et
864 1814 1000 1886 aliorum,
1018 1831 1142 1896 quorum
1158 1831 1347 1876 numerosam

152 1925 374 1990 multitudinem
402 1944 457 2009 per
484 1924 617 1990 diversas
645 1925 755 2009 Egypti
784 1933 815 1991 et
836 1927 909 1990 alias
944 1924 1103 1990 orientales
1137 1908 1350 2006 partcs'intol·

152 2036 289 2126 lerabilis
322 2039 557 2102 sarracenorum
589 2056 696 2101 carcer
725 2037 850 2100 tenebat
885 2036 1046 2108 inclusam,
1085 2054 1156 2097 suos
1188 2033 1347 2099 thesauros

156 2147 314 2222 effuderit,
342 2149 408 2231 ipsa
434 2152 563 2213 testatur
583 2149 628 2212 rei
651 2149 763 2214 veritas
787 2154 817 2212 et
838 2148 975 2232 predicte
998 2144 1138 2210 archivus
1161 2146 1292 2209 ecclesie
1309 2146 1347 2210 ad

152 2265 333 2343 perpetuam
356 2259 529 2323 memoriam
547 2259 682 2324 continet
702 2266 734 2324 et
756 2265 925 2323 conservat.
958 2257 1014 2321 llic
1036 2257 1159 2339 insuper
1180 2255 1218 2318 ad
1240 2277 1295 2319 nus
1319 2259 1349 2319 et

152 2372 318 2435 ecclesiam
335 2370 365 2433 in
383 2370 547 2433 devocione
564 2370 692 2443 stabilis,
709 2377 740 2435 et
756 2390 905 2434 accensus
921 2370 1042 2433 fervore
1065 2365 1234 2430 omnimode
1250 2365 1349 2430 conti·
1357 2378 1434 2418 rosv
1445 2390 1464 2417 ι·

151 2482 273 2555 nencie,
290 2481 456 2564 apostolice
472 2481 537 2545 sedi
555 2482 679 2567 eiusque
694 2481 804 2565 legatis
822 2486 852 2545 et
874 2481 992 2545 nunciis
1007 2478 1213 2545 reverenciam
1229 2489 1349 2560 semp'er

152 2591 271 2657 studuit
288 2592 441 2666 exhibere,
457 2591 646 2677 magnificum
662 2593 760 2675 ipsum
778 2594 922 2665 favorem,
938 2590 1083 2676 quociens
1104 2589 1160 2653 fuit
1176 2589 1349 2673 expediens,

149 2703 187 2767 in
205 2702 323 2766 cunctis
341 2702 471 2766 ecclesie
487 2700 613 2786 agendis
629 2707 769 2784 potenter
792 2707 823 2767 et
843 2706 982 2784 patenter
1003 2699 1188 2785 inpendens,
1212 2700 1250 2763 ad
1267 2698 1349 2764 eius-

149 2813 220 2878 dem
253 2811 335 2877 sedis
364 2812 583 2877 exaltacionem
610 2813 683 2878 totis
711 2812 894 2877 intendendo
923 2811 1052 2884 viribus,
1080 2809 1212 2895 totisque
1240 2808 1348 2873 studiis

148 2922 328 2988 laborando.
371 2922 527 3009 Siquidem
543 2924 701 2989 laudabilis
714 2928 848 2988 veterum
864 2921 1082 2987 katholicorum
1097 2940 1204 3003 regum
1220 2926 1251 2986 et
1265 2921 1349 3004 prin·

150 3035 254 3116 cipum
289 3031 421 3097 imitator
458 3033 606 3107 existens,
639 3007 724 3119 quod
757 3054 825 3098 eum
857 3033 956 3097 divine
986 3030 1108 3115 pietatis
1139 3030 1347 3095 habundancia

150 3141 336 3228 specialibus
359 3142 471 3226 graciis
499 3143 670 3226 insignivit,
697 3145 877 3209 recolendos
899 3144 1031 3225 ipsorum
1053 3147 1138 3205 actus
1160 3141 1349 3223 amplectitur

151 3253 346 3336 ambulatque
368 3272 423 3337 per
445 3251 508 3316 vias
532 3272 651 3327 eorum,
674 3272 824 3338 nunquam
846 3274 862 3317 a
884 3252 1003 3317 tramite
1025 3252 1144 3317 iusticie
1161 3251 1349 3318 declinando·

152 3362 309 3447 habetque
336 3362 515 3446 probitatem
543 3362 658 3427 illorum
681 3364 711 3426 in
734 3369 835 3428 mente
857 3362 1075 3450 conscriptam,
1098 3382 1223 3446 eamque
1244 3363 1349 3426 sedulo

149 3473 299 3556 graduum
317 3477 347 3536 et
370 3471 531 3536 salubrium
559 3480 679 3539 actuum
699 3474 779 3539 clara
796 3476 976 3558 operacione
997 3493 1178 3546 recensens,
1201 3474 1348 3539 continuis

150 3581 262 3647 studiis
291 3589 322 3646 et
349 3583 445 3666 gestis
474 3582 684 3649 devocioribus
706 3584 817 3650 nititur
838 3584 962 3649 cottidie
979 3584 1100 3648 adicere
1123 3605 1214 3669 super
1240 3585 1345 3669 ipsam.

144 3691 235 3758 Unde
259 3692 381 3776 dignum
399 3698 462 3764 est,
491 3698 523 3757 ut
552 3694 683 3757 ecclesia
711 3694 817 3758 eadem
844 3695 924 3758 illum
941 3713 1085 3779 —qucm
1113 3694 1286 3782 priusquam
1308 3698 1347 3761 ad

148 3802 267 3885 apicem
291 3801 446 3884 dignitatis
469 3802 528 3864 iam
551 3808 704 3887 assumpte
726 3804 946 3868 conscenderet
963 3808 1008 3868 tot
1031 3804 1171 3887 cognovit
1188 3804 1346 3871 virtutibus

144 3910 356 3995 presignitum,
372 3916 417 3975 tot
434 3918 569 3977 ornatum
585 3913 708 3995 graciis,
725 3920 829 3998 totque
846 3914 961 3978 meritis
978 3915 1237 3979 decoratum—in
1254 3916 1347 3981 advo-

67 4075 71 4080 .
147 4029 250 4087 catum
273 4022 379 4086 sibiet
400 4022 591 4089 defensorem
614 4031 762 4098 assumat,
790 4032 822 4090 ut
846 4028 1005 4109 presertim
1026 4026 1138 4090 habeat
1158 4027 1216 4089 hiis
1240 4027 1346 4092 diebus

149 4135 181 4197 in
209 4152 268 4218 quo
293 4133 518 4215 insurgencium
546 4134 677 4221 undique
704 4134 934 4201 tribulacionum
961 4136 1076 4210 mallei,
1104 4136 1212 4220 quibus
1241 4138 1345 4203 eadem

150 4242 282 4308 ecclesia
306 4243 481 4326 frequenter
497 4244 657 4327 affligitur,
686 4251 895 4320 conterantur,
923 4245 953 4309 in
976 4247 1061 4310 cuius
1083 4246 1198 4330 potenti
1219 4246 1347 4311 brachio.

148 4352 287 4436 predicte
304 4353 368 4416 iura
386 4353 517 4416 ecclesie
540 4353 740 4418 defendantur
761 4353 907 4427 fideliter,
936 4355 1060 4439 eiusque
1081 4355 1186 4420 hostes
1209 4361 1240 4421 et
1255 4357 1344 4421 emuli

150 4464 272 4527 fortiter
287 4468 456 4527 arceantur.
492 4465 654 4547 Speramus
671 4463 772 4548 itaque
798 4471 828 4529 et
840 4465 880 4528 ,in
898 4467 1019 4548 superni
1043 4466 1126 4549 regis
1142 4467 1252 4532 virtute
1269 4487 1343 4532 con·

147 4572 285 4645 fidimus,
303 4572 382 4658 qood
399 4572 476 4655 ipse,
500 4593 588 4657 quem
605 4574 703 4638 dictus
727 4582 831 4639 noster
853 4573 929 4638 lilius
946 4573 1122 4640 karissimus
1137 4577 1169 4640 in
1187 4582 1340 4661 assumpto

147 4682 266 4765 imperii
294 4682 424 4764 negocio
452 4683 562 4746 dicitur
583 4683 641 4747 sibi
664 4685 804 4766 posuisse
826 4685 1066 4759 fundamentum,
1089 4687 1116 4750 ei
1139 4687 1342 4771 prosequendi

149 4791 352 4856 laudabiliter
366 4798 396 4857 ct
412 4793 542 4858 feliciter
558 4796 763 4869 consumandi,
779 4804 839 4861 tam
857 4797 951 4880 ipsius
968 4798 1096 4882 imperii,
1106 4818 1199 4883 xquam
1214 4800 1342 4865 ecclesie
