3209 5392
751 804 809 873 lll.

520 981 685 1066 Episcopus
702 981 733 1045 ll.
751 981 946 1045 Romanorum
962 981 1035 1063 regi.

665 1138 746 1196 1276.
759 1139 887 1196 Februar.

179 1280 340 1355 Erzbiacbof
353 1282 495 1339 Friedn'ob
512 1299 562 1337 con
576 1283 722 1357 salzburg,¹
732 1283 786 1340 seit
803 1286 863 1338 dcm
880 1284 951 1338 Tace
966 1282 1092 1355 Gregor'e
1104 1285 1134 1338 X.
1147 1283 1240 1338 bdrler
1252 1283 1319 1338 norb
1332 1285 1375 1340 cla

191 1372 287 1430 turber
299 1392 349 1429 uon
365 1374 464 1429 oculor
477 1373 614 1447 bedrltnpt
634 1373 738 1428 erbillet
749 1373 809 1428 eicb
821 1392 869 1429 von
883 1376 943 1430 dem
956 1375 1058 1446 Ir'dnipe
1070 1374 1175 1447 liudolf
1187 1374 1372 1446 Verboltunge·

714 1463 824 1537 defcble.

273 1608 355 1665 Gerb.
368 1609 394 1674 2,
409 1608 451 1666 39.
466 1610 577 1672 Stobbe,
590 1626 632 1664 ao.
646 1610 708 1664 281.

265 1758 323 1842 Qui
341 1759 487 1824 adversus
504 1764 640 1823 sanctam
656 1760 819 1823 Romanam
836 1760 997 1824 ecclesiam
1013 1779 1191 1844 sacrumque
1207 1761 1371 1825 Romanum

175 1867 332 1951 imperium
348 1888 382 1931 se
398 1869 457 1931 iam
475 1867 587 1932 dudum
603 1867 728 1932 vibratis
742 1889 796 1933 sue
809 1868 982 1932 rebellionis
999 1868 1141 1933 cornibus
1155 1869 1373 1934 contumaciter

175 1983 354 2050 erexerunt,
388 1983 478 2060 post
513 1976 716 2041 decessum
750 1977 974 2042 beatissimi
1008 1977 1134 2060 patris
1165 1984 1201 2041 et
1230 1979 1372 2042 domini

172 2086 297 2150 nostri
326 2104 423 2168 pape
449 2085 485 2149 G.
509 2085 536 2173 ¹)
559 2085 727 2151 exultantes
756 2087 787 2150 in
816 2086 906 2153 rebus
923 2087 1082 2170 pessimis,
1111 2086 1298 2150 insolescunt
1326 2088 1371 2151 sic

171 2196 315 2260 atrociter
338 2200 368 2259 et
386 2195 547 2269 audacter,
572 2196 657 2259 acsi
681 2202 808 2280 utraque
833 2194 963 2278 dignitas
988 2202 1185 2278 etpotestas,
1215 2214 1288 2280 quas
1304 2174 1370 2260 Deo

169 2304 306 2386 propicio
323 2304 474 2368 eredimus
491 2303 686 2377 immortales,
709 2325 766 2387 per
787 2312 915 2369 mortem
931 2305 1020 2369 unius
1036 2303 1164 2366 bominis
1182 2303 1242 2366 sint
1259 2304 1366 2368 delete.

169 2413 233 2476 Hoc
251 2414 282 2475 in
299 2411 387 2477 nobis
404 2418 434 2476 et
451 2414 583 2476 ecclesia
599 2418 701 2477 nostra
719 2414 807 2476 facile
824 2412 878 2476 sed
894 2412 1106 2476 miserabiliter
1123 2419 1170 2476 est
1185 2412 1299 2483 videre,
1316 2415 1368 2496 qui

169 2542 223 2605 pro
240 2543 276 2587 eo
294 2522 357 2586 solo
374 2523 622 2604 persecutionem
639 2523 778 2605 patimur,
808 2523 991 2586 sustinemus
1008 2520 1169 2605 obprobria
1186 2527 1217 2586 et
1232 2528 1367 2587 nostrum

170 2631 377 2694 exterminium
408 2636 619 2716 expectamus,
647 2631 727 2717 quod
754 2637 816 2694 tam
844 2630 910 2694 sedi
931 2630 1097 2716 apostolice
1121 2649 1211 2714 quam
1232 2630 1366 2694 Romano

164 2739 290 2823 imperio
323 2739 455 2803 debitam
495 2746 526 2803 et
558 2739 696 2805 devotam
729 2739 919 2822 inpendimus
951 2739 1145 2811 servitutem,
1185 2740 1296 2822 quibus
1328 2740 1366 2803 ad

164 2848 317 2912 fidelitatis
341 2848 488 2933 obsequia
511 2850 762 2931 recognoscimus
779 2869 834 2912 nos
856 2849 965 2920 teneri,
990 2855 1080 2930 prout
1103 2850 1253 2931 presentis
1277 2850 1365 2921 lator,

166 2959 217 3041 qui
246 2959 402 3040 angustias
431 2962 551 3021 nostras
579 2957 813 3022 innumerabiles
841 2957 918 3021 bene
947 2960 1044 3028 novit,
1072 2957 1162 3039 plene
1189 2957 1363 3022 sublimitati

162 3067 249 3149 regie
273 3066 424 3133 recitabit.
460 3066 556 3150 Quem
581 3067 676 3131 eciam
700 3067 876 3149 specialiter
897 3058 1033 3129 misimus
1061 3065 1099 3129 ad
1127 3066 1238 3149 regalis
1267 3066 1362 3155 glorie

162 3177 354 3261 adspectum,
372 3183 405 3240 ut
422 3176 508 3241 uobis
526 3176 563 3239 de
581 3176 741 3240 creaeione
759 3176 867 3240 summi
889 3173 1039 3258 pontilicis
1059 3174 1089 3262 2)
1106 3179 1269 3259 vestroque
1290 3195 1363 3258 pro·

162 3306 263 3357 cesso,
281 3307 369 3371 quem
387 3287 553 3355 feliciorem
570 3293 674 3350 nostro
692 3292 772 3350 statu
789 3306 858 3349 esse
877 3284 1026 3368 cupimus,
1039 3285 1090 3368 qui
1103 3304 1162 3347 non
1175 3290 1290 3349 stamus
1306 3287 1361 3350 sed

160 3395 298 3470 labimur,
316 3394 480 3477 investiget
495 3397 650 3477 sagaciter
665 3400 696 3459 et
708 3396 856 3467 sollerter,
870 3413 985 3478 nosque
999 3393 1211 3457 condicionem
1227 3400 1360 3458 nostram

159 3506 361 3571 miserabilem
379 3507 477 3570 eidem
493 3506 696 3570 commisimus
720 3508 871 3571 maiestati
888 3507 972 3590 regie
990 3505 1205 3589 exponendam,
1223 3511 1255 3570 ut
1272 3506 1359 3571 nobis

159 3618 264 3700 gracie
280 3623 381 3680 vestre
398 3617 556 3681 consilium
568 3617 702 3691 rellerat,
715 3618 802 3682 cuius
816 3617 949 3700 presidio
963 3619 1042 3682 iuter
1053 3617 1210 3700 angustias
1227 3625 1358 3693 nostras,

160 3747 287 3812 quarum
303 3727 421 3810 pondus
438 3734 469 3791 et
484 3747 627 3791 numerus
645 3729 682 3790 de
705 3728 754 3791 die
776 3728 808 3790 in
831 3728 910 3790 diem
932 3733 1077 3809 augetur,
1105 3728 1163 3791 hoc
1185 3729 1357 3811 periculoso

159 3844 296 3920 tempore
326 3837 499 3919 dirigamur.
533 3838 567 3899 ln
595 3836 652 3900 boc
682 3838 761 3900 enim
784 3836 1015 3900 deliberacionis
1039 3842 1141 3901 nostre
1169 3839 1474 3923 propositurnranra.

157 3948 351 4012 immobiliter
374 3951 422 4010 est
443 3945 609 4019 firmatum,
639 3952 672 4011 ut
693 3948 802 4011 nullius
827 3947 1019 4012 adversitatis
1035 3947 1170 4030 pondere
1186 3947 1356 4033 nulliusque

157 4057 288 4141 periculi
305 4048 484 4138 tempestate
505 4061 612 4138 pereat
634 4056 689 4119 sed
713 4061 858 4140 appareat
879 4057 976 4138 magis
993 4061 1024 4120 et
1040 4056 1140 4122 luceat
1156 4057 1239 4121 circa
1255 4078 1308 4121 vos
1326 4066 1357 4123 et

155 4171 320 4233 Romanum
336 4167 496 4250 imperium
512 4164 588 4229 fides
605 4172 717 4230 nostra.
735 4167 860 4230 Placeat
875 4166 968 4248 igilur
984 4166 1079 4247 glorie
1095 4173 1196 4230 vestre
1212 4167 1355 4251 princeps

155 4283 187 4342 et
218 4276 337 4341 domiue
368 4277 517 4359 gloriose,
549 4295 623 4339 sano
654 4280 755 4338 vestre
787 4274 1013 4339 inlormaciouis
1046 4276 1171 4340 consilio
1203 4277 1356 4341 consolari

155 4391 288 4451 nostram
305 4386 467 4459 miseriam,
485 4386 571 4450 cuius
588 4383 677 4448 finem
695 4389 725 4446 et
741 4404 898 4448 numerum
915 4405 975 4447 non
990 4384 1134 4448 videmus.

155 4581 225 4589 μω
242 4584 283 4590 --
295 4584 460 4589 ,Μωμψ
472 4584 481 4589 ⁴

185 4698 208 4759 ¹)
227 4700 321 4759 Gregor
332 4699 360 4746 X.
373 4699 593 4747 irrrationalis
606 4699 674 4745 lato.

203 4777 227 4841 2)
246 4781 294 4826 aer
305 4793 365 4825 nene
375 4780 445 4836 Papol
456 4782 572 4826 innocent
583 4779 609 4826 V.
622 4779 703 4825 warde
715 4780 789 4826 sebon
799 4792 835 4825 am
847 4783 886 4828 21.
898 4783 983 4828 ianuar
995 4781 1056 4827 1276
1068 4784 1174 4829 erwiblt.

1067 4863 1127 4916 20·
