3209 5392
273 562 350 635 396

268 759 337 803 cum
354 736 491 803 omnibus
507 737 763 819 possessionibus,
780 736 867 801 bonis
891 743 922 801 et
941 738 1166 821 pertinentibus
1189 743 1263 810 suis,
1287 756 1466 822 quocunque

272 848 390 911 nomine
413 852 611 918 censeantur,
641 847 765 910 contulit
786 847 875 928 pleno
897 849 979 918 iure,
1007 849 1066 912 hoc
1082 854 1184 912 tamen
1201 848 1320 911 omnino
1338 852 1469 918 servato,

271 958 350 1041 qnod
378 956 563 1040 pauperibus
599 962 629 1021 et
662 955 787 1020 infirmis
816 958 1052 1022 sustentacionis
1080 956 1218 1022 subsidia
1245 963 1277 1021 et
1303 954 1467 1021 viatoribus

271 1068 383 1130 ibidem
399 1067 577 1130 refectionis
594 1067 707 1129 solacia
724 1067 805 1129 iuxta
821 1067 996 1131 facultatem
1014 1068 1131 1137 domus,
1149 1072 1180 1129 et
1197 1065 1312 1128 ordinis
1329 1066 1378 1128 sui
1395 1084 1467 1128 eon-

271 1176 459 1240 suetudinem
476 1175 693 1239 ministrentur.
716 1176 855 1258 Dumque
872 1174 1032 1240 collacioni
1048 1175 1219 1240 huiusmodi
1235 1173 1315 1237 idem
1333 1173 1470 1237 dominus

271 1304 351 1347 nunc
368 1288 486 1365 peteret
501 1289 636 1347 nostrum
653 1283 797 1346 adhibere
815 1303 1008 1357 consensum,
1031 1284 1171 1367 puritatis
1189 1305 1243 1347 sue
1261 1281 1471 1346 rectitudinem

270 1395 439 1464 intuentes,
468 1397 498 1455 et
526 1392 774 1465 considerantes,
804 1392 885 1477 quod
908 1398 1015 1457 contra
1038 1392 1242 1458 institucionis
1270 1390 1470 1475 primordialis

272 1502 457 1565 sanctionem
481 1501 573 1563 nichil
594 1521 649 1584 per
672 1502 868 1565 collacionem
891 1502 987 1584 ipsam
1010 1502 1178 1574 innovavit,
1207 1501 1261 1563 sed
1289 1500 1421 1584 quedam
1444 1499 1471 1560 in

271 1614 378 1677 melius
407 1613 617 1684 commutavit,
647 1619 677 1677 et
704 1614 873 1677 reservavit
899 1613 1085 1696 pauperibus
1114 1618 1144 1676 et
1172 1610 1298 1675 infirmis
1326 1632 1387 1674 nec
1416 1631 1471 1673 non

271 1724 436 1787 viatoribus
454 1722 567 1786 solacia
585 1728 615 1786 et
632 1723 778 1794 subsidia,
797 1743 855 1806 que
874 1723 952 1805 apud
977 1722 1145 1806 predictum
1168 1720 1318 1802 hospitale
1336 1720 1471 1800 recipere

272 1838 509 1896 consueverant:
528 1832 723 1894 collacionem
740 1832 848 1914 ipsam,
866 1833 944 1895 sicut
960 1832 1086 1914 provide
1102 1831 1215 1894 lactum
1232 1836 1290 1902 est,
1308 1836 1429 1912 gratam
1445 1834 1473 1890 et

274 1950 369 2006 ratam
393 1942 557 2012 habentes,
586 1961 651 2004 eam
675 1942 857 2005 auctoritate
880 1942 1099 2027 metropolitica
1123 1940 1334 2003 confirmamus
1359 1944 1390 2002 et
1406 1958 1472 2022 pre-

271 2051 364 2114 sentis
383 2051 488 2132 scripti
504 2052 673 2135 patrocinio
689 2051 820 2113 fideliter
834 2072 889 2133 per
905 2051 1004 2114 omnia
1022 2050 1250 2114 communimus.

846 2277 908 2347 49.

606 2456 769 2537 inperator
783 2455 979 2518 connlnatur
995 2454 1143 2517 hereticis.

273 2615 360 2686 Konip
375 2613 479 2685 liudolf
491 2613 608 2669 schreibt
625 2614 676 2668 den
693 2633 724 2668 zu
738 2614 917 2684 loquaciter-en
933 2632 1018 2687 pepon
1031 2617 1125 2668 Ketzer
1138 2614 1312 2684 cingeretzten
1326 2611 1471 2681 Prediper-

274 2705 415 2765 munchen,
440 2707 506 2759 duaa
531 2720 562 2758 er
586 2703 764 2760 enteeblosoen
789 2704 841 2771 sei,
865 2723 951 2777 peges
972 2706 1038 2776 jede
1063 2702 1150 2758 durch
1172 2701 1295 2759 Beweo'ae
1316 2699 1472 2757 emtutirtc

477 2802 480 2805 ‘
618 2797 742 2850 lietzcrei
752 2805 916 2868 otrenpstena
928 2816 960 2851 zu
974 2794 1127 2868 verfabreo.

310 3012 313 3015 Ι
370 2941 473 2995 Stobbe
487 2955 529 2994 no.
543 2940 587 2994 oo.

363 3087 544 3150 Pestilentes
566 3087 593 3174 ¹)
617 3087 751 3149 heretice
774 3086 936 3150 caliditatis
959 3088 1089 3169 argutie,
1110 3087 1175 3150 Deo
1198 3087 1418 3152 abominabiles
1442 3093 1471 3149 et

272 3195 443 3259 hominibus
467 3195 582 3268 odiose,
605 3216 663 3279 que
687 3217 742 3259 sua
765 3197 1025 3260 contaminacione
1048 3197 1253 3260 contaminant
1276 3216 1348 3261 oves
1369 3197 1470 3280 gregis

277 3304 420 3368 dominici
437 3311 467 3368 et
484 3306 601 3370 vineam
617 3305 737 3369 Domini
759 3305 923 3369 moliuntur
945 3305 982 3369 ad
1004 3305 1125 3370 modum
1147 3305 1305 3390 vulpecule
1322 3305 1469 3375 demoliri,

279 3413 324 3474 sic
341 3415 453 3476 nostris
475 3435 511 3476 cx
527 3414 593 3496 ipso
609 3435 714 3478 revera
737 3420 860 3491 narratu
882 3415 993 3479 infeste
1015 3421 1084 3479 sunt
1107 3416 1247 3489 auribus,
1276 3416 1383 3500 sicque
1407 3421 1473 3479 sunt

271 3520 479 3586 amaritudinis
497 3521 566 3585 felle
582 3521 672 3586 belue
689 3524 730 3611 o)
747 3522 937 3597 detestande,
955 3523 1035 3608 quod
1058 3516 1109 3609 qui
1131 3545 1186 3606 pro
1209 3525 1343 3589 tuicione
1365 3525 1471 3588 catho-

272 3631 332 3694 lice
348 3628 418 3694 fidei
434 3630 652 3716 principaliter,
665 3635 743 3694 teste
757 3632 920 3705 Altissimo,
936 3634 1021 3717 regie
1040 3634 1195 3716 dignitatis
1213 3655 1287 3698 onus
1304 3634 1468 3719 assumpsi·

272 3760 338 3803 mus
355 3745 386 3803 et
401 3741 564 3811 honorem,
592 3741 672 3805 iuxta
689 3746 875 3815 vestrarum,
904 3761 978 3826 quas
995 3742 1127 3825 benigne
1144 3744 1353 3826 suscepimus,
1373 3743 1471 3806 conti-

274 3849 412 3914 nenciam
433 3849 607 3923 literarum,
631 3852 669 3914 ad
687 3849 909 3934 exstirpandam
926 3853 1094 3916 omnimode
1111 3853 1200 3917 huius
1223 3861 1307 3919 secte
1329 3855 1470 3938 nepharie

271 3959 503 4043 turpitudinem,
537 3959 710 4044 ubicunque
743 3960 799 4024 sub
828 3965 932 4023 nostre
964 3962 1106 4043 potencie
1137 3961 1326 4027 districtibus
1365 3961 1470 4045 poterit

272 4068 469 4150 deprehendi,
486 4067 615 4131 finaliter
631 4089 774 4131 exercere
791 4068 977 4151 disponimus
995 4068 1104 4132 crediti
1120 4069 1207 4134 nobis
1222 4070 1364 4136 divinitus
1381 4070 1468 4154 gladii

270 4183 450 4261 potestatem
467 4179 498 4241 in
515 4177 678 4242 eorundem
701 4199 760 4241 non
783 4178 970 4242 solummodo
994 4181 1211 4252 exterminium,
1230 4181 1285 4244 sed
1301 4201 1357 4263 per
1373 4180 1468 4245 omnia

271 4288 303 4350 in
319 4287 451 4370 ipsorum
474 4282 671 4373 propaginem
694 4288 837 4351 infectiva
854 4288 971 4351 malicie
989 4289 1192 4362 sectatricem‚
1214 4290 1343 4352 velutin
1359 4291 1465 4352 maies-

363 4423 397 4484 α)
413 4414 511 4469 selleae
524 4416 611 4471 baiule
625 4417 768 4472 Bodmann.

273 4589 599 4600 -υ--υ-

301 4708 325 4769 ¹)
345 4713 430 4760 Dieser
447 4714 495 4758 und
515 4714 553 4757 die
566 4712 695 4772 folgenden
709 4712 764 4757 tunt
774 4713 862 4765 Briele,
876 4713 913 4757 bis
927 4726 965 4757 no.
981 4712 1011 4758 tl
1024 4713 1147 4767 inclusive,
1160 4713 1213 4757 sind
1224 4715 1249 4759 in
1258 4717 1284 4760 V.
1295 4728 1341 4759 von
1356 4715 1453 4759 anderes

348 4806 413 4849 lland
427 4804 596 4864 gesebrieben.
