3209 5392
1284 584 1361 700 387

160 755 256 819 latera
272 760 376 820 nostra
392 757 594 820 circumdedit
609 758 817 828 incessanter,
845 760 876 822 id
900 759 998 822 animo
1016 764 1119 822 nostro
1136 779 1244 822 revera
1261 759 1362 822 suavi·

163 862 234 927 tatis
262 864 365 927 arrisit
393 865 424 927 in
449 865 571 935 osculo,
599 865 631 929 id
652 866 799 929 immense
822 866 924 930 leticie
946 867 1055 949 poculo
1078 871 1181 931 nostra
1202 866 1362 950 precordia

162 973 347 1045 fecundavit,
362 974 443 1057 quod
456 974 537 1038 inter
553 995 608 1037 nos
622 981 653 1039 et
664 995 731 1048 vos,
743 976 774 1038 in
786 972 988 1060 quemutiqu‘e
1000 977 1137 1059 proavita
1151 977 1361 1042 strennuitatis

158 1083 389 1166 magnanimitas
397 1085 477 1148 vires
486 1089 518 1148 et
524 1085 640 1148 animos
653 1085 843 1170 propagavit,
858 1083 1013 1149 affinitatis
1026 1087 1122 1149 amice
1135 1085 1284 1150 connubia
1292 1092 1362 1151 sunt

158 1199 325 1266 contracta,
340 1214 399 1278 que
413 1194 534 1279 quidem
547 1215 583 1258 eo
597 1193 863 1267 indissociabilius,
878 1215 913 1258 eo
932 1195 1143 1259 indisiunctius
1163 1213 1283 1278 semper
1294 1216 1361 1260 scr-

157 1324 228 1367 vare
241 1325 301 1367 non
313 1304 408 1368 solum
426 1303 480 1367 scd
497 1309 528 1367 et
545 1302 744 1368 corroborare
762 1304 959 1387 disponimus,
976 1324 1035 1389 quo
1053 1324 1122 1368 cum
1144 1304 1256 1387 inclyta
1272 1304 1360 1371 domo

157 1413 285 1477 Francia
298 1413 415 1476 couniri
428 1411 658 1477 desiderabilius
672 1413 866 1476 delectatlJe
879 1413 978 1484 nobis,
991 1414 1264 1497 quesumus,igitur
1275 1414 1361 1497 regia

161 1523 309 1586 celsitudo
326 1521 438 1585 fiducie
453 1521 597 1605 plenioris
614 1543 650 1585 ex
665 1522 822 1586 literarum
838 1526 1007 1586 nostrarum
1025 1521 1164 1587 affatibus
1183 1529 1359 1606 argumenta

160 1632 318 1716 suscipiat,
335 1633 415 1717 quod
432 1633 462 1695 in
478 1632 754 1718 opportunitatibus
764 1633 850 1696 vobis
867 1639 970 1697 nostra
986 1632 1156 1698 sollicitudo
1174 1654 1233 1697 non
1249 1634 1358 1704 deerit,

156 1744 211 1808 sed
240 1743 277 1806 ad
307 1748 434 1815 cuncta,
462 1763 521 1825 que
543 1741 630 1805 vobis
661 1743 768 1807 honori
796 1762 921 1807 cessura
947 1743 1136 1814 noverimus,
1165 1764 1198 1807 se
1222 1740 1467 1805 officiosemsre

153 1853 324 1917 benivolam
342 1857 372 1915 et
388 1852 553 1916 ultroneam
571 1850 732 1915 exhibebit.

253 1979 289 2033 lla
302 1979 371 2031 kann
384 1979 445 2034 biar
457 1995 507 2033 nur
524 1978 568 2033 die
579 1975 814 2032 Verwundtscbalt
831 1979 948 2049 gemeint
964 1978 1033 2039 sein,
1052 1977 1096 2031 dic
1116 1975 1247 2032 zwiscben
1261 1974 1359 2031 liudolt

155 2069 208 2126 und
230 2070 336 2141 Philipp
359 2070 404 2124 lll.
431 2086 481 2124 von
506 2068 670 2124 Frankreicb
692 2067 779 2124 durch
803 2068 927 2124 Rudolt's
952 2070 1205 2142 Verschwtgerung
1228 2069 1276 2121 mit
1298 2066 1359 2122 dem

159 2159 253 2217 Obeim
271 2160 400 2232 Philipp's
419 2160 474 2221 lll.,
495 2160 558 2214 Karl
581 2177 633 2214 von
652 2159 749 2229 hnjou,
770 2160 904 2215 entstand.
931 2160 1022 2215 Schon
1041 2160 1148 2229 Gragor
1164 2163 1195 2214 x.
1220 2159 1358 2214 ndnscbte

158 2254 193 2307 im
208 2254 345 2307 interesse
365 2250 413 2304 des
426 2252 599 2321 Krenunuges
617 2250 659 2304 ein
678 2249 810 2305 Bdudnisa
824 2250 945 2306 Rndolf's
964 2251 1011 2304 mit
1023 2250 1128 2322 Philipp
1143 2251 1197 2315 111,
1216 2236 1268 2304 und
1288 2230 1366 2305 aucb⁶

158 2345 207 2399 mit
228 2342 376 2397 Rucksicbt
404 2341 503 2397 darauf
522 2343 687 2398 vcranlassto
716 2359 746 2396 er
769 2342 813 2395 die
835 2343 991 2414 Verlobung
1013 2359 1065 2396 von
1091 2340 1214 2397 liudoll's
1236 2342 1358 2396 'l'ecbter

160 2437 229 2490 Guta
248 2435 295 2491 mit
312 2435 373 2489 dem
385 2434 468 2488 Eukel
482 2435 569 2489 llarl's
586 2452 637 2489 von
649 2434 738 2505 Anjcu
757 2435 842 2490 sebon
863 2434 910 2487 aul
926 2434 986 2490 dem
1000 2434 1094 2490 Concil
1107 2452 1139 2488 eu
1152 2436 1227 2508 bynu
1242 2434 1357 2507 (¹274).

164 2528 243 2583 Dicae
268 2528 422 2598 Verlobung
446 2526 520 2581 hatte
545 2525 621 2580 hcine
655 2528 754 2598 Folgen
783 2526 837 2581 und
862 2529 954 2597 apator
979 2526 1127 2581 beiratbete
1153 2528 1247 2582 Guta’s
1274 2528 1357 2582 altere

162 2619 317 2674 Scbwester
330 2616 473 2674 Clementia
483 2616 564 2688 jenen
578 2617 662 2671 Enkal
676 2617 764 2672 llarl's
778 2616 893 2690 (1280).

720 2790 782 2861 39.

267 2950 434 3032 inperator
449 2953 536 3026 rogat
554 2946 712 3026 religiosos
730 2949 810 3029 qual
827 2966 882 3029 prs
899 2967 935 3012 cs
953 2949 990 3011 ad
1006 2948 1096 3012 ileum
1113 2956 1249 3014 exorent.

289 3090 376 3161 Konip
389 3090 495 3161 liudolf
504 3088 636 3162 enrpfiehlt
647 3088 706 3145 sich
720 3088 772 3143 den
788 3089 904 3143 Gedcten
914 3090 1046 3161 fronrmer
1062 3089 1229 3145 Geistlicber.

252 3218 376 3280 Gorbert,
391 3216 417 3280 l,
429 3215 473 3269 23.

251 3344 405 3429 assumpti
428 3344 570 3408 divinitus
593 3344 631 3407 ad
653 3345 777 3408 Romani
800 3344 918 3427 imperii
935 3342 1096 3426 dirigenda
1111 3343 1263 3406 molimina
1287 3342 1358 3405 dum

160 3459 191 3521 in
208 3455 367 3521 eminentis
385 3455 509 3537 speculo
526 3453 717 3525 celsitudine,
735 3454 783 3518 cui
807 3474 862 3517 nos
884 3472 989 3517 manus
1003 3452 1122 3516 Domini
1137 3451 1270 3519 virtuose
1287 3473 1358 3535 pre-

160 3566 247 3638 t'ecit,
264 3566 303 3630 ad
320 3565 462 3628 deorsum
478 3562 664 3627 subiacentis
687 3561 790 3645 abyssi
807 3563 916 3626 taciem
931 3562 1035 3626 oculos
1051 3566 1270 3647 retorquemus,
1288 3562 1358 3625 dum

160 3677 305 3740 incultum
320 3676 465 3738 hactenus
485 3692 592 3754 agrum
611 3673 745 3735 eiusdem
762 3672 879 3755 imperii
897 3673 1132 3756 circumquaque
1147 3671 1357 3755 prospicimus,

159 3790 372 3868 tempestatum
394 3782 619 3864 insurgencium
643 3781 791 3844 densitate
816 3781 950 3865 quotidie
974 3782 1204 3865 sylvescentem,
1228 3780 1359 3864 quodam

160 3895 299 3959 nimirum
320 3894 428 3956 timore
450 3892 565 3975 pariter
588 3896 619 3953 et
640 3895 770 3953 tremore
788 3890 982 3964 demittimur,
1006 3913 1042 3955 ex
1064 3891 1219 3976 premissis
1242 3892 1359 3956 incerta

160 4004 320 4068 formidine
338 4002 446 4066 merito
462 4001 660 4083 trepidantes.
696 4001 824 4071 Verum,
846 4001 968 4065 reiectis
990 4002 1139 4066 interdum
1155 4002 1194 4064 ad
1209 4003 1358 4085 primitive

158 4118 262 4177 nostre
280 4109 505 4175 sublimacionis
522 4108 658 4191 auspicia
674 4115 776 4173 nostre
794 4108 1052 4174 consideracionis
1076 4110 1241 4182 obtutibus,
1259 4117 1359 4176 atten-

158 4222 265 4286 dentes
283 4221 363 4304 quod
381 4238 485 4282 manus
497 4218 645 4283 ditissimi
660 4218 699 4281 de
715 4224 777 4282 tam
793 4217 915 4282 humilis
931 4219 991 4282 loci
1007 4219 1126 4300 tugurio
1144 4220 1182 4283 ad
1198 4226 1259 4284 tam
1276 4222 1358 4286 celsa

157 4330 281 4414 fastigia
298 4330 341 4417 a)
365 4349 420 4392 nos
444 4327 599 4411 provexit,
623 4327 654 4389 in
678 4349 734 4399 co,
758 4328 844 4390 cuius
868 4327 1044 4391 admiranda
1065 4330 1206 4411 potencia
1229 4330 1280 4394 dat
1302 4351 1359 4414 per

156 4442 292 4524 graciam
316 4458 384 4501 esse
402 4436 540 4509 stabilia,
569 4457 627 4520 que
650 4442 720 4501 sunt
741 4437 861 4520 fragilia
878 4457 933 4519 per
949 4442 1101 4509 naturam,
1130 4443 1232 4503 nostre
1248 4439 1358 4503 fiducie

157 4571 243 4635 spem
258 4549 403 4618 locamus,
420 4552 630 4629 presumentes
647 4546 837 4619 fiducialiter,
852 4547 932 4632 quod
945 4567 1030 4629 opus,
1044 4548 1124 4630 quod
1137 4548 1358 4630 omnipotencie

157 4682 211 4723 sue
241 4657 408 4721 dinoscitur
444 4654 588 4720 ineffabili
616 4655 849 4739 dispensacione
885 4661 1072 4729 contextum,
1107 4656 1188 4720 felici
1216 4658 1358 4740 presagio

247 4803 281 4867 a)
297 4801 412 4871 vestigia
426 4801 456 4856 V.

1083 4893 1117 4946 25
1127 4895 1139 4922 ⁵
