3209 5392
1311 536 1393 605 aot

205 699 320 784 literas,
338 714 433 776 omnis
450 713 656 776 benivolencie
674 713 859 795 plenitudine
883 712 1018 783 floridas,
1044 709 1202 792 dirigendo
1223 709 1260 795 ¹).
1279 709 1395 770 -Pro

210 820 317 901 quibus
334 820 436 903 utique
453 821 584 904 copiosis
601 820 805 884 beneficencie
822 828 922 885 vestre
939 820 980 906 a)
997 817 1181 889 muneribus,
1198 816 1296 887 nobis,
1312 816 1397 878 inex-

202 928 334 1009 plicabili
351 928 461 1008 gaudio
478 928 658 1000 fecundatis,
676 930 714 991 ad
737 928 953 993 redhibendam
976 927 1166 992 condebitam
1184 923 1397 1007 gratitudinem

205 1036 376 1117 graciarum
398 1058 457 1099 non
479 1036 590 1100 suflicit
610 1036 713 1117 lingua
736 1036 858 1116 carnis,
882 1055 949 1098 cum
972 1056 1031 1098 non
1053 1036 1092 1097 sit
1112 1034 1240 1096 humane
1256 1032 1397 1115 potencie

204 1163 295 1223 super
320 1142 380 1206 boc
402 1143 542 1207 affectum
564 1144 595 1207 in
622 1150 722 1207 mente
745 1150 925 1226 conceptum
952 1137 1089 1225 perfecte
1112 1162 1202 1224 posse
1232 1141 1397 1222 exprimere

202 1271 258 1332 per
289 1251 439 1315 effectum.
481 1252 506 1316 0
538 1253 613 1315 mira
643 1259 768 1335 peteme
801 1254 966 1315 clemencia
997 1252 1136 1335 pietatis,
1170 1270 1227 1332 que
1259 1270 1319 1312 non
1352 1253 1399 1310 est

205 1359 368 1440 dedignata
397 1360 483 1424 nobis
512 1381 530 1423 a
556 1360 660 1442 primis
689 1362 774 1424 annis
803 1361 843 1445 d)
872 1367 974 1423 nostre
1002 1359 1163 1423 creationis
1192 1356 1398 1428 nascentibus,

204 1469 427 1549 compassionis
444 1469 483 1554 c)
501 1468 642 1531 exhibere
658 1468 836 1540 mamillam,
865 1468 975 1539 ubera,
1002 1469 1108 1531 lacteis
1130 1468 1258 1529 irrorata
1273 1465 1399 1547 liquori-

202 1574 272 1646 bus,
288 1576 446 1656 porrigere
461 1576 643 1647 redolencia,
661 1596 752 1657 grave
765 1576 876 1658 pignus
888 1576 1016 1639 amoris!
1035 1574 1233 1638 Oineffabilis
1247 1572 1397 1654 gratitudo
1408 1583 1516 1625 sol-⁴³⁸·

203 1682 315 1744 favoris
341 1689 372 1745 et
392 1684 540 1764 stupenda
569 1683 739 1746 dilectionis
767 1683 906 1754 affectio,
934 1703 992 1765 que
1020 1703 1074 1745 nos
1101 1682 1218 1764 pridem
1246 1682 1276 1742 in
1304 1699 1398 1760 regno

206 1792 333 1854 tenellos
357 1793 388 1854 in
410 1793 487 1855 ulnis
511 1793 703 1856 educacionis
721 1793 865 1855 deliciose
888 1793 1076 1874 suscipiens,
1103 1792 1178 1855 fovit
1205 1811 1283 1854 nunc
1310 1792 1399 1873 iupu-

204 1901 293 1964 beres
311 1908 342 1964 et
360 1902 493 1965 adultos!
511 1902 598 1965 Licet
610 1902 703 1983 igitur
714 1902 842 1984 pervigil
859 1902 971 1964 adhoc
988 1906 1090 1965 nostra
1107 1901 1239 1983 suspiret
1254 1901 1399 1973 intencio,

203 2008 275 2072 licet
306 2012 336 2071 in
368 2009 426 2071 boc
458 2014 592 2073 nostrum
623 2009 743 2071 fervens
776 2009 960 2072 desiderium
991 2008 1184 2071 immobiliter
1210 2014 1400 2094 perseveret,

207 2116 287 2199 quod
320 2136 411 2197 super
441 2116 484 2195 d)
516 2123 577 2179 tarn
608 2117 704 2198 gratis
737 2122 767 2179 et
798 2116 946 2198 placidis,
983 2115 1028 2178 sic
1059 2136 1115 2197 per
1146 2135 1199 2177 vos
1232 2123 1263 2179 et
1293 2117 1399 2180 almam

204 2224 367 2286 Romanam
384 2223 565 2292 ecclesiam,
592 2231 716 2287 matrem
734 2230 867 2286 nostram
890 2222 1072 2304 piissimam,
1099 2228 1202 2285 nostro
1223 2223 1399 2306 progressui

204 2332 360 2415 prelibatis
382 2331 524 2413 auspiciis
549 2332 787 2414 correspondeat
809 2334 839 2394 in
856 2332 1005 2412 condigne
1024 2331 1168 2394 decencie
1184 2332 1343 2413 repensiva
1362 2333 1400 2418 e)

207 2440 334 2502 devocio
362 2439 474 2503 filialis:
503 2441 573 2522 quia
604 2446 704 2503 tamen
734 2442 771 2503 ad
799 2441 874 2512 hoc,
907 2447 940 2503 ut
965 2440 1118 2502 humiliter
1144 2440 1401 2522 recognoscimus,

204 2550 389 2633 possibilitas
422 2547 509 2612 nobis
542 2550 611 2611 data
653 2569 712 2613 non
750 2549 877 2620 sufficit,
917 2549 1048 2612 divinum
1087 2548 1224 2629 cogimur
1253 2548 1402 2630 inplorare

211 2658 395 2742 presidium,
423 2664 456 2720 ut
473 2679 508 2720 ex
525 2678 578 2719 sue
595 2658 875 2740 superabundancia
896 2658 1055 2729 bonitatis,
1084 2657 1163 2740 quod
1186 2657 1273 2726 nobis
1290 2654 1402 2727 delicit,

210 2768 242 2829 in
259 2769 368 2830 virtute
395 2766 532 2849 pelliciat
560 2785 618 2849 que
645 2768 677 2828 in
703 2768 812 2829 vestris
840 2766 900 2829 sint
929 2749 1027 2829 oculis
1050 2767 1161 2849 placita
1188 2765 1400 2849 prosequendi.

210 2879 302 2941 Porro
326 2878 464 2959 quoniam
481 2876 662 2958 sollempnes
685 2877 810 2939 nuncios
828 2882 957 2965 nostros,
974 2895 1050 2958 quos
1072 2881 1196 2960 propter
1210 2875 1269 2938 bec
1287 2880 1317 2937 et
1334 2874 1402 2946 alia,

213 3006 272 3069 que
289 2985 375 3048 nobis
404 2984 579 3048 incumbunt
607 2986 751 3065 negocia,
779 2986 818 3048 ad
846 2990 946 3047 vestre
974 2983 1169 3046 beatitudinis
1196 2983 1290 3064 pedes
1309 2982 1403 3045 desti-

210 3116 284 3159 nare
316 3095 526 3176 concepimus,
564 3094 602 3156 ob
614 3094 744 3157 vicinam
776 3094 955 3157 instanciam
984 3092 1067 3156 curie
1096 3100 1199 3156 nostre
1217 3090 1402 3172 sollempnis

211 3204 270 3266 iarn
287 3204 317 3265 in
333 3204 466 3284 proximo
485 3202 665 3266 celebrande
675 3203 721 3289 2),
750 3202 788 3265 ad
810 3203 869 3266 iter
884 3202 983 3266 adhuc
1000 3202 1167 3265 distulimus
1185 3200 1343 3282 expedire,
1370 3205 1404 3262 ut

129 3292 134 3298 ⁸
211 3312 379 3395 principum
412 3319 600 3382 nostrorum,
632 3311 682 3393 qui
714 3310 755 3372 ibi
788 3311 984 3382 convenient,
1017 3312 1234 3373 communicato
1267 3307 1403 3380 consilio,

214 3418 429 3482 committenda
445 3419 562 3500 legacio
580 3418 730 3481 celebrius
747 3424 778 3481 et
798 3419 936 3482 festivius
960 3419 1137 3489 adornetur3
1167 3439 1239 3481 ecce
1263 3418 1343 3500 quod
1365 3417 1401 3480 N.

212 3533 411 3607 cognomento
429 3526 556 3608 probum
583 3525 696 3595 virum,
721 3526 807 3589 cuius
822 3511 925 3597 actio,
954 3526 1095 3589 virtuosis
1117 3527 1233 3607 pollens
1249 3516 1403 3608 bperibus,

299 3724 332 3785 a)
356 3729 446 3776 nostre
460 3723 489 3774 V.
506 3750 535 3761 -
551 3722 583 3789 d)
603 3722 678 3775 annis
700 3722 728 3775 V.
751 3722 956 3791 unterpunctirt.
975 3751 1009 3760 -
1028 3722 1060 3790 c)
1085 3721 1309 3793 compassionibus
1327 3722 1353 3773 Z·
1368 3750 1402 3761 --

211 3814 246 3881 d)
261 3829 365 3884 semper
378 3831 409 3866 su
422 3814 504 3866 lesen.
519 3843 552 3852 -
567 3812 597 3881 e)
610 3813 767 3883 responsiva
780 3812 861 3866 Gerb.

237 4069 260 4127 1)
278 4069 317 4111 Am
335 4067 374 4112 26.
394 4066 473 4122 sptbr.
492 4066 554 4111 1274
570 4067 662 4110 rnechte
674 4068 767 4125 Gregor
783 4067 811 4110 X.
829 4066 853 4111 in
870 4068 943 4111 ciuem
956 4068 1147 4114 Ruudscbrsilren
1167 4069 1211 4113 den
1225 4068 1403 4122 Erebisehblem

275 4149 416 4200 bisontica,
439 4148 551 4200 idioten,
572 4148 663 4193 Horren
682 4147 728 4191 und
742 4147 839 4192 Stidteu
852 4147 876 4191 in
888 4148 1046 4193 Deutscbland
1064 4148 1180 4203 bekannt,
1204 4161 1230 4193 er
1247 4150 1306 4194 habe
1318 4150 1407 4195 Rudoll

276 4232 310 4274 als
321 4230 400 4287 liduig
411 4230 552 4274 snerlannt.
576 4227 707 4286 (Palacly,
725 4228 877 4273 italienischc
894 4230 964 4275 Reice
980 4241 1002 4275 u.
1023 4228 1062 4274 13.
1087 4232 1134 4275 llas
1151 4230 1282 4275 Scbreiben
1293 4231 1404 4289 gleicbsn

276 4313 363 4356 lnbalts
381 4312 427 4355 und
440 4314 536 4356 Datame
552 4324 580 4355 sn
593 4311 681 4356 Otalar
698 4311 736 4355 bei
755 4312 851 4377 Boczeli
863 4312 920 4357 Cod.
939 4311 995 4368 dipl.
1013 4313 1131 4357 bloravias
1142 4311 1167 4365 4,
1187 4313 1255 4371 133).
1277 4313 1324 4359 lut
1339 4314 1404 4359 dieas

277 4393 357 4437 Briele
370 4392 465 4438 besieht
476 4393 527 4436 sich
539 4393 592 4437 bier
604 4392 699 4444 liudolf,
715 4393 787 4436 somit
800 4393 831 4436 ist
845 4405 914 4436 unser
926 4394 992 4437 Briel
1002 4394 1062 4437 nacla
1074 4396 1125 4438 dem
1138 4394 1176 4441 26.
1190 4395 1327 4452 September
1342 4394 1405 4441 1274

275 4474 441 4532 gescbrieben,
452 4475 499 4519 und
512 4474 540 4518 ds

237 4551 259 4611 ²)
278 4567 322 4597 von
345 4554 419 4599 einem
437 4556 497 4598 nabe
518 4554 723 4599 bevorslehcnden
744 4553 887 4613 licicbstage
908 4554 945 4600 dic
966 4555 1030 4601 Reda
1050 4555 1093 4608 ist,
1117 4569 1144 4601 so
1161 4557 1222 4600 laun
1241 4570 1285 4601 cur
1306 4556 1349 4600 der
1368 4569 1403 4599 am

278 4637 313 4680 11.
326 4636 385 4681 ch.
401 4634 462 4680 ¹274
474 4650 501 4679 zu
514 4637 639 4691 Nirnberg
651 4637 807 4695 abgelrsltene
819 4637 922 4694 gemeiut
932 4637 989 4681 sein.
1002 4637 1078 4682 Sonuit
1093 4638 1145 4683 talla
1162 4650 1233 4684 unser
1245 4638 1312 4682 Briel
1327 4638 1350 4682 in
1363 4637 1403 4681 dis

258 4769 261 4775 ¹
274 4718 327 4761 Zeit
340 4718 458 4764 zwiscben
471 4719 524 4764 dem
536 4718 575 4788 aa.
589 4719 729 4777 September
741 4718 788 4763 und
800 4718 852 4763 dem
866 4718 904 4765 11.
916 4718 975 4765 liov-
992 4718 1061 4765 1274.
