3209 5392
1311 502 1388 575 299

191 673 402 739 munificencia
414 683 516 742 nostre
533 675 729 761 benignitatis
746 677 912 749 eximimus,
925 676 968 739 ita
980 680 1120 760 utusque
1134 676 1171 741 ad
1183 681 1302 760 tempus
1319 675 1392 741 illud

193 785 374 867 completum
396 804 414 848 a
436 804 588 870 quoquam
610 806 703 871 super
733 786 791 851 hiis
824 785 993 850 nullatenus
1023 787 1204 869 inpetautur.
1236 786 1391 850 Presentis

193 894 287 976 igitur
303 901 428 958 auctore
443 894 597 978 privilegii
619 896 814 967 mandamus,
844 901 991 980 quatenus
1008 895 1105 959 nullus
1123 914 1226 959 eomes
1243 895 1291 958 vel
1307 896 1394 966 baro,

194 1003 291 1067 nullus
319 1002 458 1068 officialis
487 1005 628 1070 vel'eius
657 1004 808 1077 vicarius,
837 1004 918 1069 nulla
947 1005 1077 1087 denique
1105 1023 1236 1088 persona
1257 1004 1318 1068 alta
1346 1003 1392 1066 vel

192 1112 330 1185 humilis,
359 1115 570 1180 ecelesiastica
598 1115 645 1178 vel
673 1117 841 1188 mundana,
873 1115 1026 1197 predictos
1059 1113 1164 1179 fideles
1193 1119 1313 1178 nostros
1346 1114 1393 1178 vel

196 1222 311 1306 aliquos
334 1224 500 1287 eorundem
521 1231 628 1288 eontra
650 1224 740 1288 huius
763 1224 868 1306 gracie
892 1229 994 1286 nostre
1011 1225 1136 1287 lbrmam
1153 1229 1268 1288 temere
1284 1224 1395 1287 audeat

195 1332 367 1397 molestare.

789 1652 824 1719 3.

514 1825 675 1909 inperiale
690 1824 881 1909 priuilegium
897 1826 928 1890 lt.
945 1826 1083 1890 eoeleste.

198 1985 252 2040 [dia
274 1985 361 2057 Kdac'p
385 1983 516 2058 empfiedd
538 1985 582 2040 ein
596 1985 710 2047 Klooten
732 1987 784 2041 dna
806 2004 836 2040 er
856 1986 886 2040 in
907 1985 1000 2040 eeinen
1021 1986 1167 2041 decendero
1182 1984 1278 2040 Sedete
1300 1985 1400 2051 nimmt,

465 2078 515 2131 der
528 2079 662 2148 Fdreorpe
674 2078 767 2134 seiner
780 2077 890 2132 Richter
904 2078 961 2132 aad
974 2076 1136 2133 Slottdelter.

296 2223 396 2278 Stobbe
409 2241 434 2277 u.
449 2222 510 2278 146.
525 2225 614 2280 blossa
628 2225 843 2294 lnbaltsangabe.

290 2370 439 2455 Equitatis
463 2372 552 2456 vigor
576 2373 670 2455 exigit
687 2379 717 2437 et
734 2374 808 2437 ordo
825 2372 963 2455 suggerit
978 2372 1121 2445 racionis,
1138 2377 1171 2436 ut
1187 2392 1255 2437 eum
1270 2372 1301 2435 in
1316 2390 1402 2435 men-

201 2476 263 2542 bris
280 2480 343 2543 suis
360 2481 533 2563 specialiter
548 2482 749 2552 honoremus,
773 2481 840 2565 qui,
864 2482 975 2546 nostris
992 2501 1051 2545 non
1068 2481 1257 2564 exigentibus
1274 2480 1401 2550 meritis,

200 2589 295 2672 regali
323 2590 398 2653 solio
427 2611 483 2655 nos
511 2592 640 2676 prefecit
668 2592 705 2655 ad
732 2592 791 2656 hoc
820 2591 979 2661 videlicet,
1003 2597 1036 2655 ut
1059 2591 1245 2655 defensionis
1268 2588 1401 2674 presidio

202 2704 328 2763 cunctas
343 2717 491 2782 personas
508 2700 696 2764 miserabiles
719 2703 874 2765 foveamus
917 2700 961 2764 Ea
983 2705 1106 2785 propter
1121 2699 1272 2765 universis
1289 2700 1401 2763 nostris

202 2802 352 2870 iudicibus
378 2827 413 2871 ae
436 2809 557 2872 vicariis
580 2810 755 2873 mandamus
777 2809 919 2880 firmiter,
948 2816 1095 2893 qrratenus
1118 2808 1276 2872 abbaciam
1298 2809 1400 2880 talem,

204 2933 293 2997 quam
310 2934 379 2978 oum
395 2916 475 2980 omni
491 2937 547 2981 sua
569 2917 744 2982 substancia
767 2923 798 2982 et
819 2918 958 3002 personis
976 2917 1199 3003 pertinentibus
1217 2916 1255 2979 ad
1273 2916 1401 2980 eandem

202 3022 233 3086 in
249 3029 383 3089 nostram
399 3025 606 3089 defensionem
623 3032 654 3090 et
669 3027 794 3090 tutelam
811 3027 974 3110 recipimus
999 3027 1172 3109 specialem,
1195 3047 1255 3090 non
1276 3023 1402 3110 permit-

205 3133 277 3197 tatis
306 3134 344 3197 ab
372 3133 472 3218 aliquo
501 3135 646 3220 deinceps
663 3137 833 3208 molestari,
862 3142 894 3214 ut
910 3139 1019 3201 fratres
1036 3138 1099 3200 Deo
1123 3133 1196 3200 inibi
1212 3135 1401 3205 famulantes,

203 3243 332 3326 protecti
355 3243 513 3327 privilegio
536 3246 620 3326 regie
637 3244 815 3318 maiestatis,
838 3245 1106 3328 contemplacionis
1129 3243 1277 3308 inoffensa
1299 3245 1401 3326 quiete

206 3351 369 3434 gaudeant,
387 3358 418 3417 et
433 3374 488 3438 pro
505 3354 585 3417 bono
602 3360 683 3418 statu
706 3356 791 3437 regni
815 3356 908 3419 nostri
932 3354 1130 3438 imperturbati
1146 3354 1257 3437 iugiter
1274 3352 1402 3416 divinam
1432 3384 1435 3389 2

205 3461 401 3526 clemenciam
439 3463 659 3546 deprecentur,
696 3465 775 3529 siout
813 3465 928 3547 regiam
965 3464 1211 3546 indignacionem
1248 3462 1402 3527 volueritis

206 3570 380 3658 evitare1).

231 3880 254 3940 ¹)
271 3883 314 3927 Die
325 3883 426 3930 zwetlor
438 3884 466 3929 ll.
480 3885 503 3929 S.
516 3885 556 3929 hat
567 3886 629 3929 noctu
647 3897 692 3928 von
704 3885 806 3928 uuiderer
824 3883 905 3928 Harrd:
928 3884 981 3928 bat.
1001 3899 1021 3930 a.
1037 3884 1126 3929 Domini
1140 3882 1262 3928 millesimo
1276 3880 1343 3928 cccl
1357 3880 1402 3926 lllll

270 3964 345 4010 factus
362 3966 400 4010 eat
415 3965 522 4023 Spiridus
539 3966 568 4010 de
586 3966 695 4011 chremes
713 3966 820 4011 novicius
837 3967 860 4009 in
878 3967 976 4019 Zwetla‚
989 3966 1048 4011 doun
1060 3964 1101 4011 mir
1113 3966 1196 4010 rather
1206 3966 1275 4010 'litate
1287 3964 1314 4009 lll
1327 3964 1404 4008 Nonus

270 4045 344 4102 April.
370 4047 402 4091 Es
424 4047 525 4093 braucbt
547 4049 614 4094 laum
638 4048 745 4093 ernanus
767 4062 795 4091 zu
819 4048 924 4101 werden,
943 4049 997 4092 dass
1013 4048 1053 4092 das
1070 4049 1152 4092 butum
1171 4047 1237 4092 nicht
1254 4059 1305 4091 zum
1323 4045 1404 4090 Briele

269 4128 358 4188 gebdrt
379 4129 425 4173 und
448 4129 502 4173 dass
523 4128 561 4173 ein
585 4130 700 4188 gewisser
722 4129 800 4188 Syfrid
824 4142 865 4175 nus
887 4129 984 4174 Chreme
1000 4129 1045 4174 den
1065 4126 1129 4174 Plato
1147 4131 1185 4174 fuir·
1202 4129 1243 4174 das
1261 4128 1403 4173 Brieldntnm

269 4209 367 4255 beuutzt
384 4211 432 4263 hat,
450 4224 487 4255 ιιιιι
505 4210 556 4255 sich
574 4213 621 4256 und
639 4211 683 4257 den
701 4213 752 4270 'lag
768 4213 849 4256 selues
866 4211 991 4257 Eintrittes
1009 4212 1031 4255 in
1050 4211 1091 4258 dos
1108 4213 1204 4257 Kloster
1217 4224 1245 4255 zu
1258 4211 1402 4268 verewigen.
