<?xml version="1.0" encoding="UTF-8"?>
<!DOCTYPE html PUBLIC "-//W3C//DTD XHTML 1.0 Transitional//EN"
    "http://www.w3.org/TR/xhtml1/DTD/xhtml1-transitional.dtd">
<html xmlns="http://www.w3.org/1999/xhtml" xml:lang="en" lang="en">
 <head>
  <title>
</title>
<meta http-equiv="Content-Type" content="text/html;charset=utf-8" />
  <meta name='ocr-system' content='tesseract 3.04.00' />
  <meta name='ocr-capabilities' content='ocr_page ocr_carea ocr_par ocr_line ocrx_word'/>
</head>
<body>
  <div class='ocr_page' id='page_1' title='image "./fontesrerumaust00unkngoog_0252.png"; bbox 0 0 3209 5392; ppageno 0'>
   <div class='ocr_carea' id='block_1_1' title="bbox 1284 462 1360 533">
    <p class='ocr_par' dir='ltr' id='par_1_1' title="bbox 1284 462 1360 533">
     <span class='ocr_line' id='line_1_1' title="bbox 1284 462 1360 533; baseline 0 0"><span class='ocrx_word' id='word_1_1' title='bbox 1284 462 1360 533; x_wconf 75' lang='lat'>225</span> 
     </span>
    </p>
   </div>
   <div class='ocr_carea' id='block_1_2' title="bbox 165 634 1489 2653">
    <p class='ocr_par' dir='ltr' id='par_1_2' title="bbox 165 634 1366 932">
     <span class='ocr_line' id='line_1_2' title="bbox 165 634 1364 719; baseline -0.004 -19"><span class='ocrx_word' id='word_1_2' title='bbox 165 636 274 719; x_wconf 90' lang='lat' dir='ltr'>populo</span> <span class='ocrx_word' id='word_1_3' title='bbox 299 634 413 698; x_wconf 89' lang='lat' dir='ltr'>zizanie</span> <span class='ocrx_word' id='word_1_4' title='bbox 437 637 658 717; x_wconf 77' lang='lat' dir='ltr'>superseminet</span> <span class='ocrx_word' id='word_1_5' title='bbox 679 636 781 701; x_wconf 91' lang='lat' dir='ltr'>lolium</span> <span class='ocrx_word' id='word_1_6' title='bbox 804 644 836 701; x_wconf 92' lang='lat' dir='ltr'>et</span> <span class='ocrx_word' id='word_1_7' title='bbox 858 641 990 706; x_wconf 84' lang='lat' dir='ltr'>restrum</span> <span class='ocrx_word' id='word_1_8' title='bbox 1013 635 1157 716; x_wconf 79' lang='lat' dir='ltr'>precipue</span> <span class='ocrx_word' id='word_1_9' title='bbox 1181 635 1364 698; x_wconf 78' lang='lat' dir='ltr'>contaminet</span> 
     </span>
     <span class='ocr_line' id='line_1_3' title="bbox 168 729 1366 829; baseline -0.004 -23"><span class='ocrx_word' id='word_1_10' title='bbox 168 745 328 825; x_wconf 81' lang='lat' dir='ltr'>collegium</span> <span class='ocrx_word' id='word_1_11' title='bbox 345 748 376 805; x_wconf 88' lang='lat' dir='ltr'>et</span> <span class='ocrx_word' id='word_1_12' title='bbox 392 741 549 824; x_wconf 90' lang='lat' dir='ltr'>perturbet</span> <span class='ocrx_word' id='word_1_13' title='bbox 560 743 597 829; x_wconf 87' lang='lat'>¹).</span> <span class='ocrx_word' id='word_1_14' title='bbox 623 745 686 807; x_wconf 87' lang='lat' dir='ltr'>llec</span> <span class='ocrx_word' id='word_1_15' title='bbox 703 729 750 809; x_wconf 86' lang='lat' dir='ltr'>est</span> <span class='ocrx_word' id='word_1_16' title='bbox 767 745 898 807; x_wconf 90' lang='lat' dir='ltr'>crudelis</span> <span class='ocrx_word' id='word_1_17' title='bbox 914 743 1051 824; x_wconf 84' lang='lat' dir='ltr'>vippera,</span> <span class='ocrx_word' id='word_1_18' title='bbox 1068 762 1126 826; x_wconf 90' lang='lat' dir='ltr'>que</span> <span class='ocrx_word' id='word_1_19' title='bbox 1142 744 1223 805; x_wconf 85' lang='lat' dir='ltr'>virus</span> <span class='ocrx_word' id='word_1_20' title='bbox 1241 738 1366 805; x_wconf 82' lang='lat' dir='ltr'>effundit</span> 
     </span>
     <span class='ocr_line' id='line_1_4' title="bbox 169 851 1366 932; baseline -0.002 -18"><span class='ocrx_word' id='word_1_21' title='bbox 169 852 308 920; x_wconf 79' lang='lat' dir='ltr'>noxium,</span> <span class='ocrx_word' id='word_1_22' title='bbox 332 854 437 913; x_wconf 93' lang='lat' dir='ltr'>contra</span> <span class='ocrx_word' id='word_1_23' title='bbox 461 851 541 932; x_wconf 91' lang='lat' dir='ltr'>quod</span> <span class='ocrx_word' id='word_1_24' title='bbox 565 851 673 915; x_wconf 90' lang='lat' dir='ltr'>nullius</span> <span class='ocrx_word' id='word_1_25' title='bbox 690 852 806 915; x_wconf 91' lang='lat' dir='ltr'>medele</span> <span class='ocrx_word' id='word_1_26' title='bbox 823 852 962 914; x_wconf 81' lang='lat' dir='ltr'>conferre</span> <span class='ocrx_word' id='word_1_27' title='bbox 978 851 1089 930; x_wconf 88' lang='lat' dir='ltr'>poterit</span> <span class='ocrx_word' id='word_1_28' title='bbox 1104 851 1306 914; x_wconf 86' lang='lat' dir='ltr'>iuramentum</span> <span class='ocrx_word' id='word_1_29' title='bbox 1322 888 1366 898; x_wconf 88' lang='lat'><em>-</em></span> 
     </span>
    </p>

    <p class='ocr_par' dir='ltr' id='par_1_3' title="bbox 170 956 1489 1364">
     <span class='ocr_line' id='line_1_5' title="bbox 170 956 1368 1041; baseline -0.002 -21"><span class='ocrx_word' id='word_1_30' title='bbox 170 959 227 1020; x_wconf 94' lang='lat' dir='ltr'>bec</span> <span class='ocrx_word' id='word_1_31' title='bbox 245 962 303 1027; x_wconf 90' lang='lat' dir='ltr'>est,</span> <span class='ocrx_word' id='word_1_32' title='bbox 318 957 451 1039; x_wconf 88' lang='lat' dir='ltr'>inquam,</span> <span class='ocrx_word' id='word_1_33' title='bbox 468 957 599 1021; x_wconf 88' lang='lat' dir='ltr'>erudelis</span> <span class='ocrx_word' id='word_1_34' title='bbox 615 959 739 1041; x_wconf 88' lang='lat' dir='ltr'>vippera</span> <span class='ocrx_word' id='word_1_35' title='bbox 754 960 786 1021; x_wconf 93' lang='lat' dir='ltr'>in</span> <span class='ocrx_word' id='word_1_36' title='bbox 802 960 888 1021; x_wconf 89' lang='lat' dir='ltr'>cuius</span> <span class='ocrx_word' id='word_1_37' title='bbox 903 958 1015 1039; x_wconf 82' lang='lat' dir='ltr'>lingwa</span> <span class='ocrx_word' id='word_1_38' title='bbox 1030 957 1124 1039; x_wconf 87' lang='lat' dir='ltr'>pestis</span> <span class='ocrx_word' id='word_1_39' title='bbox 1138 958 1250 1021; x_wconf 86' lang='lat' dir='ltr'>exstitit</span> <span class='ocrx_word' id='word_1_40' title='bbox 1262 956 1368 1019; x_wconf 91' lang='lat' dir='ltr'>morti-</span> 
     </span>
     <span class='ocr_line' id='line_1_6' title="bbox 170 1064 1370 1149; baseline -0.003 -21"><span class='ocrx_word' id='word_1_41' title='bbox 170 1068 253 1137; x_wconf 85' lang='lat' dir='ltr'>fera,</span> <span class='ocrx_word' id='word_1_42' title='bbox 281 1065 352 1129; x_wconf 90' lang='lat' dir='ltr'>dum</span> <span class='ocrx_word' id='word_1_43' title='bbox 379 1085 434 1149; x_wconf 91' lang='lat' dir='ltr'>per</span> <span class='ocrx_word' id='word_1_44' title='bbox 460 1066 557 1147; x_wconf 85' lang='lat' dir='ltr'>ipsam</span> <span class='ocrx_word' id='word_1_45' title='bbox 573 1068 694 1131; x_wconf 88' lang='lat' dir='ltr'>inmittit</span> <span class='ocrx_word' id='word_1_46' title='bbox 720 1087 869 1130; x_wconf 84' lang='lat' dir='ltr'>venenum</span> <span class='ocrx_word' id='word_1_47' title='bbox 895 1067 1033 1137; x_wconf 89' lang='lat' dir='ltr'>inlamie,</span> <span class='ocrx_word' id='word_1_48' title='bbox 1060 1065 1250 1148; x_wconf 80' lang='lat' dir='ltr'>prophanans</span> <span class='ocrx_word' id='word_1_49' title='bbox 1277 1064 1370 1128; x_wconf 81' lang='lat' dir='ltr'>vestri</span> 
     </span>
     <span class='ocr_line' id='line_1_7' title="bbox 172 1172 1489 1255; baseline -0.003 -18"><span class='ocrx_word' id='word_1_50' title='bbox 172 1174 345 1237; x_wconf 89' lang='lat' dir='ltr'>monasterii</span> <span class='ocrx_word' id='word_1_51' title='bbox 360 1174 424 1236; x_wconf 91' lang='lat' dir='ltr'>Deo</span> <span class='ocrx_word' id='word_1_52' title='bbox 449 1174 582 1255; x_wconf 79' lang='lat' dir='ltr'>virgines</span> <span class='ocrx_word' id='word_1_53' title='bbox 599 1176 754 1240; x_wconf 90' lang='lat' dir='ltr'>dedicatas</span> <span class='ocrx_word' id='word_1_54' title='bbox 770 1214 831 1246; x_wconf 79' lang='lat'>-„</span> <span class='ocrx_word' id='word_1_55' title='bbox 855 1175 913 1237; x_wconf 89' lang='lat' dir='ltr'>bec</span> <span class='ocrx_word' id='word_1_56' title='bbox 938 1178 985 1236; x_wconf 94' lang='lat' dir='ltr'>est</span> <span class='ocrx_word' id='word_1_57' title='bbox 1000 1173 1123 1255; x_wconf 84' lang='lat' dir='ltr'>vippera</span> <span class='ocrx_word' id='word_1_58' title='bbox 1139 1193 1194 1254; x_wconf 91' lang='lat' dir='ltr'>per</span> <span class='ocrx_word' id='word_1_59' title='bbox 1208 1179 1324 1254; x_wconf 92' lang='lat' dir='ltr'>patrem</span> <span class='ocrx_word' id='word_1_60' title='bbox 1340 1172 1371 1234; x_wconf 92' lang='lat' dir='ltr'>in</span> <span class='ocrx_word' id='word_1_61' title='bbox 1380 1201 1424 1242; x_wconf 68' lang='lat' dir='ltr'>nn,</span> <span class='ocrx_word' id='word_1_62' title='bbox 1431 1201 1458 1242; x_wconf 65' lang='lat' dir='ltr'>so</span> <span class='ocrx_word' id='word_1_63' title='bbox 1467 1201 1489 1241; x_wconf 72' lang='lat' dir='ltr'>n,</span> 
     </span>
     <span class='ocr_line' id='line_1_8' title="bbox 173 1280 1373 1364; baseline -0.003 -20"><span class='ocrx_word' id='word_1_64' title='bbox 173 1282 313 1344; x_wconf 91' lang='lat' dir='ltr'>mundum</span> <span class='ocrx_word' id='word_1_65' title='bbox 330 1282 422 1344; x_wconf 89' lang='lat' dir='ltr'>missa</span> <span class='ocrx_word' id='word_1_66' title='bbox 439 1282 608 1355; x_wconf 84' lang='lat' dir='ltr'>discordie,</span> <span class='ocrx_word' id='word_1_67' title='bbox 637 1288 670 1347; x_wconf 89' lang='lat' dir='ltr'>ut</span> <span class='ocrx_word' id='word_1_68' title='bbox 684 1303 721 1345; x_wconf 87' lang='lat' dir='ltr'>ea</span> <span class='ocrx_word' id='word_1_69' title='bbox 738 1283 890 1353; x_wconf 89' lang='lat' dir='ltr'>destruat,</span> <span class='ocrx_word' id='word_1_70' title='bbox 920 1301 977 1364; x_wconf 91' lang='lat' dir='ltr'>que</span> <span class='ocrx_word' id='word_1_71' title='bbox 994 1287 1064 1345; x_wconf 91' lang='lat' dir='ltr'>sunt</span> <span class='ocrx_word' id='word_1_72' title='bbox 1079 1280 1153 1353; x_wconf 91' lang='lat' dir='ltr'>Dei,</span> <span class='ocrx_word' id='word_1_73' title='bbox 1181 1281 1297 1344; x_wconf 84' lang='lat' dir='ltr'>faciens</span> <span class='ocrx_word' id='word_1_74' title='bbox 1313 1300 1373 1342; x_wconf 90' lang='lat' dir='ltr'>una</span> 
     </span>
    </p>

    <p class='ocr_par' dir='ltr' id='par_1_4' title="bbox 177 1384 1380 1792">
     <span class='ocr_line' id='line_1_9' title="bbox 177 1384 1375 1470; baseline -0.006 -18"><span class='ocrx_word' id='word_1_75' title='bbox 177 1409 247 1452; x_wconf 90' lang='lat' dir='ltr'>cum</span> <span class='ocrx_word' id='word_1_76' title='bbox 264 1387 407 1469; x_wconf 77' lang='lat' dir='ltr'>dyabolo,</span> <span class='ocrx_word' id='word_1_77' title='bbox 438 1395 524 1470; x_wconf 92' lang='lat' dir='ltr'>patre</span> <span class='ocrx_word' id='word_1_78' title='bbox 552 1410 626 1460; x_wconf 91' lang='lat' dir='ltr'>suo,</span> <span class='ocrx_word' id='word_1_79' title='bbox 657 1390 777 1469; x_wconf 82' lang='lat' dir='ltr'>signum</span> <span class='ocrx_word' id='word_1_80' title='bbox 803 1388 835 1450; x_wconf 92' lang='lat' dir='ltr'>in</span> <span class='ocrx_word' id='word_1_81' title='bbox 863 1387 989 1458; x_wconf 91' lang='lat' dir='ltr'>malum,</span> <span class='ocrx_word' id='word_1_82' title='bbox 1023 1392 1168 1467; x_wconf 87' lang='lat' dir='ltr'>quatenus</span> <span class='ocrx_word' id='word_1_83' title='bbox 1197 1385 1327 1449; x_wconf 89' lang='lat' dir='ltr'>abducat</span> <span class='ocrx_word' id='word_1_84' title='bbox 1343 1384 1375 1445; x_wconf 93' lang='lat' dir='ltr'>in</span> 
     </span>
     <span class='ocr_line' id='line_1_10' title="bbox 177 1493 1376 1579; baseline -0.003 -21"><span class='ocrx_word' id='word_1_85' title='bbox 177 1496 295 1558; x_wconf 89' lang='lat' dir='ltr'>devium</span> <span class='ocrx_word' id='word_1_86' title='bbox 324 1496 438 1558; x_wconf 88' lang='lat' dir='ltr'>animas</span> <span class='ocrx_word' id='word_1_87' title='bbox 462 1493 642 1567; x_wconf 91' lang='lat' dir='ltr'>electarum,</span> <span class='ocrx_word' id='word_1_88' title='bbox 670 1516 729 1579; x_wconf 91' lang='lat' dir='ltr'>que</span> <span class='ocrx_word' id='word_1_89' title='bbox 757 1497 849 1559; x_wconf 92' lang='lat' dir='ltr'>etiam</span> <span class='ocrx_word' id='word_1_90' title='bbox 876 1497 907 1558; x_wconf 91' lang='lat' dir='ltr'>in</span> <span class='ocrx_word' id='word_1_91' title='bbox 923 1497 1081 1560; x_wconf 30' lang='lat' dir='ltr'>,termento</span> <span class='ocrx_word' id='word_1_92' title='bbox 1109 1493 1227 1556; x_wconf 78' lang='lat' dir='ltr'>malicie</span> <span class='ocrx_word' id='word_1_93' title='bbox 1243 1497 1376 1556; x_wconf 82' lang='lat' dir='ltr'>restrum</span> 
     </span>
     <span class='ocr_line' id='line_1_11' title="bbox 179 1599 1377 1690; baseline -0.003 -26"><span class='ocrx_word' id='word_1_94' title='bbox 179 1620 373 1690; x_wconf 75' lang='lat' dir='ltr'>corrumpens</span> <span class='ocrx_word' id='word_1_95' title='bbox 391 1602 561 1676; x_wconf 88' lang='lat' dir='ltr'>cenobium,</span> <span class='ocrx_word' id='word_1_96' title='bbox 585 1605 758 1668; x_wconf 87' lang='lat' dir='ltr'>ancillarum</span> <span class='ocrx_word' id='word_1_97' title='bbox 770 1605 827 1667; x_wconf 91' lang='lat' dir='ltr'>Dei</span> <span class='ocrx_word' id='word_1_98' title='bbox 839 1603 970 1667; x_wconf 90' lang='lat' dir='ltr'>maculat</span> <span class='ocrx_word' id='word_1_99' title='bbox 981 1607 1179 1673; x_wconf 85' lang='lat' dir='ltr'>venustatem,</span> <span class='ocrx_word' id='word_1_100' title='bbox 1195 1599 1377 1664; x_wconf 89' lang='lat' dir='ltr'>intencionis</span> 
     </span>
     <span class='ocr_line' id='line_1_12' title="bbox 178 1709 1380 1792; baseline -0.001 -21"><span class='ocrx_word' id='word_1_101' title='bbox 178 1710 306 1771; x_wconf 90' lang='lat' dir='ltr'>honeste</span> <span class='ocrx_word' id='word_1_102' title='bbox 323 1709 474 1772; x_wconf 90' lang='lat' dir='ltr'>disturbat</span> <span class='ocrx_word' id='word_1_103' title='bbox 489 1713 686 1792; x_wconf 88' lang='lat' dir='ltr'>propositum,</span> <span class='ocrx_word' id='word_1_104' title='bbox 710 1718 741 1774; x_wconf 90' lang='lat' dir='ltr'>et</span> <span class='ocrx_word' id='word_1_105' title='bbox 756 1711 915 1780; x_wconf 79' lang='lat' dir='ltr'>uerborum</span> <span class='ocrx_word' id='word_1_106' title='bbox 933 1709 1102 1792; x_wconf 87' lang='lat' dir='ltr'>opprobriis</span> <span class='ocrx_word' id='word_1_107' title='bbox 1119 1709 1271 1790; x_wconf 85' lang='lat' dir='ltr'>vituperat</span> <span class='ocrx_word' id='word_1_108' title='bbox 1287 1727 1380 1790; x_wconf 88' lang='lat' dir='ltr'>spon-</span> 
     </span>
    </p>

    <p class='ocr_par' dir='ltr' id='par_1_5' title="bbox 183 1814 1382 2007">
     <span class='ocr_line' id='line_1_13' title="bbox 183 1814 1381 1902; baseline -0.003 -22"><span class='ocrx_word' id='word_1_109' title='bbox 183 1838 233 1881; x_wconf 88' lang='lat' dir='ltr'>sas</span> <span class='ocrx_word' id='word_1_110' title='bbox 250 1815 380 1885; x_wconf 85' lang='lat' dir='ltr'>Christi,</span> <span class='ocrx_word' id='word_1_111' title='bbox 408 1837 468 1878; x_wconf 89' lang='lat' dir='ltr'>non</span> <span class='ocrx_word' id='word_1_112' title='bbox 488 1819 664 1892; x_wconf 88' lang='lat' dir='ltr'>attendens,</span> <span class='ocrx_word' id='word_1_113' title='bbox 693 1838 781 1902; x_wconf 85' lang='lat' dir='ltr'>quam</span> <span class='ocrx_word' id='word_1_114' title='bbox 806 1818 939 1900; x_wconf 78' lang='lat' dir='ltr'>graviter</span> <span class='ocrx_word' id='word_1_115' title='bbox 953 1819 1035 1881; x_wconf 90' lang='lat' dir='ltr'>Deus</span> <span class='ocrx_word' id='word_1_116' title='bbox 1052 1819 1082 1879; x_wconf 89' lang='lat' dir='ltr'>in</span> <span class='ocrx_word' id='word_1_117' title='bbox 1098 1817 1268 1879; x_wconf 91' lang='lat' dir='ltr'>huiusmodi</span> <span class='ocrx_word' id='word_1_118' title='bbox 1286 1814 1381 1879; x_wconf 82' lang='lat' dir='ltr'>offen-</span> 
     </span>
     <span class='ocr_line' id='line_1_14' title="bbox 183 1923 1382 2007; baseline -0.001 -21"><span class='ocrx_word' id='word_1_119' title='bbox 183 1924 287 1995; x_wconf 89' lang='lat' dir='ltr'>datur,</span> <span class='ocrx_word' id='word_1_120' title='bbox 317 1923 392 1986; x_wconf 72' lang='lat' dir='ltr'>dumv</span> <span class='ocrx_word' id='word_1_121' title='bbox 411 1945 480 1996; x_wconf 91' lang='lat' dir='ltr'>eas,</span> <span class='ocrx_word' id='word_1_122' title='bbox 509 1944 582 2007; x_wconf 89' lang='lat' dir='ltr'>quas</span> <span class='ocrx_word' id='word_1_123' title='bbox 607 1927 637 1989; x_wconf 93' lang='lat' dir='ltr'>in</span> <span class='ocrx_word' id='word_1_124' title='bbox 660 1932 777 2007; x_wconf 91' lang='lat' dir='ltr'>partem</span> <span class='ocrx_word' id='word_1_125' title='bbox 801 1945 886 1989; x_wconf 90' lang='lat' dir='ltr'>suam</span> <span class='ocrx_word' id='word_1_126' title='bbox 916 1925 1008 2006; x_wconf 84' lang='lat' dir='ltr'>elegit</span> <span class='ocrx_word' id='word_1_127' title='bbox 1040 1925 1108 2005; x_wconf 91' lang='lat' dir='ltr'>ipse</span> <span class='ocrx_word' id='word_1_128' title='bbox 1130 1923 1209 1986; x_wconf 89' lang='lat' dir='ltr'>filius</span> <span class='ocrx_word' id='word_1_129' title='bbox 1231 1924 1289 1986; x_wconf 89' lang='lat' dir='ltr'>Dei</span> <span class='ocrx_word' id='word_1_130' title='bbox 1311 1923 1382 1992; x_wconf 85' lang='lat' dir='ltr'>riri,</span> 
     </span>
    </p>

    <p class='ocr_par' dir='ltr' id='par_1_6' title="bbox 182 2029 1383 2112">
     <span class='ocr_line' id='line_1_15' title="bbox 182 2029 1383 2112; baseline -0.003 -18"><span class='ocrx_word' id='word_1_131' title='bbox 182 2036 226 2094; x_wconf 90' lang='lat' dir='ltr'>tot</span> <span class='ocrx_word' id='word_1_132' title='bbox 248 2029 343 2093; x_wconf 88' lang='lat' dir='ltr'>allicit</span> <span class='ocrx_word' id='word_1_133' title='bbox 368 2030 536 2095; x_wconf 87' lang='lat' dir='ltr'>lesionibus</span> <span class='ocrx_word' id='word_1_134' title='bbox 565 2038 596 2095; x_wconf 89' lang='lat' dir='ltr'>et</span> <span class='ocrx_word' id='word_1_135' title='bbox 622 2035 725 2096; x_wconf 85' lang='lat' dir='ltr'>facere</span> <span class='ocrx_word' id='word_1_136' title='bbox 753 2034 873 2104; x_wconf 88' lang='lat' dir='ltr'>nititur,</span> <span class='ocrx_word' id='word_1_137' title='bbox 907 2038 940 2095; x_wconf 91' lang='lat' dir='ltr'>ut</span> <span class='ocrx_word' id='word_1_138' title='bbox 967 2032 1103 2096; x_wconf 90' lang='lat' dir='ltr'>amittant</span> <span class='ocrx_word' id='word_1_139' title='bbox 1132 2050 1278 2100; x_wconf 87' lang='lat' dir='ltr'>coronas,</span> <span class='ocrx_word' id='word_1_140' title='bbox 1308 2048 1383 2112; x_wconf 90' lang='lat' dir='ltr'>quas</span> 
     </span>
    </p>

    <p class='ocr_par' dir='ltr' id='par_1_7' title="bbox 185 2137 1469 2446">
     <span class='ocr_line' id='line_1_16' title="bbox 185 2137 1469 2224; baseline -0.002 -23"><span class='ocrx_word' id='word_1_141' title='bbox 185 2139 229 2201; x_wconf 88' lang='lat' dir='ltr'>eis</span> <span class='ocrx_word' id='word_1_142' title='bbox 247 2158 375 2220; x_wconf 91' lang='lat' dir='ltr'>sponsus</span> <span class='ocrx_word' id='word_1_143' title='bbox 391 2141 572 2221; x_wconf 89' lang='lat' dir='ltr'>promiserat</span> <span class='ocrx_word' id='word_1_144' title='bbox 587 2161 731 2223; x_wconf 85' lang='lat' dir='ltr'>erogare,</span> <span class='ocrx_word' id='word_1_145' title='bbox 760 2161 835 2224; x_wconf 89' lang='lat' dir='ltr'>que,</span> <span class='ocrx_word' id='word_1_146' title='bbox 863 2147 897 2204; x_wconf 89' lang='lat' dir='ltr'>ut</span> <span class='ocrx_word' id='word_1_147' title='bbox 912 2161 971 2203; x_wconf 90' lang='lat' dir='ltr'>non</span> <span class='ocrx_word' id='word_1_148' title='bbox 986 2139 1110 2203; x_wconf 91' lang='lat' dir='ltr'>multum</span> <span class='ocrx_word' id='word_1_149' title='bbox 1126 2160 1143 2202; x_wconf 89' lang='lat' dir='ltr'>a</span> <span class='ocrx_word' id='word_1_150' title='bbox 1160 2159 1213 2201; x_wconf 86' lang='lat' dir='ltr'>suo</span> <span class='ocrx_word' id='word_1_151' title='bbox 1231 2137 1386 2218; x_wconf 89' lang='lat' dir='ltr'>discrepet</span> <span class='ocrx_word' id='word_1_152' title='bbox 1465 2182 1469 2188; x_wconf 85' lang='lat'>-</span> 
     </span>
     <span class='ocr_line' id='line_1_17' title="bbox 185 2246 1385 2329; baseline -0.003 -20"><span class='ocrx_word' id='word_1_153' title='bbox 185 2246 341 2328; x_wconf 84' lang='lat' dir='ltr'>genitore,</span> <span class='ocrx_word' id='word_1_154' title='bbox 370 2247 500 2309; x_wconf 89' lang='lat' dir='ltr'>circuire</span> <span class='ocrx_word' id='word_1_155' title='bbox 529 2268 596 2311; x_wconf 90' lang='lat' dir='ltr'>cum</span> <span class='ocrx_word' id='word_1_156' title='bbox 623 2250 788 2312; x_wconf 84' lang='lat' dir='ltr'>mendaciis</span> <span class='ocrx_word' id='word_1_157' title='bbox 817 2249 1000 2318; x_wconf 86' lang='lat' dir='ltr'>delectatur,</span> <span class='ocrx_word' id='word_1_158' title='bbox 1028 2246 1148 2329; x_wconf 91' lang='lat' dir='ltr'>proprie</span> <span class='ocrx_word' id='word_1_159' title='bbox 1173 2267 1233 2309; x_wconf 92' lang='lat' dir='ltr'>non</span> <span class='ocrx_word' id='word_1_160' title='bbox 1256 2265 1385 2326; x_wconf 86' lang='lat' dir='ltr'>parcens</span> 
     </span>
     <span class='ocr_line' id='line_1_18' title="bbox 193 2354 1386 2446; baseline -0.002 -30"><span class='ocrx_word' id='word_1_161' title='bbox 193 2354 291 2417; x_wconf 89' lang='lat' dir='ltr'>anime</span> <span class='ocrx_word' id='word_1_162' title='bbox 306 2354 338 2416; x_wconf 92' lang='lat' dir='ltr'>in</span> <span class='ocrx_word' id='word_1_163' title='bbox 354 2355 711 2446; x_wconf 82' lang='lat' dir='ltr'>exterminiumaliarum,</span> <span class='ocrx_word' id='word_1_164' title='bbox 728 2375 832 2419; x_wconf 89' lang='lat' dir='ltr'>casum</span> <span class='ocrx_word' id='word_1_165' title='bbox 844 2376 904 2418; x_wconf 92' lang='lat' dir='ltr'>non</span> <span class='ocrx_word' id='word_1_166' title='bbox 919 2356 1028 2417; x_wconf 89' lang='lat' dir='ltr'>timens</span> <span class='ocrx_word' id='word_1_167' title='bbox 1040 2354 1205 2435; x_wconf 86' lang='lat' dir='ltr'>proprium,</span> <span class='ocrx_word' id='word_1_168' title='bbox 1221 2358 1254 2415; x_wconf 90' lang='lat' dir='ltr'>ut</span> <span class='ocrx_word' id='word_1_169' title='bbox 1266 2373 1386 2416; x_wconf 88' lang='lat' dir='ltr'>sorores</span> 
     </span>
    </p>

    <p class='ocr_par' dir='ltr' id='par_1_8' title="bbox 188 2460 1389 2653">
     <span class='ocr_line' id='line_1_19' title="bbox 188 2460 1389 2544; baseline -0.001 -21"><span class='ocrx_word' id='word_1_170' title='bbox 188 2462 245 2524; x_wconf 90' lang='lat' dir='ltr'>alie</span> <span class='ocrx_word' id='word_1_171' title='bbox 268 2461 466 2544; x_wconf 87' lang='lat' dir='ltr'>precipicium</span> <span class='ocrx_word' id='word_1_172' title='bbox 490 2463 658 2544; x_wconf 88' lang='lat' dir='ltr'>paciantur.</span> <span class='ocrx_word' id='word_1_173' title='bbox 694 2464 811 2527; x_wconf 86' lang='lat' dir='ltr'>Reicite</span> <span class='ocrx_word' id='word_1_174' title='bbox 840 2464 933 2544; x_wconf 84' lang='lat' dir='ltr'>igitur</span> <span class='ocrx_word' id='word_1_175' title='bbox 955 2483 973 2526; x_wconf 91' lang='lat' dir='ltr'>a</span> <span class='ocrx_word' id='word_1_176' title='bbox 996 2460 1082 2525; x_wconf 85' lang='lat' dir='ltr'>vobis</span> <span class='ocrx_word' id='word_1_177' title='bbox 1105 2460 1211 2524; x_wconf 91' lang='lat' dir='ltr'>reicite</span> <span class='ocrx_word' id='word_1_178' title='bbox 1235 2462 1389 2544; x_wconf 83' lang='lat' dir='ltr'>vipperam</span> 
     </span>
     <span class='ocr_line' id='line_1_20' title="bbox 188 2570 1389 2653; baseline -0.002 -22"><span class='ocrx_word' id='word_1_179' title='bbox 188 2588 369 2632; x_wconf 89' lang='lat' dir='ltr'>venenosam</span> <span class='ocrx_word' id='word_1_180' title='bbox 392 2574 423 2632; x_wconf 88' lang='lat' dir='ltr'>et</span> <span class='ocrx_word' id='word_1_181' title='bbox 444 2571 543 2653; x_wconf 91' lang='lat' dir='ltr'>ipsam</span> <span class='ocrx_word' id='word_1_182' title='bbox 567 2571 606 2634; x_wconf 92' lang='lat' dir='ltr'>ad</span> <span class='ocrx_word' id='word_1_183' title='bbox 628 2572 791 2634; x_wconf 86' lang='lat' dir='ltr'>claustrum</span> <span class='ocrx_word' id='word_1_184' title='bbox 809 2570 888 2634; x_wconf 91' lang='lat' dir='ltr'>aliud</span> <span class='ocrx_word' id='word_1_185' title='bbox 907 2570 1008 2642; x_wconf 88' lang='lat' dir='ltr'>eicite,</span> <span class='ocrx_word' id='word_1_186' title='bbox 1029 2570 1054 2631; x_wconf 92' lang='lat' dir='ltr'>si</span> <span class='ocrx_word' id='word_1_187' title='bbox 1072 2570 1179 2649; x_wconf 82' lang='lat' dir='ltr'>angelo</span> <span class='ocrx_word' id='word_1_188' title='bbox 1196 2570 1298 2632; x_wconf 86' lang='lat' dir='ltr'>forsan</span> <span class='ocrx_word' id='word_1_189' title='bbox 1312 2570 1389 2631; x_wconf 89' lang='lat' dir='ltr'>lucis</span> 
     </span>
    </p>
   </div>
   <div class='ocr_carea' id='block_1_3' title="bbox 183 2677 1391 2851">
    <p class='ocr_par' dir='ltr' id='par_1_9' title="bbox 183 2677 1391 2851">
     <span class='ocr_line' id='line_1_21' title="bbox 185 2677 1391 2764; baseline 0.001 -25"><span class='ocrx_word' id='word_1_190' title='bbox 185 2677 338 2746; x_wconf 91' lang='lat' dir='ltr'>adhereat,</span> <span class='ocrx_word' id='word_1_191' title='bbox 356 2677 571 2760; x_wconf 87' lang='lat' dir='ltr'>derelinquens</span> <span class='ocrx_word' id='word_1_192' title='bbox 600 2680 739 2764; x_wconf 82' lang='lat' dir='ltr'>angelum</span> <span class='ocrx_word' id='word_1_193' title='bbox 755 2679 965 2751; x_wconf 89' lang='lat' dir='ltr'>tenebrarum,</span> <span class='ocrx_word' id='word_1_194' title='bbox 989 2679 1074 2742; x_wconf 85' lang='lat' dir='ltr'>cuius</span> <span class='ocrx_word' id='word_1_195' title='bbox 1091 2698 1124 2740; x_wconf 92' lang='lat' dir='ltr'>se</span> <span class='ocrx_word' id='word_1_196' title='bbox 1141 2677 1294 2760; x_wconf 90' lang='lat' dir='ltr'>obsequiis</span> <span class='ocrx_word' id='word_1_197' title='bbox 1311 2681 1391 2740; x_wconf 89' lang='lat' dir='ltr'>tota-</span> 
     </span>
     <span class='ocr_line' id='line_1_22' title="bbox 183 2784 426 2851; baseline 0.004 -4"><span class='ocrx_word' id='word_1_198' title='bbox 183 2785 252 2848; x_wconf 89' lang='lat' dir='ltr'>liter</span> <span class='ocrx_word' id='word_1_199' title='bbox 267 2784 426 2851; x_wconf 80' lang='lat' dir='ltr'>dedicarit.</span> 
     </span>
    </p>
   </div>
   <div class='ocr_carea' id='block_1_4' title="bbox 531 2951 1048 3197">
    <p class='ocr_par' dir='ltr' id='par_1_10' title="bbox 531 2951 1048 3197">
     <span class='ocr_line' id='line_1_23' title="bbox 632 2951 833 3048; baseline 0 -21"><span class='ocrx_word' id='word_1_200' title='bbox 632 2971 634 2976; x_wconf 81' lang='grc'>’</span> <span class='ocrx_word' id='word_1_201' title='bbox 713 2982 716 2987; x_wconf 94' lang='grc'><em>·</em></span> <span class='ocrx_word' id='word_1_202' title='bbox 745 2951 833 3048; x_wconf 83' lang='lat'>18²)</span> 
     </span>
     <span class='ocr_line' id='line_1_24' title="bbox 531 3114 1048 3197; baseline 0 -21"><span class='ocrx_word' id='word_1_203' title='bbox 531 3114 725 3178; x_wconf 72' lang='lat' dir='ltr'>homanorum</span> <span class='ocrx_word' id='word_1_204' title='bbox 748 3133 802 3177; x_wconf 82' lang='lat' dir='ltr'>rex</span> <span class='ocrx_word' id='word_1_205' title='bbox 824 3116 940 3178; x_wconf 75' lang='lat' dir='ltr'>domlno</span> <span class='ocrx_word' id='word_1_206' title='bbox 962 3133 1048 3197; x_wconf 77' lang='lat' dir='ltr'>pape.</span> 
     </span>
    </p>
   </div>
   <div class='ocr_carea' id='block_1_5' title="bbox 525 3233 1060 3289">
    <p class='ocr_par' dir='ltr' id='par_1_11' title="bbox 525 3233 1060 3289">
     <span class='ocr_line' id='line_1_25' title="bbox 525 3233 1060 3289; baseline 0.002 -5"><span class='ocrx_word' id='word_1_207' title='bbox 525 3233 605 3285; x_wconf 80' lang='lat'><strong>1275.</strong></span> <span class='ocrx_word' id='word_1_208' title='bbox 619 3234 766 3289; x_wconf 86' lang='lat' dir='ltr'>December</span> <span class='ocrx_word' id='word_1_209' title='bbox 780 3235 846 3289; x_wconf 86' lang='lat' dir='ltr'>oder</span> <span class='ocrx_word' id='word_1_210' title='bbox 860 3233 939 3289; x_wconf 76' lang='grc'><strong>1276.</strong></span> <span class='ocrx_word' id='word_1_211' title='bbox 952 3236 1060 3289; x_wconf 75' lang='lat' dir='ltr'>ianuar.</span> 
     </span>
    </p>
   </div>
   <div class='ocr_carea' id='block_1_6' title="bbox 191 3336 1396 3680">
    <p class='ocr_par' dir='ltr' id='par_1_12' title="bbox 191 3336 1396 3680">
     <span class='ocr_line' id='line_1_26' title="bbox 198 3336 1394 3411; baseline 0.003 -21"><span class='ocrx_word' id='word_1_212' title='bbox 198 3339 285 3408; x_wconf 78' lang='lat' dir='ltr'>Kdnr&#39;p</span> <span class='ocrx_word' id='word_1_213' title='bbox 303 3336 407 3407; x_wconf 80' lang='lat' dir='ltr'>liudolf</span> <span class='ocrx_word' id='word_1_214' title='bbox 415 3336 565 3407; x_wconf 82' lang='lat' dir='ltr'>cerepriebt</span> <span class='ocrx_word' id='word_1_215' title='bbox 577 3339 635 3392; x_wconf 75' lang='lat' dir='ltr'>dena</span> <span class='ocrx_word' id='word_1_216' title='bbox 654 3341 737 3410; x_wconf 83' lang='lat' dir='ltr'>Papet</span> <span class='ocrx_word' id='word_1_217' title='bbox 758 3341 860 3410; x_wconf 59' lang='grc' dir='ltr'>(ἕτερον</span> <span class='ocrx_word' id='word_1_218' title='bbox 873 3340 914 3402; x_wconf 76' lang='grc' dir='ltr'>Χ,</span> <span class='ocrx_word' id='word_1_219' title='bbox 932 3341 1029 3395; x_wconf 75' lang='lat' dir='ltr'>crinem</span> <span class='ocrx_word' id='word_1_220' title='bbox 1055 3338 1188 3394; x_wconf 81' lang='lat' dir='ltr'>Wunecbe</span> <span class='ocrx_word' id='word_1_221' title='bbox 1203 3345 1327 3411; x_wconf 73' lang='lat' dir='ltr'>peredeo,</span> <span class='ocrx_word' id='word_1_222' title='bbox 1352 3359 1394 3393; x_wconf 86' lang='lat' dir='ltr'>am</span> 
     </span>
     <span class='ocr_line' id='line_1_27' title="bbox 194 3427 1396 3501; baseline 0.002 -21"><span class='ocrx_word' id='word_1_223' title='bbox 194 3427 318 3482; x_wconf 81' lang='lat' dir='ltr'>ndcbaten</span> <span class='ocrx_word' id='word_1_224' title='bbox 351 3427 495 3497; x_wconf 80' lang='lat' dir='ltr'>Oelerfeate</span> <span class='ocrx_word' id='word_1_225' title='bbox 515 3446 577 3484; x_wconf 79' lang='lat' dir='ltr'>,zum</span> <span class='ocrx_word' id='word_1_226' title='bbox 599 3428 732 3499; x_wconf 78' lang='lat' dir='ltr'>Empfanp</span> <span class='ocrx_word' id='word_1_227' title='bbox 753 3430 803 3484; x_wconf 81' lang='lat' dir='ltr'>der</span> <span class='ocrx_word' id='word_1_228' title='bbox 824 3429 1004 3485; x_wconf 81' lang='lat' dir='ltr'>Kaiaerlrrone</span> <span class='ocrx_word' id='word_1_229' title='bbox 1026 3430 1219 3501; x_wconf 75' lang='lat' dir='ltr'>aofzudrecbeo</span> <span class='ocrx_word' id='word_1_230' title='bbox 1245 3431 1301 3484; x_wconf 81' lang='lat' dir='ltr'>arrd</span> <span class='ocrx_word' id='word_1_231' title='bbox 1327 3431 1396 3501; x_wconf 60' lang='grc' dir='ltr'><em>κοῖφι</em></span> 
     </span>
     <span class='ocr_line' id='line_1_28' title="bbox 191 3516 1394 3590; baseline 0.002 -19"><span class='ocrx_word' id='word_1_232' title='bbox 191 3516 245 3571; x_wconf 71' lang='lat' dir='ltr'>alim</span> <span class='ocrx_word' id='word_1_233' title='bbox 263 3534 314 3582; x_wconf 85' lang='lat' dir='ltr'>an,</span> <span class='ocrx_word' id='word_1_234' title='bbox 338 3519 403 3571; x_wconf 82' lang='lat' dir='ltr'>daeo</span> <span class='ocrx_word' id='word_1_235' title='bbox 416 3535 447 3569; x_wconf 87' lang='lat' dir='ltr'>er</span> <span class='ocrx_word' id='word_1_236' title='bbox 468 3516 515 3570; x_wconf 77' lang='lat' dir='ltr'>mit</span> <span class='ocrx_word' id='word_1_237' title='bbox 536 3519 595 3571; x_wconf 87' lang='lat' dir='ltr'>dem</span> <span class='ocrx_word' id='word_1_238' title='bbox 607 3519 710 3589; x_wconf 75' lang='lat' dir='ltr'>Kdna&#39;pe</span> <span class='ocrx_word' id='word_1_239' title='bbox 722 3518 829 3590; x_wconf 79' lang='lat' dir='ltr'>Philipp</span> <span class='ocrx_word' id='word_1_240' title='bbox 843 3521 890 3573; x_wconf 89' lang='lat' dir='ltr'><strong><em>III.</em></strong></span> <span class='ocrx_word' id='word_1_241' title='bbox 909 3538 959 3574; x_wconf 82' lang='lat' dir='ltr'>cora</span> <span class='ocrx_word' id='word_1_242' title='bbox 971 3519 1134 3575; x_wconf 81' lang='lat' dir='ltr'>Fronlcreieh</span> <span class='ocrx_word' id='word_1_243' title='bbox 1152 3520 1210 3573; x_wconf 84' lang='lat' dir='ltr'>eine</span> <span class='ocrx_word' id='word_1_244' title='bbox 1225 3522 1394 3573; x_wconf 83' lang='lat' dir='ltr'>anammen-</span> 
     </span>
     <span class='ocr_line' id='line_1_29' title="bbox 212 3605 1376 3680; baseline 0.003 -19"><span class='ocrx_word' id='word_1_245' title='bbox 212 3607 291 3678; x_wconf 76' lang='lat' dir='ltr'>kunst</span> <span class='ocrx_word' id='word_1_246' title='bbox 306 3605 403 3679; x_wconf 73' lang='lat' dir='ltr'>pehodt</span> <span class='ocrx_word' id='word_1_247' title='bbox 415 3609 471 3661; x_wconf 82' lang='lat' dir='ltr'>aad</span> <span class='ocrx_word' id='word_1_248' title='bbox 482 3607 526 3662; x_wconf 79' lang='lat' dir='ltr'>ein</span> <span class='ocrx_word' id='word_1_249' title='bbox 539 3607 763 3680; x_wconf 80' lang='lat' dir='ltr'>Freundocbafta·</span> <span class='ocrx_word' id='word_1_250' title='bbox 776 3610 834 3663; x_wconf 84' lang='lat' dir='ltr'>uad</span> <span class='ocrx_word' id='word_1_251' title='bbox 848 3608 1071 3664; x_wconf 78' lang='lat' dir='ltr'>Sedutzdr‘tndaioa</span> <span class='ocrx_word' id='word_1_252' title='bbox 1084 3608 1285 3679; x_wconf 75' lang='lat' dir='ltr'>obpeaedloseen</span> <span class='ocrx_word' id='word_1_253' title='bbox 1298 3608 1376 3665; x_wconf 80' lang='lat' dir='ltr'>habe.</span> 
     </span>
    </p>
   </div>
   <div class='ocr_carea' id='block_1_7' title="bbox 195 3734 1395 3923">
    <p class='ocr_par' dir='ltr' id='par_1_13' title="bbox 195 3734 1395 3923">
     <span class='ocr_line' id='line_1_30' title="bbox 284 3734 1395 3817; baseline 0 -20"><span class='ocrx_word' id='word_1_254' title='bbox 284 3734 323 3797; x_wconf 93' lang='lat' dir='ltr'>Ut</span> <span class='ocrx_word' id='word_1_255' title='bbox 349 3735 386 3796; x_wconf 89' lang='lat' dir='ltr'>de</span> <span class='ocrx_word' id='word_1_256' title='bbox 410 3734 493 3796; x_wconf 79' lang='lat' dir='ltr'>felici</span> <span class='ocrx_word' id='word_1_257' title='bbox 518 3740 620 3797; x_wconf 90' lang='lat' dir='ltr'>nostro</span> <span class='ocrx_word' id='word_1_258' title='bbox 645 3755 792 3817; x_wconf 89' lang='lat' dir='ltr'>processu</span> <span class='ocrx_word' id='word_1_259' title='bbox 817 3737 855 3798; x_wconf 91' lang='lat' dir='ltr'>ad</span> <span class='ocrx_word' id='word_1_260' title='bbox 879 3736 1104 3817; x_wconf 88' lang='lat' dir='ltr'>suscipiendum</span> <span class='ocrx_word' id='word_1_261' title='bbox 1128 3737 1165 3798; x_wconf 94' lang='lat' dir='ltr'>de</span> <span class='ocrx_word' id='word_1_262' title='bbox 1189 3736 1395 3799; x_wconf 89' lang='lat' dir='ltr'>sacrosanctis</span> 
     </span>
     <span class='ocr_line' id='line_1_31' title="bbox 195 3840 1395 3923; baseline 0.002 -21"><span class='ocrx_word' id='word_1_263' title='bbox 195 3841 305 3904; x_wconf 88' lang='lat' dir='ltr'>vestris</span> <span class='ocrx_word' id='word_1_264' title='bbox 342 3840 481 3904; x_wconf 88' lang='lat' dir='ltr'>manibus</span> <span class='ocrx_word' id='word_1_265' title='bbox 518 3842 637 3923; x_wconf 92' lang='lat' dir='ltr'>imperii</span> <span class='ocrx_word' id='word_1_266' title='bbox 669 3842 825 3912; x_wconf 91' lang='lat' dir='ltr'>diadema,</span> <span class='ocrx_word' id='word_1_267' title='bbox 862 3841 1001 3906; x_wconf 90' lang='lat' dir='ltr'>absterso</span> <span class='ocrx_word' id='word_1_268' title='bbox 1040 3843 1200 3907; x_wconf 87' lang='lat' dir='ltr'>cuiuslibet</span> <span class='ocrx_word' id='word_1_269' title='bbox 1231 3842 1395 3906; x_wconf 89' lang='lat' dir='ltr'>dubietatis</span> 
     </span>
    </p>
   </div>
   <div class='ocr_carea' id='block_1_8' title="bbox 222 4048 1400 4699">
    <p class='ocr_par' dir='ltr' id='par_1_14' title="bbox 222 4048 1396 4219">
     <span class='ocr_line' id='line_1_32' title="bbox 222 4048 1396 4138; baseline 0.003 -20"><span class='ocrx_word' id='word_1_270' title='bbox 222 4077 246 4136; x_wconf 87' lang='lat'>1)</span> <span class='ocrx_word' id='word_1_271' title='bbox 263 4078 345 4135; x_wconf 82' lang='lat' dir='ltr'>Vergl.</span> <span class='ocrx_word' id='word_1_272' title='bbox 370 4077 415 4120; x_wconf 85' lang='lat' dir='ltr'>den</span> <span class='ocrx_word' id='word_1_273' title='bbox 433 4078 541 4137; x_wconf 80' lang='lat' dir='ltr'>Eingang</span> <span class='ocrx_word' id='word_1_274' title='bbox 566 4078 606 4124; x_wconf 84' lang='lat' dir='ltr'>des</span> <span class='ocrx_word' id='word_1_275' title='bbox 632 4079 723 4123; x_wconf 83' lang='lat' dir='ltr'>Brieles</span> <span class='ocrx_word' id='word_1_276' title='bbox 740 4080 856 4138; x_wconf 80' lang='lat' dir='ltr'>Gregor&#39;s</span> <span class='ocrx_word' id='word_1_277' title='bbox 873 4080 910 4125; x_wconf 80' lang='lat' dir='ltr'>lX.</span> <span class='ocrx_word' id='word_1_278' title='bbox 939 4094 968 4125; x_wconf 86' lang='lat' dir='ltr'>au</span> <span class='ocrx_word' id='word_1_279' title='bbox 993 4081 1037 4125; x_wconf 88' lang='lat' dir='ltr'>deo</span> <span class='ocrx_word' id='word_1_280' title='bbox 1060 4080 1158 4125; x_wconf 83' lang='lat' dir='ltr'>Biscbot</span> <span class='ocrx_word' id='word_1_281' title='bbox 1181 4092 1227 4125; x_wconf 84' lang='lat' dir='ltr'>ron</span> <span class='ocrx_word' id='word_1_282' title='bbox 1248 4048 1396 4137; x_wconf 59' lang='lat' dir='ltr'>(fautorbury</span> 
     </span>
     <span class='ocr_line' id='line_1_33' title="bbox 262 4152 1305 4219; baseline 0.003 -20"><span class='ocrx_word' id='word_1_283' title='bbox 262 4152 407 4202; x_wconf 74' lang='lat' dir='ltr'>baill-Bre&#39;b.</span> <span class='ocrx_word' id='word_1_284' title='bbox 426 4158 453 4210; x_wconf 85' lang='lat' dir='ltr'>V,</span> <span class='ocrx_word' id='word_1_285' title='bbox 471 4159 528 4202; x_wconf 73' lang='lat'><em>32&#39;1.</em></span> <span class='ocrx_word' id='word_1_286' title='bbox 553 4182 577 4191; x_wconf 88' lang='lat'><em>-</em></span> <span class='ocrx_word' id='word_1_287' title='bbox 595 4162 641 4203; x_wconf 78' lang='lat' dir='ltr'>Das</span> <span class='ocrx_word' id='word_1_288' title='bbox 658 4171 733 4216; x_wconf 84' lang='lat' dir='ltr'>ganze</span> <span class='ocrx_word' id='word_1_289' title='bbox 750 4159 907 4204; x_wconf 79' lang='lat' dir='ltr'>Sebriltsldclr</span> <span class='ocrx_word' id='word_1_290' title='bbox 926 4159 956 4202; x_wconf 86' lang='lat' dir='ltr'>ist</span> <span class='ocrx_word' id='word_1_291' title='bbox 973 4159 1080 4206; x_wconf 78' lang='lat' dir='ltr'>offenbar</span> <span class='ocrx_word' id='word_1_292' title='bbox 1096 4162 1147 4205; x_wconf 79' lang='lat' dir='ltr'>eine</span> <span class='ocrx_word' id='word_1_293' title='bbox 1164 4160 1305 4219; x_wconf 77' lang='lat' dir='ltr'>Styliibung.</span> 
     </span>
    </p>

    <p class='ocr_par' dir='ltr' id='par_1_15' title="bbox 226 4232 1400 4699">
     <span class='ocr_line' id='line_1_34' title="bbox 226 4232 1400 4299; baseline 0.004 -19"><span class='ocrx_word' id='word_1_294' title='bbox 226 4232 251 4294; x_wconf 71' lang='grc'>2)</span> <span class='ocrx_word' id='word_1_295' title='bbox 270 4236 320 4281; x_wconf 82' lang='lat' dir='ltr'>Von</span> <span class='ocrx_word' id='word_1_296' title='bbox 345 4238 458 4293; x_wconf 76' lang='lat' dir='ltr'>andater,</span> <span class='ocrx_word' id='word_1_297' title='bbox 482 4242 589 4297; x_wconf 76' lang='lat' dir='ltr'>spaterer</span> <span class='ocrx_word' id='word_1_298' title='bbox 611 4242 674 4284; x_wconf 86' lang='lat' dir='ltr'>lland</span> <span class='ocrx_word' id='word_1_299' title='bbox 697 4242 729 4285; x_wconf 79' lang='lat' dir='ltr'>ist</span> <span class='ocrx_word' id='word_1_300' title='bbox 750 4255 777 4286; x_wconf 86' lang='lat' dir='ltr'>an</span> <span class='ocrx_word' id='word_1_301' title='bbox 800 4243 846 4287; x_wconf 88' lang='lat' dir='ltr'>den</span> <span class='ocrx_word' id='word_1_302' title='bbox 870 4242 957 4287; x_wconf 85' lang='lat' dir='ltr'>oberen</span> <span class='ocrx_word' id='word_1_303' title='bbox 975 4244 1039 4288; x_wconf 84' lang='lat' dir='ltr'>Rand</span> <span class='ocrx_word' id='word_1_304' title='bbox 1061 4244 1102 4287; x_wconf 89' lang='lat' dir='ltr'>des</span> <span class='ocrx_word' id='word_1_305' title='bbox 1120 4243 1206 4287; x_wconf 82' lang='lat' dir='ltr'>ltlattes</span> <span class='ocrx_word' id='word_1_306' title='bbox 1230 4240 1400 4299; x_wconf 81' lang='lat' dir='ltr'>geaohrieben:</span> 
     </span>
     <span class='ocr_line' id='line_1_35' title="bbox 258 4317 1398 4380; baseline 0.004 -18"><span class='ocrx_word' id='word_1_307' title='bbox 258 4318 375 4375; x_wconf 82' lang='lat' dir='ltr'>{acipiunt</span> <span class='ocrx_word' id='word_1_308' title='bbox 392 4320 461 4365; x_wconf 83' lang='lat' dir='ltr'>litere</span> <span class='ocrx_word' id='word_1_309' title='bbox 480 4334 571 4379; x_wconf 81' lang='lat' dir='ltr'>regum,</span> <span class='ocrx_word' id='word_1_310' title='bbox 596 4324 643 4367; x_wconf 86' lang='lat' dir='ltr'>und</span> <span class='ocrx_word' id='word_1_311' title='bbox 666 4324 745 4369; x_wconf 83' lang='lat' dir='ltr'>dieser</span> <span class='ocrx_word' id='word_1_312' title='bbox 767 4338 842 4369; x_wconf 87' lang='lat' dir='ltr'>neuen</span> <span class='ocrx_word' id='word_1_313' title='bbox 865 4317 1014 4370; x_wconf 74' lang='lat' dir='ltr'>liberachrilt</span> <span class='ocrx_word' id='word_1_314' title='bbox 1037 4323 1223 4380; x_wconf 87' lang='lat' dir='ltr'>entspreeheud,</span> <span class='ocrx_word' id='word_1_315' title='bbox 1248 4322 1346 4379; x_wconf 83' lang='lat' dir='ltr'>beginrrt</span> <span class='ocrx_word' id='word_1_316' title='bbox 1363 4336 1398 4367; x_wconf 88' lang='lat' dir='ltr'>am</span> 
     </span>
     <span class='ocr_line' id='line_1_36' title="bbox 257 4400 1400 4466; baseline 0.001 -21"><span class='ocrx_word' id='word_1_317' title='bbox 257 4400 410 4446; x_wconf 85' lang='lat' dir='ltr'>Seiteurande</span> <span class='ocrx_word' id='word_1_318' title='bbox 426 4403 467 4445; x_wconf 85' lang='lat' dir='ltr'>mit</span> <span class='ocrx_word' id='word_1_319' title='bbox 484 4403 571 4448; x_wconf 78' lang='lat' dir='ltr'>diesem</span> <span class='ocrx_word' id='word_1_320' title='bbox 589 4405 668 4449; x_wconf 80' lang='lat' dir='ltr'>Bricfe</span> <span class='ocrx_word' id='word_1_321' title='bbox 686 4405 738 4450; x_wconf 87' lang='lat' dir='ltr'>eine</span> <span class='ocrx_word' id='word_1_322' title='bbox 755 4418 815 4451; x_wconf 87' lang='lat' dir='ltr'>neue</span> <span class='ocrx_word' id='word_1_323' title='bbox 833 4408 939 4466; x_wconf 78' lang='lat' dir='ltr'>Zathlung</span> <span class='ocrx_word' id='word_1_324' title='bbox 957 4407 979 4459; x_wconf 91' lang='lat' dir='ltr'>l,</span> <span class='ocrx_word' id='word_1_325' title='bbox 997 4407 1023 4460; x_wconf 82' lang='lat'>2,</span> <span class='ocrx_word' id='word_1_326' title='bbox 1041 4407 1088 4450; x_wconf 85' lang='lat' dir='ltr'>etc.</span> <span class='ocrx_word' id='word_1_327' title='bbox 1106 4403 1220 4448; x_wconf 80' lang='lat' dir='ltr'>wtbrend</span> <span class='ocrx_word' id='word_1_328' title='bbox 1238 4406 1268 4448; x_wconf 88' lang='lat' dir='ltr'>im</span> <span class='ocrx_word' id='word_1_329' title='bbox 1295 4403 1400 4447; x_wconf 82' lang='lat' dir='ltr'>Context</span> 
     </span>
     <span class='ocr_line' id='line_1_37' title="bbox 259 4479 1399 4547; baseline 0.003 -24"><span class='ocrx_word' id='word_1_330' title='bbox 259 4479 297 4524; x_wconf 86' lang='lat' dir='ltr'>die</span> <span class='ocrx_word' id='word_1_331' title='bbox 317 4482 423 4540; x_wconf 76' lang='lat' dir='ltr'>thlung</span> <span class='ocrx_word' id='word_1_332' title='bbox 440 4482 493 4529; x_wconf 81' lang='lat' dir='ltr'>dist.</span> <span class='ocrx_word' id='word_1_333' title='bbox 514 4481 558 4544; x_wconf 78' lang='lat' dir='ltr'>(is</span> <span class='ocrx_word' id='word_1_334' title='bbox 574 4486 647 4544; x_wconf 84' lang='lat' dir='ltr'>leblt)</span> <span class='ocrx_word' id='word_1_335' title='bbox 668 4487 705 4540; x_wconf 83' lang='lat'>19,</span> <span class='ocrx_word' id='word_1_336' title='bbox 722 4487 761 4540; x_wconf 80' lang='lat'>20,</span> <span class='ocrx_word' id='word_1_337' title='bbox 780 4489 827 4531; x_wconf 85' lang='lat' dir='ltr'>ete.</span> <span class='ocrx_word' id='word_1_338' title='bbox 845 4488 962 4547; x_wconf 74' lang='lat' dir='ltr'>lortgett,</span> <span class='ocrx_word' id='word_1_339' title='bbox 980 4487 1017 4531; x_wconf 82' lang='lat' dir='ltr'>dte</span> <span class='ocrx_word' id='word_1_340' title='bbox 1035 4486 1079 4531; x_wconf 86' lang='lat' dir='ltr'>wir</span> <span class='ocrx_word' id='word_1_341' title='bbox 1095 4485 1204 4532; x_wconf 85' lang='lat' dir='ltr'>desshalb</span> <span class='ocrx_word' id='word_1_342' title='bbox 1222 4486 1266 4529; x_wconf 87' lang='lat' dir='ltr'>und</span> <span class='ocrx_word' id='word_1_343' title='bbox 1289 4485 1344 4529; x_wconf 86' lang='lat' dir='ltr'>weil</span> <span class='ocrx_word' id='word_1_344' title='bbox 1362 4484 1399 4528; x_wconf 86' lang='lat' dir='ltr'>sie</span> 
     </span>
     <span class='ocr_line' id='line_1_38' title="bbox 259 4555 1399 4626; baseline 0.004 -21"><span class='ocrx_word' id='word_1_345' title='bbox 259 4561 302 4606; x_wconf 87' lang='lat' dir='ltr'>der</span> <span class='ocrx_word' id='word_1_346' title='bbox 326 4563 437 4608; x_wconf 75' lang='lat' dir='ltr'>truberen</span> <span class='ocrx_word' id='word_1_347' title='bbox 455 4555 615 4610; x_wconf 73' lang='lat' dir='ltr'>libersobriltr</span> <span class='ocrx_word' id='word_1_348' title='bbox 642 4568 714 4625; x_wconf 85' lang='lat' dir='ltr'>locip.</span> <span class='ocrx_word' id='word_1_349' title='bbox 740 4570 809 4613; x_wconf 87' lang='lat' dir='ltr'>litere</span> <span class='ocrx_word' id='word_1_350' title='bbox 833 4570 999 4626; x_wconf 85' lang='lat' dir='ltr'>imperatorum</span> <span class='ocrx_word' id='word_1_351' title='bbox 1023 4562 1176 4626; x_wconf 79' lang='lat' dir='ltr'>et&#39;regum</span> <span class='ocrx_word' id='word_1_352' title='bbox 1198 4568 1399 4613; x_wconf 82' lang='lat' dir='ltr'>Romanorum</span> 
     </span>
     <span class='ocr_line' id='line_1_39' title="bbox 260 4644 667 4699; baseline 0.02 -14"><span class='ocrx_word' id='word_1_353' title='bbox 260 4644 402 4699; x_wconf 84' lang='lat' dir='ltr'>entapricbt,</span> <span class='ocrx_word' id='word_1_354' title='bbox 420 4647 565 4690; x_wconf 83' lang='lat' dir='ltr'>beibehalten</span> <span class='ocrx_word' id='word_1_355' title='bbox 583 4648 667 4693; x_wconf 84' lang='lat' dir='ltr'>baben.</span> 
     </span>
    </p>
   </div>
   <div class='ocr_carea' id='block_1_9' title="bbox 260 4727 1179 4781">
    <p class='ocr_par' dir='ltr' id='par_1_16' title="bbox 260 4727 1179 4781">
     <span class='ocr_line' id='line_1_40' title="bbox 260 4727 1179 4781; baseline 0.004 -5"><span class='ocrx_word' id='word_1_356' title='bbox 260 4732 436 4779; x_wconf 66' lang='lat' dir='ltr'>ponteonem.</span> <span class='ocrx_word' id='word_1_357' title='bbox 450 4736 608 4780; x_wconf 62' lang='lat' dir='ltr'>reamur.</span> <span class='ocrx_word' id='word_1_358' title='bbox 1145 4727 1179 4781; x_wconf 73' lang='lat' dir='ltr'>lt</span> 
     </span>
    </p>
   </div>
   <div class='ocr_carea' id='block_1_10' title="bbox 0 0 1645 5392">
    <p class='ocr_par' dir='ltr' id='par_1_17' title="bbox 0 0 1645 5392">
     <span class='ocr_line' id='line_1_41' title="bbox 0 0 1645 5392; baseline 0 0"><span class='ocrx_word' id='word_1_359' title='bbox 0 0 1645 5392; x_wconf 95' lang='lat' dir='ltr'> </span> 
     </span>
    </p>
   </div>
  </div>
 </body>
</html>
