3209 5392
213 543 290 612 3513

216 733 267 816 qni
284 753 352 795 eum
368 733 452 796 unxit
467 755 521 817 pre
537 735 674 799 omnihus
690 735 880 798 consortibus
902 735 966 798 suis
988 736 1125 816 argentei
1140 737 1274 820 pectoris
1297 738 1424 800 sonori·

218 846 283 904 tate
310 840 342 905 in
368 841 536 922 prudencia
547 844 588 924 α)
616 849 646 907 et
675 839 807 912 divitiis,
834 843 929 911 ferro,
957 842 1017 906 hoe
1045 847 1092 906 est
1117 844 1277 908 victorioso
1305 844 1424 908 milicie

218 950 335 1032 gladio,
373 968 409 1012 ac
441 969 509 1021 ere,
545 950 604 1013 hoc
636 956 683 1014 est
713 950 792 1014 omni
811 949 851 1036 h)
882 949 1027 1012 virtutum
1056 952 1217 1035 preconio,
1249 952 1425 1036 insignivit,

222 1064 371 1142 quatenus
385 1057 474 1121 sicin
490 1077 607 1121 omnem
623 1064 734 1122 terram
751 1063 782 1122 et
797 1058 828 1120 in
843 1057 918 1122 lines
935 1058 1018 1123 orbis
1033 1063 1115 1122 terre
1131 1081 1223 1125 sonus
1239 1061 1307 1125 eius
1325 1063 1427 1125 exiret

220 1169 253 1229 in
272 1168 313 1254 c)
332 1167 458 1251 imperio
475 1167 613 1230 stabilem
631 1172 660 1229 et
676 1189 731 1251 per
747 1167 850 1231 secula
865 1169 982 1230 iaceret
997 1167 1169 1249 gloriosum.
1202 1169 1279 1233 Hinc
1294 1170 1428 1253 imperi-

228 1277 285 1340 alis
307 1280 409 1340 vestre
431 1275 598 1339 maiestatis
620 1275 801 1338 excellencie
823 1275 1001 1339 inclinantes
1029 1280 1059 1339 et
1081 1276 1119 1340 ad
1146 1277 1287 1340 threnum
1315 1278 1428 1360 gracie

220 1389 320 1447 vestre
349 1383 511 1466 singularis
528 1383 569 1466 d)
592 1387 622 1446 et
649 1384 780 1466 denique
801 1384 884 1447 orbis
907 1384 1084 1447 universalis
1106 1403 1175 1447 cum
1197 1384 1307 1449 fiducia
1332 1406 1429 1450 acce-

224 1493 347 1562 dentes,
376 1491 530 1562 civitates,
548 1496 659 1561 castra,
682 1511 801 1555 omnem
817 1491 1021 1554 substanciam
1037 1491 1075 1579 e]
1092 1497 1123 1556 et
1137 1512 1283 1574 personas
1300 1498 1429 1558 nostras

225 1600 312 1664 vobis
345 1599 530 1662 confidenter
558 1599 728 1670 offerimus,
756 1600 814 1662 rati
841 1601 921 1682 quod
947 1599 1146 1688 auxiliumf)
1174 1600 1368 1665 inveniamus
1396 1602 1430 1663 in

226 1708 336 1772 auxilio
354 1713 512 1792 oportuno,
529 1707 667 1791 quidum
689 1707 727 1771 ah
751 1707 856 1771 alienis
878 1707 1013 1790 possessi
1036 1707 1163 1771 dominis
1184 1709 1288 1790 iugum
1309 1712 1430 1793 impor-

225 1816 317 1880 tabile
336 1820 535 1900 portaremus,
552 1816 584 1879 in
599 1817 711 1879 misera
726 1821 798 1878 tunc
814 1817 919 1898 utique
935 1815 1085 1878 extitimus
1102 1816 1255 1879 servitute.
1272 1818 1431 1883 Firmetur

227 1928 412 2007 quapropter
429 1923 595 1986 clemencia
610 1926 736 1986 thronus
752 1923 847 2004 regis,
870 1926 901 1985 et
922 1922 992 1985 dum
1014 1922 1053 1985 ah
1075 1923 1180 1986 alienis
1203 1923 1242 1985 ad
1257 1925 1430 2008 proprium,

112 2074 115 2087 ‹
228 2033 266 2096 de
282 2034 383 2096 multis
400 2033 437 2095 ad
462 2052 554 2096 unum
569 2034 611 2120 p)
634 2034 852 2104 convertimur,
881 2032 961 2095 salus
984 2036 1087 2095 nostra
1108 2032 1138 2093 iu
1161 2051 1250 2094 manu
1265 2037 1373 2096 vestra
1390 2029 1431 2093 sit

230 2141 366 2205 domine!
384 2147 414 2204 et
430 2141 509 2203 oculi
524 2140 646 2223 pietatis
662 2144 763 2204 vestre
784 2159 839 2202 nos
862 2138 1044 2222 respiciant,
1066 2143 1099 2203 ut
1125 2138 1225 2202 securi
1247 2138 1431 2202 famulemur

177 2265 180 2272 ·
229 2251 310 2312 omni
326 2256 461 2333 tempore
477 2249 543 2331 regi
559 2252 672 2311 nostro.

328 2430 530 2499 l'ollstandiger
543 2433 609 2483 chen
624 2446 649 2498 p.
664 2427 718 2481 320
730 2444 771 2482 no.
785 2425 820 2478 21
835 2426 881 2480 mit
893 2426 938 2497 qui
951 2432 1078 2498 vergente
1096 2426 1257 2497 heginnend,
1275 2427 1347 2481 noch
1362 2426 1432 2480 roll-

233 2523 376 2592 standiger
388 2514 440 2574 und
455 2520 503 2573 vie
516 2519 574 2573 hier
585 2519 734 2587 heginnend
749 2517 865 2573 Gerhert
877 2519 904 2580 Ζ,
917 2519 935 2571 7
948 2517 1000 2569 uod
1014 2518 1148 2571 Bodmaon
1160 2532 1188 2586 p.
1200 2516 1244 2570 23.

802 2690 837 2761 7.

547 2869 742 2932 homanorum
757 2888 811 2932 rex
827 2869 963 2933 tidellbns
979 2869 1042 2932 suls
1058 2872 1114 2933 etc.

338 3027 426 3100 Konip
438 3026 542 3098 liudolf
549 3026 702 3098 verapricbt
711 3026 804 3080 ceinen
817 3025 1042 3098 Reiebspetreuen
1055 3027 1127 3081 Huld
1138 3027 1196 3081 ond
1209 3024 1313 3080 Sobata

322 3173 444 3232 Gerhert,
460 3171 485 3235 1,
500 3171 543 3225 15.

321 3319 367 3381 Ad
381 3319 507 3382 Romani
522 3316 609 3400 reg'ni
625 3317 832 3400 gubernacula
847 3318 947 3380 vocati
962 3317 1042 3382 illius
1058 3319 1233 3391 vocacione,
1251 3319 1302 3402 qui
1319 3338 1429 3402 super·

231 3427 338 3490 borum
353 3427 542 3508 fastigiosum
559 3426 731 3508 superbiam
748 3426 874 3495 elidens,
898 3425 1037 3489 devotam
1059 3426 1256 3489 humilitatem
1271 3426 1428 3489 humilium

233 3535 361 3599 collocat
377 3534 407 3596 in
425 3533 554 3605 sublimi,
571 3539 671 3596 mente
688 3534 885 3617 disponimus,
904 3537 933 3595 et
948 3534 1086 3616 pervigili
1107 3534 1307 3598 meditacione
1328 3535 1429 3598 revol-

232 3644 340 3713 vimus,
366 3641 495 3725 qualiter
515 3641 546 3704 in
569 3642 687 3705 excelso
708 3661 765 3723 per
786 3641 939 3705 excelsum
962 3646 993 3704 et
1015 3641 1172 3705 sublimem
1192 3661 1299 3724 regem
1320 3663 1427 3725 regum

233 3751 401 3815 maiestatis
418 3751 492 3814 solio
510 3750 675 3821 constituti,
698 3751 729 3811 in
744 3749 964 3813 reformacione
980 3750 1077 3833 pacis,
1094 3750 1153 3812 iam
1177 3750 1287 3813 dudum
1309 3750 1427 3832 disper-

234 3862 307 3934 dite,
322 3860 490 3945 reipublice
507 3859 707 3931 consulamus,
724 3879 936 3943 oppressorum
952 3860 1098 3923 hactenus
1116 3865 1146 3923 et
1162 3860 1307 3925 subiectis
1323 3866 1427 3942 tyran·
1462 3943 1466 3951 Ι

234 3988 339 4033 norum
363 3967 514 4051 tyrannidi
531 3967 732 4051 dispendiosis
753 3967 897 4049 periculis
921 3966 1044 4030 caucius
1067 3987 1242 4038 caveamus,
1271 3973 1428 4050 sperantes

160 4108 164 4119 =
236 4100 272 4142 ex
287 4077 345 4141 hoc
362 4081 394 4140 et
409 4075 441 4138 in
456 4075 525 4140 talis
540 4073 580 4160 b)
598 4095 695 4157 agone
712 4075 897 4145 certaminis,
915 4076 1010 4157 quii)
1028 4079 1157 4138 mentem
1174 4075 1281 4157 affligit
1303 4076 1428 4140 interius

236 4193 267 4252 et
283 4187 414 4269 quietem
430 4184 570 4249 sensibus
587 4183 785 4247 exterioribus
807 4203 866 4246 non
890 4183 1047 4254 concedit,
1075 4203 1236 4266 supernum
1253 4183 1340 4248 nobis
1356 4204 1427 4268 pro-

237 4295 340 4360 venire
357 4292 524 4359 subsidium
542 4297 572 4354 et
587 4291 710 4355 humani
725 4291 837 4355 favoris
854 4292 1040 4354 incremento
1056 4289 1204 4375 proficere
1227 4313 1282 4355 nos
1306 4292 1426 4357 debere.

328 4478 362 4546 a)
394 4476 538 4547 prudencia
572 4471 720 4529 Salomonis
756 4471 891 4528 Bodmann
926 4472 980 4525 und
1010 4473 1078 4526 oben
1113 4486 1140 4539 p.
1172 4469 1226 4522 320
1257 4487 1299 4524 no.
1325 4470 1369 4523 21.
1398 4500 1426 4510 -

236 4569 269 4638 h)
294 4568 406 4621 omnium
429 4567 456 4619 Ζ.
480 4597 513 4606 -
537 4565 568 4636 e)
592 4566 618 4618 in
638 4563 881 4634 dhergesehriehen
902 4563 932 4617 V.
956 4568 983 4617 et
1010 4563 1036 4615 in
1055 4562 1083 4614 Z.
1112 4590 1139 4600 --
1170 4560 1206 4628 d)
1229 4562 1316 4614 vestre
1340 4562 1430 4614 nomer

237 4657 386 4728 singularis.
405 4658 432 4710 Z.
452 4686 484 4694 -
504 4657 534 4726 e)
554 4657 602 4710 sed
620 4660 647 4710 et
665 4656 692 4708 Z.
710 4685 737 4694 -
751 4654 784 4726 f)
798 4652 870 4725 quod
889 4654 1005 4725 graciam
1028 4653 1079 4706 inv.
1099 4649 1127 4704 Ζ.
1145 4680 1173 4690 -
1189 4652 1227 4722 9)
1245 4668 1324 4704 unum
1344 4650 1430 4707 domi·

240 4767 301 4806 num
316 4749 383 4804 oben
396 4766 423 4819 p.
437 4746 502 4814 320,
516 4766 558 4802 no.
573 4749 617 4805 21.
637 4773 672 4786 -
690 4743 725 4815 b)
740 4744 786 4798 tali
800 4745 828 4798 Z.
846 4742 1083 4813 -vquevrrno
1099 4741 1126 4794 Z.
