3209 5392
284 504 336 578 dd

371 682 515 748 Aliorum
543 684 686 752 iudicum
715 696 927 759 eaeecutorec,
962 685 1127 749 secundum
1156 686 1237 769 quod
1264 704 1368 749 eorum
1396 685 1481 749 litere

280 790 445 864 continent,
461 791 575 873 largam
591 791 704 858 babent
720 794 931 858 auctoritatem
948 795 993 858 rel
1011 794 1159 866 strictam,
1176 793 1236 858 boc
1253 798 1300 856 est
1315 793 1481 858 secundum

282 899 362 985 quod
376 899 463 964 litera
480 900 558 965 solet
573 901 612 981 a)
630 922 698 966 esse
714 903 867 991 generalis
883 903 930 967 vel
946 903 1097 986 specialis.
1132 903 1166 968 Si
1183 901 1263 966 enim
1280 901 1392 968 dicitur
1411 923 1484 986 „per

281 1028 439 1073 censuram
464 1009 723 1075 ecclesiasticam“
747 1011 924 1094 intelligitur
946 1010 1034 1077 omne
1056 1010 1144 1085 illud,
1173 1009 1254 1095 quod
1275 1012 1415 1095 superius
1438 1019 1485 1079 est

281 1136 464 1201 expressum.
498 1118 533 1183 Si
549 1123 648 1182 autem
664 1118 695 1182 in
716 1121 820 1202 specie
841 1140 918 1204 pena
942 1119 1132 1204 exprimitur,
1159 1118 1299 1201 infligere
1325 1122 1430 1203 potest
1445 1120 1483 1208 d)

280 1232 423 1292 executor
440 1231 471 1290 et
486 1226 562 1292 ultra
578 1247 648 1300 non,
666 1228 734 1311 quia
756 1229 928 1295 mandatum
951 1236 982 1293 et
1003 1228 1080 1292 lines
1102 1227 1235 1292 mandati
1258 1227 1408 1294 excedere
1424 1251 1485 1294 non

282 1342 329 1402 est
343 1342 448 1402 tutum.
480 1337 555 1400 ltern
571 1337 738 1412 sciendum,
755 1341 837 1423 quod
853 1339 1022 1405 executoris
1035 1345 1156 1404 nonest
1169 1356 1369 1421 cognoscere,
1386 1345 1485 1406 utrum

280 1446 436 1511 sentencia
451 1444 490 1510 sit
507 1465 585 1530 equa
610 1432 658 1509 vel
684 1447 805 1531 iniqua,
833 1448 903 1533 quia
931 1448 959 1512 ei
985 1454 1101 1513 tanturn
1129 1447 1284 1522 execucio,
1307 1469 1368 1514 non
1391 1458 1487 1515 causa

281 1554 468 1639 cognicionis
485 1554 652 1637 delegatur,
663 1555 752 1622 immo
766 1557 862 1621 eciam
875 1558 1061 1623 sentenciam
1072 1559 1204 1643 iniquam
1216 1563 1336 1623 tenetur
1348 1561 1484 1644 exsequi,

281 1664 416 1750 quamvis
432 1663 470 1750 c)
486 1663 576 1729 latam
592 1666 769 1749 cognoverit
789 1666 888 1730 minus
904 1666 995 1740 iuste,
1017 1668 1075 1732 nisi
1098 1667 1292 1752 supplicando
1321 1667 1359 1732 ab
1384 1668 1485 1736 officio

1595 1558 1598 1575 l

282 1773 473 1839 execucionis
490 1793 523 1836 se
539 1774 637 1839 valeat
654 1772 783 1856 eripere.
806 1776 839 1839 ln
856 1777 1089 1841 execucionihus
1107 1776 1218 1841 domini
1233 1795 1311 1860 pape
1333 1798 1486 1862 nunquam
1594 1810 1597 1863 p

282 1885 327 1949 vel
352 1904 421 1947 raro
448 1883 583 1947 invenies
611 1882 793 1957 obmissum,
827 1885 899 1968 quin
915 1904 1036 1968 semper
1051 1885 1093 1949 ita
1116 1885 1233 1950 dicatur
1251 1887 1481 1969 „appellacione

281 1997 415 2057 remota“
425 1997 456 2057 et
468 1992 526 2056 boc
539 1991 608 2055 ideo
621 1997 679 2064 est,
694 1990 836 2075 quianon
850 1999 897 2056 est
909 1994 947 2057 ab
961 1993 1171 2058 executoribus
1184 1993 1406 2076 appellandum,
1423 1995 1483 2058 nisi

279 2102 356 2166 forte
373 2101 463 2165 iidem
478 2101 598 2165 modum
613 2101 660 2164 vel
677 2101 849 2165 mandatum
871 2102 1027 2166 excedant.
1045 2140 1089 2151 —
1106 2102 1179 2167 ltern
1195 2123 1255 2166 non
1272 2101 1376 2175 credo,
1399 2105 1482 2187 quod

280 2211 477 2295 inpersonam
485 2210 655 2276 executoris
669 2210 729 2283 illa,
738 2216 842 2276 contra
856 2228 945 2296 quam
958 2211 1045 2276 datur
1057 2211 1212 2284 execucio,
1225 2212 1322 2294 possit
1330 2213 1485 2296 excipere,

280 2320 337 2384 nisi
359 2320 437 2385 forte
458 2319 526 2384 talis
550 2310 736 2403 competeret
757 2320 913 2403 exceptio,
942 2339 1000 2405 que
1017 2323 1103 2384 esset
1119 2320 1254 2394 notoria,
1278 2339 1367 2404 quam
1385 2322 1485 2385 eciam

281 2430 413 2495 ecclesia
435 2431 601 2495 nullatenus
622 2435 794 2513 pateretur,
817 2428 960 2495 uidelicet
982 2429 1008 2492 si
1031 2436 1114 2494 essct
1138 2429 1414 2494 excommunicatus
1440 2433 1486 2494 rel

280 2537 470 2624 symoniacus
485 2539 532 2602 vel
547 2539 621 2602 alias
638 2539 826 2603 criminosus.
859 2540 898 2604 ut
913 2540 972 2604 hoc
990 2538 1058 2602 ideo
1074 2538 1215 2622 quoniam
1237 2545 1379 2604 executor
1402 2546 1486 2605 motu

282 2647 404 2733 proprio
421 2646 511 2712 nichil
529 2648 611 2711 lacit.
1153 2635 1155 2638 ⁴

371 2778 444 2842 Item
460 2775 623 2840 notandum
639 2775 719 2859 quod
732 2775 970 2841 executoriarum
987 2776 1044 2839 alia
1056 2778 1290 2844 condicionalis
1305 2777 1363 2840 alia
1379 2799 1483 2843 merc.

283 2888 552 2958 Condicioionclic
568 2892 625 2961 est,
642 2886 760 2972 quando
776 2887 897 2970 ponitur
908 2886 958 2950 illa
971 2888 1118 2951 clausula:
1138 2887 1276 2963 ,scilicet
1288 2887 1315 2950 si
1327 2887 1355 2951 ei
1371 2889 1487 2973 aliquid

280 2998 456 3064 canonicum
472 3019 532 3062 non
549 2997 695 3062 obsistat“
716 3001 746 3061 et
761 2996 822 3060 hoc
838 2994 995 3061 consucvit
1011 2999 1082 3081 poni
1107 2998 1139 3061 in
1162 2998 1329 3063 donacionc
1346 2999 1481 3082 preben-

281 3110 393 3173 darum.
426 3109 458 3171 ln
485 3107 544 3170 hoc
571 3113 673 3170 tamen
701 3124 774 3169 casu
790 3103 832 3192 d)
850 3113 1027 3170 executores
1054 3106 1133 3171 bene
1159 3106 1272 3171 debent
1294 3126 1486 3191 cognoscere
1591 3154 1595 3165 .

281 3220 319 3283 de
336 3215 580 3301 excepoionibus,
598 3234 656 3300 que
673 3215 843 3299 apartibus
861 3221 1021 3298 ponuntur.
1039 3216 1131 3281 Verbi
1148 3217 1261 3299 gracia.

682 3474 786 3538 llcrma
802 3475 974 3538 exacutorle
992 3492 1080 3539 merc.
1134 3465 1141 3478 '

370 3635 406 3735 n.
426 3667 462 3755 e)
485 3669 542 3734 ner
565 3668 669 3752 gram
685 3667 725 3755 f)
742 3668 837 3732 arras
861 3675 892 3733 et
914 3670 946 3734 s.
970 3669 1052 3751 prior
1073 3668 1142 3733 talis
1158 3669 1347 3742 monastero,
1364 3668 1482 3734 luricas
1594 3704 1595 3709 κ

280 3804 306 3846 a.
325 3803 349 3844 s.
373 3779 538 3863 apostolica
561 3778 703 3860 delegati,
726 3777 845 3842 dilectis
869 3778 900 3841 in
924 3778 1044 3843 Christo
1061 3779 1133 3842 viris
1149 3779 1190 3866 9)
1206 3780 1239 3842 Α.
1263 3786 1294 3844 et
1316 3780 1355 3842 M.
1373 3780 1483 3844 talibus

279 3890 414 3975 plebanis
431 3890 566 3952 salutem.
600 3888 675 3952 Cum
692 3888 722 3949 in
739 3907 842 3961 causa,
860 3906 918 3971 que
934 3887 1061 3951 vertitur
1076 3887 1156 3953 inter
1178 3888 1309 3953 nobilem
1331 3889 1430 3953 virum
1449 3889 1481 3952 C.
1594 3930 1595 3935 κ

280 4023 316 4066 ex
327 4008 412 4086 parte
425 4021 483 4064 una
496 4002 568 4065 etll.
580 4000 677 4064 civem
689 4004 817 4082 exparte
829 4001 934 4072 altera,
948 4020 1038 4083 super
1051 3999 1176 4064 decimis
1188 4001 1257 4064 talis
1270 4001 1349 4072 ville,
1365 4000 1453 4064 nobis
1467 4020 1483 4062 a

279 4111 353 4175 sede
374 4108 540 4193 apostolica
557 4107 765 4190 subdelegato,
787 4108 864 4172 adeo
887 4108 928 4172 sit
936 4129 1144 4217 processum,
1172 4109 1252 4193 quod
1268 4108 1349 4172 idem
1372 4109 1483 4173 nobilis

280 4217 504 4303 possessionem
521 4216 653 4280 debitam
668 4216 843 4299 probaverit
864 4236 965 4281 coram
983 4217 1082 4291 nobis,
1100 4218 1145 4281 sic
1162 4218 1242 4300 quod
1261 4216 1361 4280 eidem
1378 4217 1482 4280 eadem

279 4327 433 4412 possessio
452 4327 490 4392 sit
506 4325 675 4390 adiudicata
691 4325 764 4389 iuris
782 4326 887 4390 ordine
903 4332 936 4391 ut
952 4326 1091 4400 decebat,
1107 4327 1245 4410 predicto
1270 4325 1327 4389 civi
1345 4326 1482 4390 dedimus

279 4437 311 4501 in
332 4436 491 4509 mandatis,
513 4440 545 4500 ut
566 4439 636 4517 post
658 4434 872 4519 recepcionem
888 4436 1019 4499 mandati
1036 4436 1114 4499 infra
1130 4435 1183 4500 XV
1207 4435 1272 4498 dies
1287 4435 1450 4500 recederet
1466 4456 1481 4498 a

367 4651 1480 4727 offlmssmwmb-Ummffoewnmb—meffi-

277 4745 1220 4820 oda-fimmmmmMMmb-ffmmfflffimz
1337 4738 1343 4749 ’

1593 3988 1594 4035 l

1593 4058 1594 4101 l

1593 4104 1594 4145 l

1592 4156 1594 4177 l

1592 4236 1594 4279 l

1593 4316 1594 4353 l

1592 4358 1594 4397 l

1592 4462 1593 4507 l

1592 4510 1593 4551 l

1590 4560 1593 4603 l

1591 4787 1593 4823 l

1591 4834 1592 4859 l
