3209 5392
1302 515 1378 583 263

190 685 521 766 penditurcouiectura,
538 688 618 769 quod
636 689 732 752 tocius
750 689 831 751 orbis
850 687 978 751 ambitus
993 686 1210 771 quodammodo
1226 688 1381 773 spirituo)

190 797 348 874 vegetatur
371 794 500 875 imperii,
524 799 556 857 ut
580 815 615 857 eo
632 797 795 876 languente
812 797 975 876 langueat,
997 796 1123 879 ipsoque
1140 796 1251 857 letetur
1265 795 1382 856 felicius

189 907 396 984 prosperante,
405 904 689 988 eumnonb)solurn
703 904 958 986 intemporalibus
966 904 1106 967 tenebras
1115 904 1217 985 populi
1227 887 1382 966 christiani

189 1011 314 1074 Romani
330 1012 443 1092 sceptri
460 1012 559 1094 fulgor
575 1012 736 1085 illuminet,
765 1012 819 1093 sed
837 1018 867 1075 et
883 1014 940 1094 ipsi
957 1011 1027 1075 fidei
1042 1012 1193 1074 katholice
1209 1012 1384 1075 fulcimenta

188 1138 247 1180 non
263 1118 341 1179 levia
357 1118 574 1182 subministret.
607 1121 712 1190 Porro,
730 1120 844 1182 sedatis
862 1120 901 1183 ad
917 1140 1044 1201 presens
1060 1120 1091 1181 in
1107 1139 1202 1200 reguo
1220 1119 1382 1181 Germanic

187 1224 296 1288 bellice
328 1226 515 1307 tempestatis
546 1225 739 1298 horroribus,
771 1227 881 1310 quibus
913 1227 993 1289 idem
1020 1227 1147 1307 regnum
1175 1227 1235 1288 iam
1266 1224 1383 1308 pridem

77 1368 82 1374 -
188 1332 286 1394 extitit
307 1331 338 1394 in
360 1333 531 1395 calamitate
547 1334 674 1414 pristina
690 1334 876 1406 tribulatum,
902 1354 975 1397 ecce
993 1335 1196 1397 convertimur
1213 1334 1251 1396 ad
1267 1333 1383 1396 Ytalice

188 1441 348 1503 simultatis
370 1439 514 1504 solvenda
538 1441 710 1505 discrimina
739 1443 855 1505 eteius
879 1447 1002 1524 rupture
1026 1442 1191 1505 domestice
1214 1441 1382 1524 reipublice

188 1549 360 1613 turbatricis
389 1549 533 1611 zizaniam
560 1552 679 1631 penitus
709 1551 931 1633 extirpandum,
962 1557 994 1614 ut
1027 1550 1120 1632 gladii
1154 1551 1324 1613 condentur
1350 1551 1382 1613 in

187 1678 323 1721 vomeres
337 1662 367 1720 et
378 1659 409 1720 iu
422 1659 517 1722 falces
533 1659 640 1721 lancee
656 1664 871 1722 convertantur
882 1659 920 1745 1),
937 1660 1097 1742 tranquille
1114 1660 1198 1740 pacis
1222 1659 1384 1722 amenitate

189 1764 226 1826 de
244 1769 346 1827 cetero
363 1765 533 1827 reflorente.
562 1766 639 1828 llinc
657 1770 704 1827 est
721 1765 802 1848 quod
819 1765 1043 1828 ambassatores
1061 1770 1181 1828 nostros
1195 1766 1231 1827 N.
1251 1770 1282 1828 et
1293 1765 1329 1827 H.
1344 1764 1382 1850 γ)

189 1872 369 1935 exhibitores
392 1873 599 1954 presencium,
627 1874 707 1935 viros
737 1873 840 1954 utique
868 1877 930 1935 tam
954 1873 1167 1954 generositatis
1196 1873 1384 1953 ingenuitate

187 1980 381 2066 spectabiles,
404 1999 494 2063 quam
515 1979 663 2041 bonorum
686 1985 716 2042 et
739 1999 855 2043 morum
883 1981 1077 2063 prerogativa
1100 1980 1385 2061 conspicuos,'nec

187 2108 247 2150 non
265 2094 295 2150 et
311 2087 370 2150 lide
394 2092 425 2149 et
447 2088 720 2169 circumspectione
744 2088 921 2169 presignes,
950 2088 989 2152 ad
1010 2092 1115 2170 partes
1131 2087 1228 2149 Ytalie
1247 2086 1384 2149 duximus

186 2194 418 2276 premitteudos,
435 2200 469 2257 ut
487 2200 556 2257 ante
573 2196 683 2258 taciem
701 2202 837 2258 nostram
858 2196 937 2258 viam
959 2196 1112 2258 strennuis
1137 2170 1385 2276 dispositionibus

186 2308 397 2385 preparantes,
415 2302 453 2364 de
470 2308 573 2365 nostro
590 2303 671 2386 felici
689 2308 720 2365 et
736 2304 845 2365 festivo
864 2305 995 2367 adventu
1012 2302 1223 2367 cordavestra
1240 2301 1387 2365 letificent

186 2417 217 2473 et
234 2410 270 2472 de
287 2412 398 2473 nostris
415 2411 575 2473 fortunatis
593 2411 736 2493 auspiciis
753 2432 808 2474 vos
824 2412 989 2475 secundent
1002 2412 1046 2498 δ).
1060 2412 1120 2475 Vos
1138 2411 1242 2491 igitur,
1259 2411 1291 2473 in
1308 2429 1384 2493 quos

187 2521 327 2601 proavita
354 2521 537 2585 strennuitas
566 2521 645 2584 vires
675 2526 706 2583 et
733 2520 834 2584 viriles
864 2521 980 2584 animos
1002 2520 1229 2602 propagacione
1251 2517 1386 2600 gratuita

187 2627 342 2698 derivavit,
364 2629 509 2709 exurgite,
532 2648 705 2710 quesumus,
728 2634 759 2690 et
781 2628 891 2710 erigite
914 2633 1030 2691 mentes
1056 2634 1174 2690 vestras
1192 2626 1231 2690 ad
1248 2632 1385 2688 contem·

185 2735 328 2817 plaudam
351 2736 469 2818 imperii
491 2737 625 2817 speciem
648 2740 678 2798 et
701 2736 855 2807 decorem,
877 2755 942 2808 vos,
964 2736 1097 2818 inquam,
1115 2735 1251 2798 eiusdem
1268 2734 1385 2815 imperii

186 2844 327 2924 graciosa
359 2844 514 2924 possessio
542 2848 676 2906 vestrum
699 2844 857 2924 agnoscite
880 2863 1105 2926 possessorem,
1143 2848 1177 2905 ut
1203 2862 1256 2903 rex
1284 2846 1386 2905 vester

186 2951 353 3014 rebellibus
368 2951 568 3014 formidabilis
586 2958 617 3014 et
632 2951 718 3014 vobis
736 2951 879 3015 adveniat
894 2957 1068 3014 mansuetus
1087 2950 1128 3036 ε).
1146 2951 1213 3012 Dat.

279 3111 312 3180 α)
332 3113 369 3165 lm
390 3110 486 3166 Claros.
501 3111 637 3165 Francisci
650 3111 758 3182 Pippini
771 3111 815 3166 bei
827 3112 990 3165 Muratori
1005 3111 1158 3181 Scriptores
1172 3110 1198 3172 9,
1211 3108 1265 3163 720
1282 3110 1308 3162 ff.
1330 3110 1385 3163 und

190 3203 232 3256 bei
258 3203 480 3283 Scnlrenberg
503 3202 611 3272 imperii
635 3203 675 3255 ius
699 3201 726 3254 in
749 3203 843 3256 Genua
864 3220 891 3271 p.
918 3200 971 3253 236
998 3199 1081 3253 findet
1103 3200 1162 3253 sicb
1185 3200 1227 3252 die
1251 3198 1383 3262 Urkunde,

186 3292 228 3346 die
240 3293 327 3348 dieser
338 3294 443 3347 Formel
457 3311 489 3345 zu
504 3292 612 3347 Grunde
625 3294 699 3363 liegt,
713 3294 760 3346 mit
774 3293 847 3345 einer
860 3292 1018 3360 Einleitung,
1033 3290 1076 3345 die
1092 3294 1172 3344 unten
1182 3291 1239 3343 Fol.
1252 3289 1289 3342 47
1303 3290 1327 3342 d.
1340 3306 1384 3341 no.

94 3422 110 3442 .
186 3384 221 3437 12
243 3385 283 3439 als
306 3383 455 3438 besondere
473 3384 579 3437 Formel
602 3384 716 3436 auitritt.
740 3385 797 3436 Dan
817 3382 1034 3450 Scblussworten
1050 3381 1127 3449 jener
1140 3380 1292 3450 Eioleitung
1314 3381 1385 3433 sicut

186 3476 280 3528 hortus
294 3476 421 3528 scbliesst
439 3475 497 3528 sicb
510 3472 581 3534 dori,
601 3475 654 3527 und
674 3474 698 3526 in
718 3480 799 3527 etwas
819 3473 990 3525 verenderter
1004 3474 1080 3525 Form
1102 3472 1171 3524 auch
1189 3472 1230 3523 bei
1250 3471 1384 3524 Bodmann

154 3552 163 3560 ’
186 3563 521 3634 p.123,iolgenderSatz
539 3581 587 3616 an:
613 3563 733 3629 Qualiter
754 3568 842 3617 autem
861 3562 1023 3632 operationis
1043 3561 1129 3614 divine
1142 3545 1283 3629 mysterio,
1309 3558 1383 3611 cuius

180 3654 290 3707 occulta
302 3652 409 3715 iudicia,
422 3655 561 3707 admiranti
575 3669 640 3706 voce
650 3653 809 3722 prophetica
823 3654 985 3722 imputantur
998 3654 1117 3722 abyssus,
1130 3654 1159 3702 ut
1173 3647 1383 3702 conscendamus

185 3744 218 3796 ad
240 3744 378 3814 imperiale
391 3744 544 3814 fastigium,
566 3760 655 3796 sumus
673 3743 723 3795 iam
736 3743 762 3795 in
775 3743 851 3813 regui
865 3743 933 3796 solio
953 3741 1076 3803 solidati,
1100 3739 1131 3794 ad
1145 3742 1236 3793 vestre
1254 3738 1384 3791 universi·

183 3836 247 3886 tatis
272 3834 395 3886 noticiam
419 3834 469 3885 iam
492 3833 593 3901 pridem
619 3833 733 3886 celebris
755 3834 841 3885 lamas
865 3825 1007 3902 praeconio
1031 3847 1082 3883 nou
1104 3827 1259 3898 ambigimus
1281 3842 1378 3899 perve-

192 3907 270 3978 nisse.
296 3925 317 3977 A
342 3926 410 3978 bono
432 3925 479 3977 illo
502 3924 584 3993 igitur
606 3923 795 3994 patrefamilias
819 3929 869 3977 etc.
896 3923 952 3976 Von
974 3921 1032 3975 bier
1054 3939 1086 3974 an
1109 3920 1144 3973 iat
1167 3920 1214 3972 der
1241 3920 1311 3996 'lert
1336 3917 1381 3973 bei
1441 3914 1445 3919 ’

181 4014 320 4068 'Bodmann
344 4014 404 4068 dsm
427 4014 552 4082 unsrigeu
576 4013 789 4083 gleicblautend‚
812 4013 881 4065 auch
903 4012 956 4064 ibm
975 4010 1065 4065 feblen
1082 4008 1181 4062 Numen
1204 4009 1257 4062 und
1279 4007 1382 4061 Delum.

184 4137 218 4146 -
233 4105 267 4176 β)
280 4106 317 4158 Ea
330 4123 424 4174 nempe
447 4110 496 4158 etc.
520 4105 574 4159 und
597 4105 639 4158 die
662 4104 806 4174 folgenden
831 4104 895 4157 awai
921 4104 1000 4156 Satze
1027 4103 1067 4156 bis
1098 4102 1280 4156 subministret
1292 4098 1391 4153 isbleu*

184 4197 209 4250 in
228 4196 276 4249 der
294 4196 434 4257 Urlnnde,
458 4194 502 4249 die
519 4194 647 4263 iibrigsns
666 4195 734 4249 auch
753 4198 830 4248 sonst
846 4193 934 4263 einige
952 4192 1171 4261 Abweicbungcn
1190 4191 1225 4244 im
1240 4188 1381 4242 Ausdruclr

183 4284 368 4356 metet-n)
390 4285 495 4355 legatos
518 4290 625 4337 nostros
648 4285 795 4343 solemnes,
828 4282 1055 4354 Rodulphum,
1086 4280 1209 4335 curiae
1238 4282 1380 4333 nostrae

139 4453 184 4480 κ.
275 4428 309 4497 o)
323 4426 459 4497 sapiencia
472 4426 616 4480 Bodmaun.
631 4454 664 4465 —
678 4425 710 4494 d)
727 4442 778 4479 non
794 4424 863 4479 labit
877 4424 906 4477 V.

181 4600 507 4613 ——-—-—-—--—---

208 4699 230 4758 ¹)
250 4698 302 4756 lsaj.
314 4699 337 4751 2,
351 4697 373 4742 l.
